2326 3718
799 151 1130 208 RERUM,ET

641 281 746 368 C,

246 405 248 407 >
326 429 476 467 AEsarius
498 429 693 467 Arelatensis
716 431 898 477 Episcopus
923 431 1131 477 videturpri-

297 495 305 505 ⁴
350 493 425 517 mus
445 483 480 516 in
500 483 609 517 Gallia
631 483 706 517 usus
721 482 919 519 Canonibus
944 484 1112 519 Africanis
1125 508 1133 517 .

287 542 371 580 ²47·
397 542 432 571 2·

241 582 424 618 Canonum
445 583 622 623 collectio,
648 594 721 627 quae
743 584 777 618 in
801 584 1043 630 quinquaginta
1054 575 1134 618 titu-

289 633 342 668 los
353 632 523 667 distributa
537 632 744 669 Theodoreti
758 635 912 679 Cyrenlis
930 635 1132 669 nomineex-

247 711 251 716 .
289 692 339 718 tat
348 683 384 717 in
395 684 619 726 manuscripto
633 684 760 718 Codice
772 683 989 720 Bibliothecae
999 685 1112 730 Regiae
1121 708 1132 725 ,

226 745 228 747 ’
288 744 333 768 an
343 734 451 767 revera
463 733 502 766 sit
514 733 721 768 Theodoreti
736 735 916 778 Cyrensis?
942 744 1011 783 123.
1024 743 1045 769 1.
1061 734 1130 769 Cur

288 780 529 818 Theodoretus
545 785 700 826 Cyrenfis
712 784 915 820 Sardicenses
927 786 1084 820 canones
1095 786 1130 819 in

290 832 382 867 suam
392 833 622 869 collectionem
631 835 807 877 conjecerit
819 837 832 868 ἒ
1057 835 1127 869 ibid.

241 882 520 919 Chalcedonensis
531 884 660 928 Synodl
682 885 784 918 latina
802 885 973 920 translatio
991 886 1071 919 facta
1086 885 1130 918 vi·

291 933 389 968 detur
401 934 428 970 -a
439 934 573 981 Juliano
587 935 704 969 Coensi
729 935 893 980 Episcopo
903 961 914 976 ‚
941 946 1009 969 uno
1019 947 1061 970 ex
1074 935 1134 967 Pa-

279 983 398 1018 tri-bus
410 984 688 1019 Chalcedonensis
699 986 847 1020 Concilii
860 1010 867 1017 .
898 1010 900 1013 -
1002 994 1086 1031 2031
1098 996 1130 1021 2·

242 1031 523 1071 Chalcedonensis
544 1035 699 1080 Synodus
721 1059 733 1075 ‚
770 1047 840 1069 non
863 1045 930 1069 tam
956 1035 998 1069 ad
1030 1035 1132 1077 Euty-

246 1099 269 1114 .1
291 1081 398 1117 chetis
407 1082 559 1116 adversus
568 1083 719 1117 Leonem
732 1107 744 1123 ,
770 1082 870 1126 quam
891 1083 931 1119 ad
943 1084 1133 1120 sanetiFla-

290 1130 381 1166 viani
391 1131 432 1166 ad
444 1131 552 1175 ipsum
567 1132 685 1171 fastam
697 1134 952 1177 appellationem
965 1136 1134 1170 retraetan-

290 1180 388 1222 dam,
413 1181 630 1216 fuitindiera.
1010 1184 1088 1234 336.
1101 1197 1132 1223 2-

241 1229 403 1268 Calvinus
416 1231 501 1265 male
511 1231 608 1266 docet
617 1232 787 1268 Romanas
804 1234 1038 1278 appellationes
1054 1248 1134 1270 nun-

250 1292 392 1325 .›quam
414 1281 449 1316 in
474 1281 582 1316 Gallia
602 1307 614 1323 ,
640 1283 674 1317 ὅ(
698 1284 814 1318 Africa
840 1286 935 1319 fuiffe
961 1284 1134 1321 admistas.

291 1339 326 1364 ll.
338 1342 371 1367 2.
393 1331 431 1368 lu
443 1342 509 1376 quo
533 1331 651 1367 statuat
663 1331 998 1383 RomanaeAEccleliae
1011 1337 1135 1370 Prima·

290 1390 365 1415 turn
378 1406 386 1416 .
1058 1385 1132 1421 ibid.

242 1430 359 1470 Caroli
383 1430 482 1467 Calvi
501 1433 640 1468 nomine
656 1433 698 1468 ad
717 1434 881 1480 Joannem
892 1434 986 1471 V111.
995 1437 1135 1481 epistola

292 1480 336 1516 ab
346 1481 534 1518 Hincmaro
545 1484 724 1519 Rhemensi
738 1510 746 1520 .
774 1482 827 1522 82.
842 1492 863 1519 l.
875 1486 956 1521 Non
968 1486 1015 1522 est
1029 1486 1135 1531 palam

291 1533 551 1576 praevaricatoria
568 1558 580 1574 ,
604 1545 682 1571 curn
704 1536 863 1579 supplicet
885 1537 1044 1572 Pontifici
1066 1562 1078 1578 ,
1103 1538 1137 1571 &

249 1610 252 1614 .
290 1582 404 1626 potius
426 1593 542 1618 contra
553 1584 765 1622 clericalium
787 1587 1047 1631 appellationum
1060 1587 1135 1623 abu-

248 1653 250 1656 ·
290 1634 364 1675 sum
393 1634 554 1677 supplicat
577 1659 588 1675 ,
623 1636 723 1681 quam
753 1646 870 1671 contra
904 1637 1115 1672 substantiam
1128 1662 1136 1670 .

292 1679 350 1720 82.
363 1694 400 1719 2.
417 1683 539 1719 Peccat
549 1694 658 1720 tamen
678 1687 770 1731 quod
780 1698 821 1720 ex
835 1687 993 1723 abusuum
1005 1698 1138 1732 praetex-

292 1741 330 1767 tu
342 1733 499 1769 moliatur
513 1736 670 1771 suffocare
682 1737 895 1773 substantiam
907 1764 914 1771 .
1060 1738 1134 1772 ibid.

242 1779 360 1819 Caroli
376 1782 472 1819 Calvi
493 1787 645 1828 profeffio
667 1787 766 1822 fidei.
796 1788 840 1823 81.
856 1798 889 1823 2.
916 1788 1052 1824 Unicus
1073 1787 1138 1822 fere

291 1832 334 1867 ab
353 1832 542 1870 Hincmaro
565 1835 742 1871 Rhemensi
760 1838 1027 1882 circumscriptus
1038 1839 1137 1884 egisse

251 1910 256 1915 .
292 1881 421 1919 videtur
447 1895 564 1922 contra
577 1886 750 1923 Romanas
769 1889 1026 1933 appellationes,
1055 1900 1136 1931 quas

291 1940 403 1968 tamen
416 1934 526 1978 postea
540 1934 706 1969 admittit.
1062 1938 1136 1970 ibid.

242 1981 425 2027 Capreolus
461 1981 730 2028 Carthaginensis
758 1986 940 2029 Episcopus
968 1986 1139 2030 proximus

294 2032 424 2065 Aurelii
454 2033 610 2066 successor
638 2033 803 2067 Bess'ulam
825 2035 1015 2067 Diaconum
1043 2036 1136 2067 suurn

254 2106 258 2109 .
294 2081 383 2114 mifit
394 2081 543 2126 legatum
553 2080 593 2116 ad
609 2081 801 2126 Ephesinam
816 2081 990 2131 Synodum
1003 2108 1010 2115 .
1023 2081 1137 2131 2832.

295 2130 373 2165 Fuit
406 2131 636 2175 integerrimus
663 2131 844 2167 Catholicae
865 2134 1138 2176 communionis,

295 2181 330 2215 &
342 2192 467 2226 magnae
480 2183 564 2225 apud
575 2194 710 2216 omnem
724 2184 897 2217 Ecclesiam
908 2184 1117 2218 authoritatis
1130 2208 1136 2215 .

296 2228 379 2273 284.
396 2243 425 2267 1.
449 2232 542 2266 Duas
564 2233 712 2267 adversus
723 2234 916 2267 Nestorium
937 2235 1056 2278 scripsit
1077 2234 1142 2278 epi·

300 2280 400 2314 stolas
414 2280 621 2315 sanaiffimas
634 2293 671 2315 ac
682 2284 912 2317 eruditiffimas
922 2310 930 2316 .
1008 2282 1086 2331 284.
1107 2293 1138 2319 2.

248 2328 390 2363 Carolus
403 2330 527 2364 Calvus
547 2332 665 2367 electus
687 2334 719 2366 in
734 2333 979 2377 Imperatorem·
991 2346 1083 2369 anno
1099 2336 1140 2368 se-

300 2380 502 2425 ptuagesimo
515 2381 622 2425 primo
634 2383 737 2415 saeculi
749 2382 851 2417 noni.
1042 2382 1095 2421 82.
1114 2396 1140 2420 1-

249 2428 391 2463 Carolus
404 2431 553 2474 Magnus
565 2443 629 2475 qua
644 2432 769 2467 ratione
780 2435 976 2478 cognoverit
987 2434 1028 2468 de
1039 2435 1141 2469 causis

299 2479 540 2515 difficilioribus
552 2481 757 2516 Clericorum
770 2508 777 2515 .
806 2482 861 2518 61.
873 2496 894 2518 ι.
916 2484 953 2517 In
969 2485 1063 2519 nullo
1088 2496 1141 2518 vo-

302 2530 367 2563 luit
380 2531 491 2566 laedere
504 2533 739 2576 appellationes
753 2532 926 2568 Romanas
938 2559 945 2566 .
973 2532 1027 2571 81.
1044 2542 1060 2567 ι.
1081 2535 1143 2569 Ca-

302 2591 433 2615 nonum
453 2580 495 2615 de
507 2582 795 2625 Appellationibus
806 2583 970 2619 Romanis
993 2586 1140 2630 vigorem

302 2630 413 2665 laesum
427 2642 481 2675 per
494 2632 612 2667 Galliae
624 2634 788 2668 invasores
799 2634 909 2681 Reges
931 2634 1084 2670 barbaros
1099 2647 1143 2669 re-

301 2678 399 2715 duxit
411 2682 447 2715 in
461 2682 606 2717 Galliam
619 2709 626 2716 .
1054 2696 1109 2733 33.
1125 2695 1142 2718 ι.

253 2730 446 2767 Cardinales
459 2733 644 2776 Presbyteri
661 2734 779 2768 Rornae
790 2743 936 2778 tempore
947 2736 1063 2779 Optati
1079 2736 1144 2769 Mi-

302 2782 440 2818 levitani
460 2783 699 2829 quadraginta,
725 2785 760 2819 ἀ
782 2785 975 2821 Cardinales
998 2786 1143 2821 Diaconi

304 2834 577 2875 quatuordecim.
1040 2837 1107 2881 163.
1121 2844 1142 2869 1.

256 2880 524 2926 Carthaginensis
546 2883 837 2929 Archi-Episcopi
859 2886 1029 2931 dignitas,
1055 2887 1143 2930 quod

306 2931 396 2965 solus
418 2932 452 2964 in
477 2932 634 2969 Africana
648 2935 789 2969 Ecclesia
808 2936 958 2971 habuerit
984 2937 1118 2979 pallium
1135 2962 1144 2976 ‚

307 2981 480 3025 ipsumque
490 2986 647 3028 acceperit
661 2986 677 3019 ὲ
694 2986 776 3020 Sede
790 2986 983 3030 Apostolica
996 3013 1003 3019 .
1032 2997 1099 3034 ¹72·
1113 3000 1141 3023 2.

256 3030 522 3076 Carthaginensis
547 3034 686 3069 Ecclesia
711 3047 778 3071 non
801 3038 845 3070 est
871 3035 1146 3081 Authocephala‚

306 3081 457 3125 adeoque
479 3083 548 3126 ejus
559 3083 656 3118 Sedes
677 3097 748 3119 non
773 3087 835 3121 fuit
858 3088 942 3122 inter
963 3089 1144 3122 maximas.

307 3140 363 3177 23.
387 3142 418 3166 2-
446 3133 673 3169 Remotiffima
696 3136 758 3170 fuit
775 3135 792 3169 ὲ
806 3136 1018 3173 Patriarchali
1040 3138 1147 3183 digni-

307 3189 374 3215 tate
389 3207 396 3214 .
424 3193 493 3228 152.
505 3195 523 3217 ι.
545 3184 639 3218 Hinc
661 3184 731 3228 ejus
754 3186 931 3232 Episcopus
955 3189 989 3222 in
1005 3188 1148 3232 plenaria

306 3232 368 3265 suae
380 3232 556 3268 Dioecesios
568 3235 709 3278 Synodo
733 3247 803 3270 non
823 3239 936 3273 habuit
952 3239 1147 3283 singularem

308 3282 467 3366 :gut-ionum
480 3306 490 3322 ,
515 3283 567 3318 sed
588 3285 669 3320 sedit
699 3285 845 3333 Collega
866 3290 953 3325 inter
972 3289 1126 3334 Collegas
1143 3313 1148 3319 .

338 3338 349 3364 i
375 3358 383 3366 .

1166 150 1532 196 VERBORUM.

1189 226 1455 274 carthaginenfis
1477 228 1623 266 Ecclefiae
1645 232 1845 280 dignitatem
1865 237 2008 281 graviter
2026 237 2076 272 lae·

1240 281 1350 315 serunt
1361 279 1544 314 Donatistae
1553 305 1561 312 .
1982 285 2041 325 1l8·
2056 297 2075 321 1.

1192 329 1460 374 Carthaginensis
1486 330 1653 367 ‘Ecclesiae
1689 337 1910 382 praerogativa:
1924 359 1926 363 ν
1941 337 2073 377 decem.

1245 377 1320 418 168.
1332 391 1351 414 i.
1364 379 1467 425 (aliq.
1495 382 1621 423 Prima,
1635 386 1838 421 consecratio
1853 386 2076 432 omnium‘per

1242 430 1392 465 Africam
1415 431 1671 475 Episcoporum.
1698 432 1770 466 ibid.
1782 438 1928 471 Secunda.
1953 436 2078 473 Corise-

1242 491 1348 516 cratos
1359 482 1543 526 Episcopos
1559 483 1677 516 referre
1689 481 1844 519 Romam.
1869 488 1951 535 '1¹⁶9-
1966 486 1996 521 ιιῖ
2009 486 2081 522 Tei«

1241 537 1288 564 tra
1301 555 1312 573 ‚
1340 531 1574 566 decedentium
1591 544 1629 567 ac
1641 532 1891 568 succedentium
1906 538 2080 582 Episcopo-

1242 592 1315 615 rum
1338 582 1735 627 Matriculamfaccipere.
1760 584 1835 618 ilud.
1856 587 1978 628 ,Quarta
1999 588 2081 629 judi·

1235 633 1354 676 cium,
1379 643 1416 666 ac
1437 632 1592 667 definitio
1616 634 1834 675 quaestionum
1854 637 1941 670 circa
1963 637 2083 671 succes-

1243 683 1369 718 fionem
1378 681 1586 727 Primatuum
1598 706 1609 722 ,
1638 685 1668 717 3:
1678 685 1836 728 ipsorum,
1850 685 1926 720 licet
1939 686 2029 719 nulla
2040 688 2086 720 es-

1243 733 1290 766 set
1299 733 1533 772 controversia,
1543 734 1773 769 confirmatio.
1804 734 1871 782 169.
1885 746 1917 771 2.
1939 739 2082 780 Qulnra.

1245 781 1407 817 Custodia
1444 782 1622 826 disciplinae
1646 785 1679 818 ἀ
1704 784 1940 820 observationis
1975 787 2085 821 Cano-

1245 843 1346 866 num.
1372 834 1449 867 ibid.
1473 836 1582 868 Sexta.
1610 834 1667 878 Jus
1686 847 1724 869 ac
1744 836 1910 881 obligatio
1934 837 2085 871 visitandi

1245 892 1362 918 omnes
1383 883 1559 918 Africanas
1582 884 1754 920 Ecclesias.
1784 892 1861 933 170..
1878 898 1905 922 1.
1929 888 2063 929 Septima
2077 912 2084 919 .

1245 931 1307 966 Per
1328 944 1467 967 omnem
1487 934 1636 969 Africam
1658 935 1774 970 invitis
1799 936 1967 980 Episcopis
1981 948 2086 972 novos

1245 983 1463 1026 Episcopatus
1483 985 1626 1029 erigere.
1656 983 1729 1018 ibid.
1749 984 1888 1020 OHaziae.
1918 985 2086 1021 Clericum

1244 1032 1387 1067 alienum
1409 1034 1553 1077 eriperes,
1580 1034 1965 1081 &Ecclesiaeindigenti
1991 1037 2084 1071 dare.

1247 1090 1344 1124 171.1.
1366 1087 1480 1119 Nona.
1509 1085 1688 1119 Generales
1705 1087 1767 1120 suae
1789 1086 1909 1122 Gentis
1933 1087 2094 1131 Synodos

1245 1131 1392 1167 indicere
1413 1157 1425 1173 ,
1451 1143 1579 1178 tempus
1600 1136 1635 1170 &
1656 1135 1768 1171 locum
1789 1136 2009 1171 determinare
2032 1138 2088 1171 eis-

1245 1181 1344 1223 dem,
1371 1181 1489 1217 habere
1509 1185 1560 1226 jus
1572 1185 1761 1220 Relationis
1782 1199 1821 1222 ac
1844 1188 2089 1233 praerogativam

1248 1231 1392 1276 suffragii
1403 1255 1410 1263 .
1435 1242 1540 1279 172-1·
1561 1234 1694 1267 Decima.
1706 1237 1811 1281 Qod
1825 1237 2090 1281 Carthaginensis

1248 1281 1431 1326 Episcopus
1453 1281 1719 1326 quibuscumque
1742 1284 1963 1327 synodalibus
1975 1287 2091 1319 litteris

1247 1344 1285 1366 ac
1297 1332 1463 1366 mandatis
1477 1333 1564 1366 solus
1586 1331 1821 1374 subscriberet,
1843 1333 1927 1383 v172.
1939 1348 1969 1372 2.
1993 1335 2093 1369 uade-

1248 1387 1325 1416 cima
1342 1407 1350 1416 .
1375 1382 1545 1416 Omnibus
1572 1394 1628 1426 per
1652 1382 1800 1418 Africam
1825 1385 1981 1419 Ecclefiis
2002 1385 2103 1419 diem·

1249 1431 1442 1467 Paschalem
1455 1433 1635 1477 quotannis
1646 1434 1850 1469 denunciare.
1877 1435 1949 1468 ibid.
1974 1437 2092 1469 Duode-

1250 1487 1344 1516 cima.
1373 1483 1583 1530 Qorurnvis
1598 1484 1880 1520 Monasteriorum
1900 1485 2091 1520 Monachos

1254 1534 1343 1576 posse
1356 1535 1529 1568 transferre
1540 1558 1552 1574 ,
1579 1545 1617 1568 ac
1625 1533 1762 1570 evehere
1782 1536 1816 1570 in
1830 1536 1968 1570 Clerum
1980 1562 1987 1569 .
2015 1534 2090 1569 ibid.

1251 1586 1375 1617 Decima
1385 1590 1478 1618 tertia
1493 1609 1501 1617 .
1530 1584 1634 1631 Qod
1655 1587 1674 1620 a
1687 1586 1805 1630 quovis
1816 1586 2093 1628 Monasteriopo-
2124 1595 2126 1597 ’

1251 1634 1349 1668 tuerit
1366 1634 1445 1679 eligi
1456 1635 1490 1668 in
1503 1634 1711 1678 Superiorem
1726 1660 1733 1668 .
2018 1635 2091 1668 ibid.

1201 1682 1467 1729 Carthaginensis
1478 1685 1661 1729 Episcopus
1682 1686 1752 1729 post
1766 1687 1958 1721 Romanum
1976 1685 2093 1721 Ponti-

1251 1734 1346 1768 ficem
1360 1734 1483 1779 primus
1497 1734 1798 1780 Archi-Episcopus
1811 1763 1821 1779 ‚
1845 1739 1878 1772 ὃ(
1891 1738 1994 1771 totius
2008 1734 2094 1770 Afri-

1250 1795 1294 1818 cae
1307 1786 1470 1819 maximus
1489 1786 1790 1830 Metropolitanus.
1819 1796 1888 1834 155.
1904 1798 1933 1822 2.
1959 1787 2094 1820 Dicitur

1253 1835 1375 1878 primus
1399 1835 1701 1880 Archi-Episcopus
1724 1838 1808 1872 intra
1832 1839 2023 1872 Romanum
2037 1837 2096 1870 Pa-

1250 1883 1465 1920 triarchatum
1489 1911 1495 1918 .
1522 1887 1596 1921 ibid.
1626 1887 1727 1923 Poffit
1755 1901 1796 1923 ne
1817 1887 1882 1922 dici
1915 1888 2094 1931 Episcopus

1253 1934 1494 1975 Episcoporum
1507 1937 1523 1967 ?
1552 1948 1621 1981 ¹54-
1641 1949 1672 1972 1.
1683 1938 1764 1972 Non
1778 1940 1841 1972 fuit
1855 1935 2094 1980 Authocepha—

1254 1983 1326 2021 lus,
1351 1983 1408 2016 sed
1422 1982 1644 2019 patriarchico
1665 1986 1735 2027 jure
1756 1987 1913 2028 subjestus
1937 1986 2096 2019 Romanas

1255 2030 1416 2063 Ecclefiae.
1442 2031 1514 2063 ibid.
1534 2032 1752 2066 Innocentius
1763 2035 2105 2078 lsCarrhaginensemr

1253 2079 1431 2114 Ecclesiam
1454 2081 1576 2122 primus
1600 2082 1696 2125 ponit
1718 2083 1751 2116 in
1773 2084 1888 2118 eadem
1912 2084 2008 2119 classe
2019 2097 2098 2118 curn

1255 2129 1405 2164 Ecclefiis
1416 2129 1571 2174 Hispanis
1584 2155 1596 2172 ‚
1623 2132 1729 2166 Gallis
1739 2157 1750 2174 ‚
1777 2133 1869 2168 Italis
1881 2146 1937 2174 ,ac
1951 2135 2071 2169 Siculis
2083 2161 2090 2168 .

1252 2181 1325 2214 ibid.

1204 2230 1470 2276 carthaginensis
1493 2230 1618 2266 Primas
1637 2233 1679 2267 ad
1704 2234 1894 2269 Romanam
1917 2236 2096 2270 Ecclesiam

1255 2282 1376 2324 semper
1387 2281 1498 2315 retulit
1511 2284 1638 2326 quasvis
1650 2286 1815 2328 graviores
1836 2297 1873 2319 ac
1893 2283 2096 2320 difficiliores

1254 2333 1387 2371 causas,
1414 2332 1592 2375 &quosvis
1618 2334 1658 2367 de
1682 2344 1771 2367 novo
1793 2336 1998 2370 consecratos
2019 2336 2098 2379 Epi-

1253 2382 1388 2425 scopos.
1420 2392 1487 2428 154.
1506 2394 1537 2418 2.
1564 2382 1704 2417 Constat
1725 2396 1767 2417 ex
1789 2385 1884 2419 variis
1908 2384 2098 2428 SanstiCy-

1253 2432 1356 2475 priani
1371 2431 1538 2473 epistolis.
1564 2432 1637 2464 ibid.
1657 2432 1741 2466 Item
1754 2444 1795 2466 ex
1808 2435 1892 2468 fasto
1908 2435 2097 2469 Monachu-

1252 2491 1324 2515 rum
1336 2480 1536 2515 Martiniani
1557 2493 1594 2516 ac
1609 2483 1819 2526 Saturniani,
1849 2485 1935 2518 &ex
1957 2485 2094 2528 epistola

1253 2531 1376 2565 Leonis
1389 2530 1448 2565 lX.
1973 2543 2052 2582 1155.
2066 2547 2095 2572 1·

1204 2581 1469 2626 Carthaginensis
1493 2580 1651 2623 primas,
1680 2594 1721 2616 an
1743 2584 1825 2618 olim
1848 2588 2009 2628 acceperit
2030 2588 2107 2629 pal-1

1253 2632 1334 2665 lium
1347 2632 1364 2665 ὲ
1377 2631 1530 2666 Romana
1547 2633 1711 2667 Ecclesia?
1743 2646 1817 2682 193.
1834 2647 1866 2671 2.
1890 2635 2095 2679 Ubique‘fl'u-

1233 2711 1236 2715 ,
1253 2683 1383 2717 dicatus
1398 2692 1522 2724 poterat
1533 2694 1710 2726 provocare
1737 2687 1777 2719 ad
1790 2685 1903 2720 Sedem
1927 2686 2096 2729 Apostoli-

1252 2745 1340 2767 cam.
1369 2731 1446 2769 228.
1460 2742 1491 2766 2.
1506 2733 1635 2767 Locum
1648 2734 1682 2768 id
1695 2735 1794 2769 etiam
1809 2735 1907 2770 habet
1921 2737 1955 2770 in
1968 2738 2094 2771 cunstis

1255 2785 1411 2817 Afrorum
1428 2784 1614 2827 Episcopis.
2009 2788 2091 2826 libid.

1205 2834 1474 2878 Carthaginenfis
1486 2834 1611 2868 Primas
1632 2838 1756 2878 poterat
1768 2836 1996 2879 Presbyterum
2020 2837 2104 2871 aliem*-

1255 2895 1335 2918 num
1351 2908 1361 2923 ,
1387 2885 1486 2917 etiam
1501 2886 1634 2919 unicum
1652 2910 1661 2926 ‚
1681 2886 1842 2931 indigenti
1857 2887 2094 2931 EcclefiaeEpi-

1255 2935 1388 2977 scopum
1413 2932 1491 2968 dare
1511 2960 1517 2966 .
1551 2936 1683 2982 193.³2.
1708 2937 1883 2971 Potestatis
1907 2937 1999 2971 illius
2017 2937 2099 2971 usu?

1254 2985 1361 3028 plures
1374 2985 1448 3018 lites
1464 2986 1607 3020 causavit
1635 2987 1667 3019 in
1698 2987 1810 3021 Africa
1824 3012 1835 3027 ,
1862 2998 1942 3031 quas
1959 2989 2093 3022 Sanetus

1256 3034 1485 3079 Augustinus,
1512 3047 1567 3079 per
1588 3037 1770 3071 introducta
1784 3038 1994 3073 *Monasteria
2008 3049 2093 3079 ·‚··ac

1256 3085 1392 3119 mirifice*
1405 3085 1511 3119 statim
1527 3087 1763 3130 multiplicata,
1775 3090 1941 3123 extinxit.
1973 3099 2047 3134 172.
2062 3099 2089 3123 1·

1206 3134 1471 3179 Carthaginenlis
1482 3135 1656 3178 primatis,
1686 3138 1872 3182 quaefuerit
1897 3136 2094 3183 potestas'sae

1256 3196 1384 3220 eratum
1395 3184 1670 3221 ordinationum?
1696 3188 1811 3235 ,1654
1826 3197 1952 3233 poterat
1963 3188 2090 3220 alienos

1256 3236 1404 3270 Clericos
1418 3260 1429 3275 ,
1457 3247 1525 3271 non
1548 3236 1726 3273 dumtaxat
1746 3242 1782 3273 in
1802 3241 1891 3273 suam
1917 3238 2090 3272 transferre

1258 3286 1435 3320 Ecclesiam
1455 3311 1466 3327 ,
1495 3286 1548 3321 sed
1575 3287 1935 3334 insuper-:inquamvis
1960 3288 2059 3321 aliam
2078 3311 2086 3319 .

1264 3343 1384 3384 165-2·
1407 3336 1541 3373 Poterat
1562 3339 1718 3382 omnim
1741 3348 1795 3384 per
1818 3336 2090 3420 Africambplebi·

1619 3398 1621 3400 ·
1994 3398 2040 3426 us,
