2326 3718
709 123 987 171 Romanis
1023 111 1594 166 Annuuomaus.

228 202 479 244 provinciarum
498 199 657 241 divifione
668 229 681 246 ,
704 217 777 251 qua
796 202 986 247 Imperatori
1003 200 1110 237 Leoni

229 257 374 303 Sapienti
394 256 506 300 paffim
528 254 738 296 adscribitur,
764 263 995 289 enumerantur
1016 253 1109 297 quin·

229 320 296 353 que
305 307 470 342 Africana
479 305 678 342 Provincia:
706 304 884 348 Byzacium
895 329 905 345 ,
931 302 1110 343 Numidia,

230 359 334 404 prima
347 368 387 392 ac
408 356 547 392 secunda
560 356 760 392 Mauritania
772 378 784 395 ,
808 355 1017 398 &Tripolis.
1044 351 1110 386 Ve-

229 407 305 443 rum
315 405 524 451 Tripolitana
537 405 604 442 haec
614 405 782 451 provincia
803 405 989 440 transfertur
1007 403 1042 437 in
1054 400 1110 435 Pa·

230 455 407 492 triarcham
417 457 679 493 Alexandrinum
689 455 846 500 ,ideoque
856 454 1009 490 Africana
1020 451 1112 486 Dioe·

228 507 308 543 cesis
327 518 397 541 non
419 508 539 542 retinet
558 532 570 549 ,
595 506 653 540 nifi
674 515 817 549 quatuor
833 504 1041 540 Provincias.
1068 500 1111 534 Et

227 557 317 592 inter
338 557 421 601 ipsas
440 556 638 592 Mauritania
659 555 776 591 iterum
797 555 957 591 dividitur
967 554 1001 588 in
1011 550 1111 586 duas.

229 604 495 647 Proconsularis,
521 606 674 640 omnium
685 605 820 651 dignior
841 605 1010 649 &prima,
1035 601 1113 636 Pro-

230 657 342 692 vincia
362 657 587 702 extinguitur,
611 656 731 699 adjedh
750 655 914 699 Byzacio:
941 654 1024 688 Non
1048 649 1113 685 hoc

228 706 301 748 illi,
328 706 449 743 sedilia
470 705 551 740 huic
577 705 782 751 adjungitur.
807 703 910 752 Quod
920 712 1114 747 nempeorn·

229 754 399 793 nesferme
417 756 486 800 ejus
507 757 677 797 civitates,
701 753 876 798 &quidem
900 754 1003 798 ipsam
1015 753 1115 787 etiam

227 805 469 851 Carthaginem
489 831 501 847 ,
526 806 669 840 obscoeni
693 805 844 840 Saraceni
869 803 1116 840 destruxissent.

228 856 357 892 Eadem
369 857 409 891 de
430 857 523 891 causa
534 856 635 900 prima
648 855 849 890 Mauritania
868 853 968 890 babet
983 854 1116 887 unicam

229 906 399 941 civitatem
426 931 438 947 ‚
464 907 605 941 secunda
639 906 810 940 dumtaxat
850 902 1093 946 quatuordecim
1106 924 1118 941 ,

228 955 370 1000 ideoque
380 956 497 990 mirum
507 957 549 988 est
563 954 677 987 harum
690 953 937 988 Provinciamm
957 952 1116 986 unionem

229 1007 324 1041 fuisse
337 1005 474 1039 solutam
487 1016 498 1036 :
523 1003 668 1037 Forsitan
680 1012 811 1046 propter
819 1002 989 1036 civitatum
1001 1001 1116 1036 distan-

228 1054 311 1089 tiam
320 1077 328 1085 .
355 1053 399 1086 Et
411 1053 495 1086 inter
505 1052 587 1096 ipsas
598 1052 689 1086 variae
700 1051 822 1087 habent
832 1053 949 1097 ignota
958 1051 1096 1086 nomina
1107 1075 1114 1083 .

227 1102 341 1138 Credo
351 1103 414 1137 esse
424 1101 544 1146 oppida
555 1111 611 1137 aut
623 1102 722 1137 castra
733 1127 744 1143 ,
759 1102 793 1137 in
805 1113 877 1147 quae
887 1102 1116 1137 destructarum

228 1154 400 1188 civitatum
412 1151 566 1196 Episcopi
587 1154 656 1187 suas
670 1152 850 1187 Cathedras
870 1153 1116 1187 transtulerant.

229 1202 290 1238 Est
303 1214 372 1237 non
384 1202 554 1238 dumtaxat
567 1202 784 1238 Ecclesiastica
796 1229 807 1245 ‚
835 1203 888 1237 sed
901 1203 1000 1237 etiam
1012 1202 1118 1236 civilis

229 1252 348 1288 divisio
372 1278 380 1286 .
407 1253 513 1287 Lucet
539 1264 581 1287 ex
609 1252 676 1288 hoc
703 1253 829 1288 titulo:
856 1254 915 1287 Sub
935 1251 1119 1297 gloriosissimo

230 1302 376 1337 Exarcho
383 1300 436 1345 seu
449 1302 586 1344 Prgsefflo
598 1303 699 1346 Africq
709 1328 716 1335 .
744 1304 797 1337 Ex
813 1315 882 1347 quo
892 1313 980 1347 patet
994 1302 1119 1337 institu-

230 1363 300 1388 tam
319 1353 338 1386 ὲ
348 1352 480 1396 Magno
493 1353 676 1396 Justiniano
687 1353 911 1388 Praefesturam
930 1353 1120 1388 etiamtunc

228 1402 450 1448 permansisse.

283 1451 405 1486 infelix
433 1451 570 1494 Africa,
594 1464 695 1497 quam
722 1453 871 1488 laudatus
890 1449 1120 1496 Iustinianusa

231 1501 415 1537 miseranda
438 1500 703 1537 Wandalorum
729 1504 883 1538 servitute
905 1502 1121 1540 liberaverat,

231 1550 293 1587 sub
306 1550 492 1596 Iustiniano
503 1552 646 1588 secundo
657 1553 779 1588 cecidit
793 1553 827 1586 in
840 1552 940 1598 longe
952 1551 1059 1597 magis
1068 1550 1121 1584 de·

228 1601 428 1646 plorandam
451 1603 640 1637 servitutem
658 1603 841 1647 Impiorum
864 1603 1099 1637 Saracenorum
1112 1625 1119 1632 .

231 1651 285 1685 Hi
306 1651 364 1683 suo
374 1660 467 1683 more
489 1650 558 1684 illic
567 1650 796 1685 destruxerunt
815 1651 946 1685 omnia.
975 1651 1121 1684 Postmo-

231 1699 280 1735 do
290 1709 402 1735 tamen
425 1699 539 1734 eadem
559 1700 667 1735 eidem
689 1701 874 1745 Justiniano
895 1700 1120 1735 restituerunt-

233 1749 285 1786 At
293 1748 371 1784 vero
380 1749 448 1793 ejus
458 1749 624 1785 Successor
636 1750 799 1786 Leontius
817 1750 927 1785 denuo
938 1751 1040 1785 amisit
1050 1761 1121 1785 om·

233 1801 316 1841 nia,
340 1809 440 1843 atque
462 1800 508 1835 ita
534 1801 605 1835 Leo
615 1802 750 1846 Sapiens
771 1802 805 1835 in
827 1810 897 1836 tota
910 1801 1024 1836 Africa
1038 1799 1121 1834 nihil

233 1849 368 1895 penitus
389 1850 558 1894 potestatis
580 1850 696 1886 habuit
720 1878 727 1884 .
753 1852 863 1898 Qare
886 1862 1006 1886 novam
1038 1849 1123 1885 hanc

235 1900 430 1935 divisionem
444 1901 554 1944 potins
564 1901 605 1935 ab
618 1901 680 1935 isto
693 1901 876 1946 Justiniano
886 1902 1002 1936 fastam
1015 1900 1125 1939 credo,

235 1961 335 1996 quam
346 1950 460 1985 abillo
472 1950 603 1986 Leone.
635 1952 799 1987 Existimo
821 1953 910 1996 quod
922 1952 1024 1996 ipsam
1045 1951 1126 1985 fece·

236 2002 281 2035 rit
291 2001 384 2044 juxta
402 2000 521 2035 statum
532 2026 544 2042 ‚
572 2002 606 2035 in
617 2013 684 2046 quo
706 2003 828 2046 recepit
839 2004 857 2036 a
870 2003 1036 2037 Saracenis
1046 2027 1054 2034 .
1082 2001 1125 2035 Et

239 2050 331 2094 juxta
356 2050 441 2085 hanc
462 2051 660 2086 divisionem
685 2053 784 2086 Nilus
797 2053 1026 2096 Doxopatrius
1037 2052 1070 2084 in
1084 2051 1127 2084 li-

241 2099 303 2134 bro
324 2100 365 2134 de
384 2101 530 2143 quinque
540 2100 815 2135 patriarchatibus
836 2102 945 2136 scribit
956 2098 1129 2146 Carthagi·

240 2160 319 2183 nem
330 2150 392 2183 esse
405 2150 440 2183 in
451 2148 625 2185 Provincia
636 2151 770 2195 Byzacii
782 2174 790 2183 .

291 2198 336 2232 Et
358 2198 439 2233 hinc
460 2199 676 2244 intelligimus
698 2201 950 2236 fundamentum
963 2225 974 2242 ‚
1000 2212 1042 2235 ex
1063 2213 1128 2245 quo

239 2248 480 2282 Gummitanus
499 2248 682 2293 Episcopus
701 2249 785 2293 apud
808 2252 958 2285 Sanctum
980 2251 1128 2285 Leonem

239 2308 370 2332 nonum
390 2297 589 2334 Pontificem
613 2298 785 2344 praetendit
802 2300 865 2334 esse
881 2299 1008 2334 Primas
1028 2302 1130 2334 totius

240 2347 422 2383 Dioecefios
433 2373 444 2388 ,
471 2348 504 2382 δε
515 2348 811 2394 Carthaginensem
824 2350 1026 2394 Episcopum
1047 2350 1065 2384 a
1077 2351 1128 2383 sua

241 2396 406 2442 dignitate
416 2397 606 2432 excludere.
635 2400 727 2446 Qia
748 2410 864 2445 nempe
885 2399 1130 2434 Proconsularis

241 2447 421 2483 Provincia
440 2457 507 2481 erat
516 2447 639 2491 adjecta
650 2449 794 2491 Byzacio
804 2474 815 2491 ,
843 2449 985 2493 ideoque
998 2443 1129 2484 videbass

241 2507 294 2534 tur
304 2496 421 2532 debere
433 2499 524 2542 sequi
536 2510 606 2533 non
617 2498 755 2543 amplius
768 2501 856 2534 suam
868 2499 1030 2543 propriam
1039 2525 1050 2541 ,
1077 2500 1128 2535 sed

241 2551 384 2583 formam
407 2548 587 2590 Byzacenae
613 2549 796 2584 Provinciae
818 2575 825 2582 .
853 2548 1039 2585 Videbatur
1063 2549 1131 2593 ejus

241 2598 460 2643 Metropolita
481 2610 520 2634 ac
530 2598 730 2635 primatialis
752 2600 893 2644 potestas
905 2611 973 2634 non
993 2601 1132 2644 amplius

243 2648 463 2693 Carthagini,
491 2650 660 2692 praesertim
679 2650 939 2693 jamdestrustae,
964 2652 1028 2686 esse
1037 2662 1133 2686 anne-

242 2710 304 2739 xa,
318 2699 371 2732 sed
384 2699 473 2743 sequi
485 2700 646 2733 seniorem
658 2700 856 2744 Episcopum
871 2725 880 2734 .
906 2700 954 2735 At
967 2701 1043 2735 vero
1052 2712 1132 2737 tunc

243 2749 482 2783 Gummitanus
493 2758 560 2783 erat
572 2750 698 2784 senior.
712 2750 805 2785 Hinc
817 2751 974 2786 discimus
983 2753 1018 2786 dc
1031 2752 1132 2787 aliud:

242 2799 376 2843 Nempe
407 2797 580 2834 adductam
601 2799 855 2835 Provinciarum
889 2801 1044 2836 notitiam
1070 2804 1133 2837 esse

245 2850 396 2883 mutilam
406 2874 416 2890 ,
426 2860 482 2884 aut
492 2849 579 2885 certe
599 2851 851 2885 Gummitanam
862 2853 1030 2887 civitatem
1039 2853 1133 2887 fuisse

245 2897 435 2933 etiamtunc
445 2899 686 2941 desim-stam&
701 2912 758 2945 pro
772 2902 837 2944 ipsa
847 2903 985 2946 exprimi
995 2902 1130 2946 aliquod

246 2945 315 2988 ejus
326 2948 462 2983 castrum
476 2961 531 2984 aut
542 2950 702 2995 oppidum
718 2977 725 2983 .
747 2951 879 2986 Etenim
891 2954 1018 2987 constat
1031 2953 1133 2996 ipsam

246 2995 341 3030 fuisse
351 2997 386 3030 in
397 2998 540 3041 Byzacio
550 3023 561 3039 ,
580 3002 616 3036 ὃς
627 3002 747 3037 notitia
759 3003 885 3036 nullam
897 3002 966 3046 ejus
977 3004 1058 3036 facit
1069 3014 1134 3038 me-

246 3046 407 3080 moriam.
431 3049 604 3095 Qidquid
617 3052 677 3093 sit,
705 3053 942 3088 Gummitanus
954 3053 1134 3098 Episcopus

247 3097 328 3179 suani
355 3097 431 3131 licet
453 3099 580 3135 forsitan
604 3101 769 3136 destrustae
792 3128 803 3145 ,
830 3104 975 3138 civitatis
997 3103 1132 3138 retinuit

249 3156 312 3181 [ιω
329 3157 403 3180 um.

357 3447 461 3489 christ.
475 3454 554 3494 Lupi
567 3455 664 3494 Opera
683 3455 715 3484 Τ.
729 3457 757 3486 V
758 3457 772 3486 1
776 3458 809 3486 Π.

1895 128 1989 188 149

1357 267 1707 317 CAPUT
1798 273 1870 318 II.

1262 412 1478 479 Exponitur
1513 405 1743 457 Hierarchia
1777 407 1967 472 Africanae

1515 477 1707 544 Ecclefiae.

1238 653 1288 686 Ex
1299 652 1365 688 isiae
1376 651 1558 688 Provinciae
1566 650 1651 697 apud
1673 648 1773 686 Afros
1785 650 1914 685 fuerunt
1928 658 1995 683 non
2008 649 2059 682 so·

1261 701 1433 738 lummodo
1452 703 1585 741 civiles,
1611 702 1664 738 sed
1685 703 1784 736 etiam
1807 699 2054 735 Ecclefiasticae.

1178 752 1234 786 Est
1260 763 1309 787 res
1336 752 1605 796 exploratissima.
1635 753 1679 787 Et
1699 752 1831 786 fuerunt
1850 750 1957 794 quoad
1983 747 2061 793 Epi·

1178 802 1320 847 scopales
1341 802 1521 838 Cathedras
1541 802 1818 838 numerosiffimae.
1847 800 1980 835 Etenim
2004 809 2061 843 per

1179 851 1335 896 Iacobum
1357 853 1569 889 sirmondum
1592 852 1723 897 vulgata
1747 851 1866 886 notitia
1878 849 2063 886 Provincias

1181 902 1404 938 Proconsulari
1426 903 1668 949 quinquaginta
1692 910 1832 947 quatuor
1856 924 1867 940 ,
1893 898 2065 935 Numidiae.

1178 964 1310 987 centum
1322 953 1442 997 viginti
1454 954 1598 997 quinque
1610 972 1629 994 ,v
1647 951 1793 997 Byzacio
1802 960 1936 986 centum
1956 951 1989 984 ἀ
2003 956 2066 983 tre³

1179 1003 1285 1037 decim
1307 1026 1319 1042 ,
1345 1003 1554 1037 Mauritaniae
1573 1002 1767 1038 Caesaraeensi
1786 1010 1921 1036 centum
1945 998 2065 1044 viginti

1180 1053 1234 1087 sex
1247 1076 1258 1093 ,
1284 1052 1494 1086 Mauritaniae
1515 1052 1659 1087 Sitifenfi
1671 1051 1886 1097 quadraginta
1904 1059 2066 1094 quatuor,

1180 1101 1361 1137 Provinciae
1381 1101 1602 1146 Tripolitanae
1624 1102 1760 1146 assignat
1772 1103 1920 1145 quinque
1940 1098 2067 1135 Cathe-

1180 1152 1285 1187 drales
1306 1150 1464 1186 Ecclefias
1477 1176 1485 1183 .
1513 1150 1558 1185 Et
1576 1161 1728 1185 numerus
1750 1151 1877 1184 videtur
1887 1152 1951 1185 effe
1970 1148 2068 1184 muti-

1181 1204 1250 1238 lus.
1278 1202 1414 1237 Etenim
1439 1202 1472 1235 in
1488 1200 1683 1236 Caesaraeensi
1707 1199 1883 1233 Provincia
1904 1200 2068 1234 omittitur

1182 1254 1247 1297 ipsa
1260 1251 1405 1287 Ecclefia
1427 1251 1655 1286 Caesaraeenfis.
1686 1248 1988 1293 EtCarthaginenfi
2003 1249 2069 1290 Sy·-

1182 1303 1292 1342 nodo,
1318 1311 1417 1346 quam
1440 1313 1481 1336 ex
1502 1301 1570 1336 sola
1591 1302 1646 1335 sua
1657 1299 1833 1335 Provincia
1854 1307 1969 1333 contra
1980 1296 2071 1332 Pela-

1180 1355 1299 1399 gianos
1323 1351 1501 1387 celebravit
1533 1350 1661 1385 Primas
1682 1349 1837 1384 Aurelius
1857 1372 1868 1388 ‚
1895 1348 2072 1383 adfuerunt

1183 1402 1336 1447 Episcopi
1359 1402 1527 1446 sexaginta
1547 1402 1625 1436 osto
1647 1427 1655 1434 .
1682 1400 1776 1446 Qin
1804 1399 1895 1434 istius
1921 1398 2073 1438 notium,

1184 1455 1237 1487 seu
1249 1452 1390 1497 catalogi
1401 1449 1519 1485 author
1530 1475 1542 1491 ‚
1567 1452 1703 1488 Sanctus
1714 1449 1830 1485 Victor
1841 1447 1985 1484 Vitensis
1996 1445 2074 1491 Epi·

1185 1505 1321 1546 scopus,
1348 1503 1382 1536 in
1398 1502 1504 1545 primo
1517 1501 1719 1537 Wandalicae
1729 1499 1962 1544 persecutionis
1985 1497 2074 1533 libro

1184 1551 1294 1587 scribit
1306 1553 1340 1585 in
1355 1551 1583 1586 proconsulari
1599 1561 1678 1586 tunc
1691 1550 1868 1585 Provincia
1879 1550 1973 1585 fuisse
1994 1547 2076 1592 Epi·

1184 1604 1298 1647 scopos
1318 1611 1451 1636 centum
1477 1601 1646 1645 sexaginta
1673 1609 1813 1645 quatuor
1842 1624 1849 1631 .
1876 1600 1922 1633 Et
1944 1597 2073 1632 videtur

1185 1664 1253 1687 non
1269 1652 1310 1686 de
1322 1651 1460 1686 Sedibus
1481 1651 1593 1694 loqui,
1620 1651 1672 1685 sed
1694 1650 1736 1685 de
1759 1648 1982 1694 superstitibus
1993 1656 2075 1682 tunc

1187 1700 1379 1745 Episcopis‚
1407 1701 1548 1742 ideoque
1569 1703 1676 1742 plures
1698 1700 1793 1733 fuisse
1803 1697 1916 1733 Sedes.
1945 1697 2077 1740 Ejusde

1184 1750 1386 1785 Mauritania
1406 1749 1603 1783 Caesaraeensi
1625 1747 1724 1782 isthic
1740 1747 1864 1781 distum
1894 1747 2077 1781 concordat

1184 1801 1337 1846 catalogo
1350 1814 1360 1833 .·
1388 1798 1528 1843 Ctesi-ens
1541 1823 1552 1839 ‚
1579 1799 1824 1841 Metropolitanus
1851 1801 2022 1840 Aquitaniae
2038 1800 2080 1830 ci-

1187 1856 1317 1892 vitatis,
1344 1859 1462 1884 centum
1480 1855 1592 1894 vigim}
1616 1847 1771 1892 Episcopis
1786 1848 1915 1891 praeest.
1942 1847 2079 1891 Legen-

1187 1902 1266 1936 dum
1277 1902 1342 1936 est:
1372 1904 1569 1934 Mauritanlae
1578 1905 1735 1934 civitam.
1764 1898 1931 1942 Loquitur
1942 1896 1983 1931 de
1997 1897 2078 1931 Gei-

1187 1952 1284 1987 zerici
1308 1952 1452 1997 Regno,
1478 1961 1511 1984 at
1536 1948 1614 1984 vero
1628 1950 1799 1994 catalogus
1809 1949 1879 1994 agit
1891 1948 1934 1982 de
1956 1946 2080 1992 Regno

1190 2002 1377 2037 Hunuerici
1400 2025 1408 2033 .
1435 2000 1589 2036 Crescens
1613 2000 1741 2035 videtur
1761 2010 1843 2035 tunc
1867 1997 1961 2033 fuisse
1986 2008 2082 2032 mor-

1189 2063 1265 2086 tuus
1285 2075 1295 2084 .
1319 2052 1364 2087 Et
1384 2062 1495 2086 tamen
1523 2060 1637 2095 praeter
1662 2051 1716 2085 sex
1740 2059 1891 2084 mortuos
1911 2047 2083 2093 catalogus

1191 2111 1339 2136 numerat
1361 2111 1494 2135 centum
1507 2101 1627 2146 viginti
1649 2101 1741 2134 vivos
1762 2100 1968 2144 Episcopus,
1994 2097 2084 2151 ideo:

1191 2163 1255 2195 que
1274 2152 1319 2185 est
1342 2151 1523 2185 differentia
1543 2149 1656 2195 quoad
1677 2161 1803 2184 unum.
1830 2148 1923 2183 ld'em
1938 2147 2083 2183 victoris

1192 2202 1274 2236 liber
1295 2211 1443 2236 numerat
1463 2200 1548 2235 duos
1567 2199 1801 2244 Tripolitanos
1825 2200 2006 2244 Episcopos
2022 2196 2084 2232 Vi-

1191 2251 1444 2285 ceffebrarenum
1459 2274 1470 2290 ,
1497 2251 1531 2284 ὃς
1553 2250 1772 2285 Cresconium
1790 2250 1924 2284 Eusem.
1955 2249 2084 2294 Legen-

1191 2301 1270 2335 dum
1285 2300 1349 2335 est:
1379 2300 1569 2343 Creftonium
1591 2298 1730 2343 oensem.
1758 2300 1828 2334 Hic
1839 2299 2023 2335 habeturin
2035 2309 2087 2332 ca·

1192 2351 1309 2396 talogo
1330 2375 1341 2391 ,
1367 2350 1454 2385 deest
1491 2349 1569 2384 vero
1601 2349 1885 2385 Viceffebrarenus
1908 2373 1919 2390 ‚
1946 2348 2087 2392 ideoque

1193 2401 1342 2445 Tripolis
1354 2398 1469 2435 habuit
1491 2401 1598 2443 plures
1609 2411 1709 2445 quam
1721 2399 1866 2444 quinque
1887 2400 2085 2443 Episcopus.

1197 2451 1238 2485 Et
1259 2450 1300 2485 ad
1322 2450 1453 2484 tertiam
1486 2449 1782 2494 Carthaginensem
1805 2450 1979 2492 synodum
2000 2448 2088 2483 dixit

1194 2500 1318 2534 Primas
1340 2499 1517 2535 Aurelius:
1545 2503 1581 2532 In
1603 2501 1740 2541 Tripoli,
1764 2507 1799 2532 ut
1821 2500 1981 2542 asseritur,
2007 2501 2086 2540 Epi·
2103 2507 2182 2539 eam
2197 2517 2245 2546 39,

1189 2550 1268 2594 scopi
1284 2549 1358 2594 sunt
1371 2556 1502 2593 qulnque
1511 2550 1736 2583 tantummodo.
1766 2548 1878 2582 Voces
1891 2573 1902 2589 ,
1928 2546 1967 2582 Ue
1991 2549 2086 2592 asserh-

1193 2612 1262 2643 tur,
1274 2601 1409 2635 edicunt
1424 2600 1527 2644 ipsum
1541 2601 1582 2634 de
1592 2599 1674 2634 vivis
1685 2609 1780 2644 agere
1795 2598 1966 2642 Episcopis
1976 2624 1986 2639 ‚
2014 2611 2085 2634 non

1194 2653 1235 2686 de
1257 2650 1505 2695 Episcopalibus
1521 2649 1716 2684 Cathedris.
1744 2648 1880 2683 Etenim
1903 2649 2087 2684 Dioecesios

1193 2701 1318 2736 Primas
1331 2701 1446 2746 nequit
1461 2700 1673 2743 subjectarum
1685 2699 1743 2734 sibi
1766 2700 1900 2734 Sedium
1912 2708 2086 2734 numerum

1195 2751 1375 2797 ignorasse.
1404 2750 1449 2785 Et
1473 2751 1507 2785 in
1537 2750 1786 2795 Carthaginensi
1801 2750 1992 2785 Collatione
2005 2749 2088 2785 Rus-

1193 2802 1335 2836 finianus
1359 2802 1471 2836 Scriba
1492 2800 1579 2835 dixit
1597 2801 1639 2835 de
1660 2800 1869 2843 praesentibus
1900 2800 2088 2835 Catholicis

1197 2852 1365 2895 Episcopis
1392 2864 1398 2883 :
1425 2850 1587 2885 Catholicae
1606 2857 1708 2893 parm
1731 2849 1872 2894 Epfiopr
1893 2875 1904 2891 ,
1926 2850 2087 2894 secundum
2105 2849 2168 2881 Lib.
2200 2862 2226 2881 1.

1190 2901 1432 2946 subscriptionem
1451 2900 1518 2935 buic
1539 2904 1638 2936 Brevi
1661 2899 1829 2944 insertam,
1857 2901 2021 2941 efficiuntur
2033 2902 2087 2933 du-
2110 2893 2181 2930 C2P·
2200 2902 2265 2927 ²¹4·

1194 2958 1270 2986 renti
1289 2951 1453 2996 sexaginta
1471 2950 1528 2994 sex
1542 2977 1549 2984 .
1578 2955 1725 2993 Exceptis
1746 2950 1792 2983 his
1814 2961 1886 2992 quos
1911 2951 2014 2983 dicunt
2026 2962 2087 2985 nec.

1196 3005 1267 3036 dum
1276 3001 1484 3046 subscripfiffl.
1512 3002 1554 3036 Et
1567 3001 1602 3035 hi
1616 3011 1708 3036 erant
1722 3000 1860 3045 viginti.
1890 3000 1933 3034 Et
1945 3001 2014 3044 post
2029 2999 2088 3035 ho‘

1197 3065 1269 3087 rum
1292 3063 1401 3087 coram
1427 3052 1564 3086 Comite
1577 3049 2027 3086 Marcellinoexhibitionem
2038 3050 2087 3085 di-

1197 3104 1249 3137 xit
1261 3104 1393 3137 Sanctus
1416 3102 1547 3145 Alipius
1558 3100 1768 3145 Tagastensis
1782 3101 1981 3144 Episcopus:
2009 3103 2088 3134 Scri·

1195 3152 1324 3195 ptumfit
1335 3154 1473 3185 ducentos
1486 3156 1596 3195 viginti
1610 3149 1770 3195 Episcopus
1783 3152 1834 3194 effi·
1842 3149 1978 3193 absentes
1989 3177 1999 3193 ‚
2012 3163 2085 3193 quar

1198 3212 1252 3237 aut
1273 3202 1455 3245 infirmnm,
1482 3211 1538 3234 aut
1560 3209 1660 3242 aetas,
1687 3211 1741 3235 aut
1751 3202 1828 3235 certe*
1839 3202 1982 3241 neceffitas
2006 3203 2088 3235 deti-

1199 3260 1279 3288 καῖε.
1311 3254 1354 3287 Et
1367 3251 1623 3286 Fortunatianus
1634 3252 1789 3286 Siccensis
1801 3251 1981 3295 Episcopus
1998 3251 2089 3286 addi-

1200 3304 1265 3338 dit:
1294 3306 1457 3346 Sexaginta
1469 3310 1593 3344 quatuor
1606 3301 1776 3336 Cathedra:
1793 3301 1936 3336 habemus
1950 3314 2086 3336 vacuar.

1201 3354 1342 3388 Proinde
1354 3348 1542 3392 cathedrae,
1569 3363 1648 3395 quas
1660 3363 1740 3387 tunc
1751 3352 1920 3387 detinebat
1941 3351 2088 3386 Catholi-

1200 3415 1236 3439 ca
1259 3402 1402 3440 Ecclesia
1425 3427 1437 3444 ‚
1459 3412 1551 3438 erant
1573 3404 1759 3447 quingentae
1791 3402 2013 3447 septuaginta.
2044 3400 2087 3440 Et

1648 3453 1683 3487 N
1735 3463 1756 3500 3
1967 3460 2038 3483 non
