2326 3718
705 146 985 190 ROMAms
1022 135 1584 189 irminnomnus.

242 228 332 264 nales
354 227 540 272 Diaconos.
572 223 671 260 Adeo
680 225 816 268 antiqua
835 223 910 257 sunt
932 221 1020 256 istius
1031 221 1120 256 Cleri

245 288 398 314 numerus
422 277 456 310 δι
471 277 713 321 magnificentia
725 300 732 306 .
759 274 810 308 Ex
821 272 887 307 istis
898 272 1041 307 Bafilicis
1053 272 1123 306 Do·

244 328 366 363 naristae
376 327 501 360 nullam
513 337 689 370 potuerunt
700 323 849 360 invadere
860 348 868 355 .
895 324 987 358 Hinc
1002 321 1123 366 spelun-

244 389 310 413 cam
321 377 559 420 quandamforis
571 380 592 411 ἃ
603 382 725 412 civitate
728 373 877 419 gradibus
886 372 1039 419 sepserunt
1048 396 1060 412 ,
1074 372 1123 404 ubi

241 425 306 471 ipso
316 436 443 469 tempore
455 429 700 462 conventiculum
711 424 820 458 babere
838 424 992 468 potuiffent
1001 447 1009 456 .
1036 423 1123 455 Unde

244 476 415 521 Montenses
427 478 574 521 appellati
579 476 652 520 sunt
664 500 671 507 .
696 476 887 510 invaserunt
908 472 1016 509 nescio
1032 470 1123 514 cujus

242 528 368 563 montis
392 539 448 563 aut
459 529 546 572 rupis
559 527 743 570 speluncam
756 550 766 565 ,
792 524 887 560 isthic
898 525 1060 559 latuerunt
1086 533 1123 556 ut

243 577 487 622 vespertiliones
501 601 512 617 ,
536 577 571 612 &
582 585 773 620 peregerunt
786 577 840 610 sua
851 574 1003 618 sacrilega
1019 573 1122 607 Sacra.

243 628 341 663 Hinc
361 629 448 672 ipsos
459 629 629 662 Romanus
642 625 778 669 populus
790 636 843 669 per
866 624 1060 660 sarcasmum
1071 632 1124 665 ap-

243 678 377 722 pellavit
387 676 577 714 Montenses
587 702 597 718 ,
623 676 810 719 Rupitanos
821 700 832 715 ,
856 685 912 709 aut
923 673 1101 717 Rupezitas
1113 696 1122 704 .

243 728 341 763 Istius
361 726 516 771 Episcopi
537 728 694 771 spectrum
721 725 897 769 appellavit
924 723 1123 767 Episcopum

242 777 458 813 Montensem
468 802 480 819 ‚
493 787 550 811 aut
562 777 767 820 Rupitanum
777 799 785 807 .
813 774 910 809 istam
923 772 1124 809 Cathedram

242 827 378 863 Sanetus
388 828 532 872 Optatus
542 826 682 871 appellat
695 823 892 861 Cathedram
912 823 1104 868 pestilentiae
1118 846 1125 854 .

242 876 299 911 Ex
318 889 386 922 quo
408 878 495 912 lucet
516 879 685 921 praefatum
697 875 897 911 Petilianum
909 885 977 909 non
999 874 1062 908 effe
1072 883 1127 907 au-

241 927 374 961 thorem
386 926 476 962 istius
487 926 680 970 blasphemat
691 925 908 959 contumeliae.
934 922 1127 960 Donatistae,

242 986 285 1011 ex
298 989 365 1021 quo
377 978 509 1011 sanctus
523 975 609 1018 Papa
621 971 827 1008 Melchiades
841 974 1014 1008 Donatum
1034 973 1053 1006 a
1066 971 1124 1005 Ca·

242 1025 410 1069 sis-Nigris
421 1026 456 1059 δε
465 1035 601 1059 omnem
616 1023 806 1058 Fastionern
818 1023 989 1057 damnavit
999 1047 1010 1064 ,
1036 1022 1126 1066 peffi-

241 1074 297 1111 me
313 1075 456 1109 oderunt
476 1073 593 1108 Sedem
619 1072 848 1118 Apostolicam
861 1098 872 1114 ‚
898 1073 1066 1117 ipsamque
1087 1072 1129 1106 la-

241 1134 370 1160 trarunt
390 1124 454 1158 else
475 1122 679 1162 Cathedram
701 1122 891 1167 pestilentiae
914 1148 921 1156 .
948 1122 1128 1157 Praesertim

240 1174 443 1210 Petilianus·
470 1174 541 1209 Hic
552 1171 787 1217 blasphemiam
797 1172 941 1208 omnino
961 1174 1085 1217 accepit
1110 1173 1129 1206 a

241 1225 310 1261 suis
323 1223 506 1268 Majoribus
518 1248 530 1265 ,
554 1224 742 1268 studuitque
754 1234 933 1269 propagare
942 1246 953 1263 ‚
977 1225 1010 1258 δε
1025 1223 1133 1266 impri-

242 1286 332 1311 mere
354 1275 507 1309 omnium
529 1274 667 1310 animis.
695 1273 977 1317 Adversusipsam
1000 1274 1143 1318 Sanstus

242 1327 389 1369 Optatus
409 1325 519 1359 scribit
547 1325 665 1359 Romae
689 1325 834 1358 omnino
858 1324 921 1358 esse
931 1322 1143 1358 Cathedram'

241 1374 456 1419 pestilentiae:
484 1374 612 1410 Verum
626 1373 740 1408 nonin
754 1373 824 1415 eius
835 1373 980 1407 Bafilicis
991 1397 1002 1414 ‚
1029 1373 1082 1407 sed
1096 1373 1130 1406 in

241 1424 367 1460 Monte
376 1449 388 1466 ,
399 1424 496 1468 Rupe
504 1447 515 1463 ‚
531 1436 569 1459 ac
580 1423 742 1468 Spelunca
754 1423 1006 1458 Donatistarum
1018 1449 1025 1455 .
1053 1424 1092 1457 Sa
1098 1435 1130 1456 n-

242 1475 287 1511 ἂὶ
304 1474 465 1518 Cypriani
477 1474 692 1518 Episcopatus
702 1473 788 1517 apud
799 1472 1038 1518 Carthaginem
1048 1473 1133 1507 vidit

241 1524 329 1559 aiios
354 1524 549 1559 Montenses
570 1537 578 1557 ι
615 1524 807 1558 Fastionern
834 1523 1022 1557 Feliciffirni
1046 1547 1057 1563 ‚
1085 1522 1130 1556 sui

243 1574 391 1611 Diaconi
404 1599 412 1607 .
440 1573 496 1608 Est
517 1573 599 1609 alibi
619 1574 781 1618 exposita.
813 1573 858 1607 Et
869 1585 938 1608 non
960 1574 1077 1617 spesiat
1091 1572 1132 1607 ad

242 1625 431 1670 praesentem
443 1625 612 1658 materiam
623 1649 632 1657 .
1122 1636 1129 1640 s

293 1673 437 1708 istorum
449 1673 676 1708 Montenfium
690 1673 927 1716 Episcoporum
951 1675 1133 1717 frequenter

242 1724 398 1759 meminit
410 1724 511 1758 etiam
523 1724 656 1758 sanstus
669 1723 886 1768 Augustinus.
913 1723 951 1757 in
965 1724 1082 1758 litteris
1092 1724 1132 1757 ad

243 1773 406 1811 illustrem
420 1773 541 1808 Virum
569 1774 774 1808 Generosum
785 1783 954 1809 enumerat
974 1785 1092 1808 omnes
1106 1772 1131 1807 ‘a

242 1825 363 1859 Sansto
388 1824 488 1858 Petro
513 1824 678 1868 Apostolo
705 1825 804 1867 usque
826 1824 867 1859 ad
879 1835 958 1858 tunc
969 1824 1131 1859 sedentem

70 1875 223 1916 Episs.165.
243 1875 451 1910 Anastafium
464 1876 637 1909 Romanos
651 1874 854 1914 Pontifices,
883 1875 918 1908 ὅ(
941 1875 1069 1919 pergit.-
1097 1879 1134 1908 In

242 1925 296 1960 boc
307 1927 408 1959 ordine
413 1923 586 1969 succ-efflonis
597 1926 697 1959 nullus
715 1924 870 1965 Donansta
890 1923 1056 1967 Episcopus
1080 1931 1133 1958 in-

241 1982 366 2011 venitur
380 1998 390 2015 ‚
411 1974 470 2020 sed
480 1988 518 2010 ex
529 1973 700 2019 transverso
713 1981 746 2008 in
759 1974 862 2017 Africa
884 1976 1059 2008 ordinatum
1080 1980 1132 2008 mi·

241 2025 367 2069 strunt,
394 2031 443 2069 qui
451 2032 556 2068 paucis
565 2023 726 2067 praefia'ens
748 2024 835 2067 Afris
865 2031 897 2058 in
918 2025 995 2059 Urbe
1016 2029 1132 2065 Roma,

245 2075 439 2116 Montenfium
455 2098 465 2114 ‚
490 2078 540 2110 vel
551 2080 764 2115 cuzipitarum
795 2075 968 2108 vocabulum
985 2083 1133 2118 propaga-

238 2130 313 2161 vit.
340 2125 397 2159 Est
415 2124 589 2159 mendum.
617 2123 816 2169 Legendum
837 2124 905 2158 est:
932 2127 1132 2165 Rupitarum.

245 2175 458 2219 Augustinus
485 2187 527 2210 ex
552 2175 671 2208 Sancto
690 2176 818 2216 Optato
832 2198 844 2214 ‚
869 2183 926 2207 aut
950 2175 1037 2208 certe
1058 2185 1133 2209 cum

243 2225 318 2267 ipso
327 2226 464 2260 affirmat
476 2225 618 2267 primum
631 2223 816 2258 istiusmodi
830 2224 1029 2266 Episcopum
1040 2225 1133 2258 fuisse

243 2273 433 2307 ordinatum
444 2273 478 2306 in
494 2273 608 2307 Africa
618 2297 629 2312 ,
641 2274 675 2307 δε
687 2273 798 2316 paucis
809 2272 900 2306 Afris
911 2273 1128 2309 transmissum

243 2324 285 2360 ad
299 2324 429 2359 Urbem
444 2347 454 2362 ,
480 2323 600 2366 quibus
620 2323 783 2365 placuerat
807 2321 931 2356 Urbica
950 2333 1132 2357 commora—

243 2374 294 2407 tio
305 2400 312 2406 .
339 2374 421 2419 Qo
434 2384 580 2415 tempore
593 2371 625 2406 id
638 2374 757 2407 factum
770 2372 868 2407 fuerit
882 2372 1023 2417 ,ignoro
1038 2398 1045 2406 .
1073 2373 1129 2407 Est

241 2435 293 2457 res
317 2426 450 2467 antiqua
468 2449 474 2455 .
503 2422 638 2456 Etenim
663 2422 876 2463 Macrobius,
902 2421 1007 2456 homo
1019 2434 1132 2464 vetu5‚

240 2474 336 2508 istius
348 2473 536 2507 intrusionis
548 2472 611 2506 fuit
622 2471 832 2506 solummodo
842 2483 990 2515 quartus.
1019 2474 1130 2521 Qare

242 2524 305 2558 ista
326 2523 522 2557 transmisfio
545 2521 673 2557 videtur
687 2523 767 2555 facia
783 2523 818 2555 in
831 2522 970 2556 exordio
981 2522 1131 2557 schisma-

243 2575 303 2608 tis.
336 2574 430 2607 Hinc
441 2573 576 2608 sanetus
590 2572 795 2616 Augustinus
809 2573 843 2605 in
856 2571 943 2606 libro
966 2570 1007 2606 de
1029 2574 1130 2608 unico

238 2623 288 2659 Ba
294 2624 413 2667 ptismo
423 2623 561 2668 exponit
570 2622 743 2657 laudatum
752 2622 858 2656 Sancti
870 2620 1068 2658 Melchiadis
1079 2622 1130 2667 Ju-

241 2675 367 2710 dicium
383 2698 394 2713 ,
420 2674 454 2707 &
466 2673 688 2718 prosequitur:
715 2676 761 2707 De
773 2683 829 2715 quo
831 2673 962 2717 Judicio
976 2684 1041 2706 cum
1063 2676 1130 2707 Ma·

81 2712 165 2751 'cap‘
185 2716 319 2767 ¹⁶-j0res
341 2723 465 2763 istorum,
478 2723 717 2765 importuniffimae
737 2728 913 2764 pervicacia
935 2723 1129 2764 Constantino

241 2779 425 2818 Imperatori
436 2781 650 2816 quererentur,
677 2774 759 2816 quod
770 2785 828 2806 non
840 2774 931 2816 plen?
941 2798 953 2814 ,
979 2784 1032 2808 nec
1051 2774 1130 2808 rede

242 2824 348 2867 suerat
368 2830 576 2859 examinatum
599 2832 690 2865 atque
718 2824 924 2865 depromptum
942 2846 955 2863 ‚
989 2823 1069 2858 nibil
1090 2826 1129 2859 de

249 2874 425 2910 Melchiadts
444 2876 606 2908 traditione
620 2896 631 2913 ,
656 2873 707 2907 vel
727 2872 942 2916 thurificatione
963 2875 1128 2910 dixerunt.

250 2923 303 2955 Aa
318 2926 402 2965 cujus
425 2926 611 2959 audientiam
636 2935 687 2958 nec
698 2931 803 2958 venire
823 2930 924 2965 utique
941 2925 1135 2967 debuerant,

249 2972 303 3007 boc
310 2975 407 3014 potiris
431 2985 484 3009 aut
489 2973 677 3020 Jiaggerentes
688 2979 886 3017 Imperatori,
907 2983 961 3007 aut
974 2984 1010 3007 ut
1022 2973 1130 3020 siaegge-

250 3030 366 3056 veretur
376 3023 514 3065 instantes
527 3049 538 3065 ,
563 3027 643 3068 quod
651 3026 734 3068 apud
741 3026 918 3059 traditorem
926 3026 1066 3058 Codicum
1075 3028 1130 3059 Di*-

250 3079 391 3107 vinorum
401 3095 411 3112 ‚
429 3075 783 3118 &Idolorumssacuficus
802 3082 992 3118 inquinatum
1008 3074 1128 3119 causam

246 3123 335 3167 suam
345 3134 429 3167 agere
439 3134 494 3156 non
506 3124 643 3159 deberem
654 3151 662 3159 .
692 3131 769 3160 Cum
780 3124 832 3159 hoc
840 3128 908 3170 crgo
920 3137 971 3161 nec
982 3124 1127 3170 antesug-

246 3174 385 3218 gesserint
397 3197 408 3213 ,
435 3184 484 3207 nec
493 3173 679 3217 posteaquam
687 3185 791 3210 contra
800 3187 847 3210 eos
856 3185 914 3219 pro
923 3178 1071 3210 ceciliano
1076 3179 1128 3217 ju-

250 3224 380 3256 dicatum
390 3222 426 3263 est
438 3246 448 3262 ‚
469 3221 577 3266 saltem
589 3225 661 3258 villi
683 3228 717 3260 Θ
737 3231 810 3259 irati
830 3227 1126 3269 objiciendumputa-

251 3279 328 3312 rint,
339 3274 414 3316 quid
424 3284 497 3306 nunc
506 3278 610 3306 inanes
624 3283 687 3307 tam
693 3275 759 3318 sero
768 3277 941 3310 connecqunr
952 3278 1127 3317 calumnias,

249 3321 335 3365 quasi
356 3325 561 3357 &innocentia
573 3325 739 3364 ceciliam,
764 3326 938 3360 Melchiadis
940 3331 972 3372 J
975 3329 1068 3360 udicis
1080 3328 1127 3360 de-

248 3375 421 3407 coloratione
438 3372 568 3415 fuscetur
582 3398 592 3414 ,
620 3375 655 3407 (9⁶
675 3372 740 3416 ipsa
753 3378 888 3409 Romana
906 3376 1031 3417 Eccleſsa
1042 3401 1052 3417 ‚
1078 3376 1127 3409 ubi

250 3431 303 3457 nec
314 3424 459 3457 damnare
469 3434 645 3467 quemquam
658 3420 712 3467 suo
721 3426 924 3470 qualicumque
929 3429 962 3469 J
964 3427 1057 3460 udicio
1073 3435 1126 3469 po-

1899 152 1990 201 163

1180 228 1302 255 ruerunt
1316 245 1326 261 ,
1350 231 1402 255 nec
1409 221 1539 262 aliquem
1544 219 1666 264 suorum
1678 224 1762 258 vetut
1774 225 1911 260 inlocum
1923 224 2063 270 surroga-

1180 283 1212 305 rc
1221 272 1383 311 damnati,
1405 280 1508 304 contra
1516 282 1603 313 quem
1609 275 1783 313 pauciffimis
1797 274 1882 318 Afris
1890 274 2063 319 partissuae

1179 323 1276 364 primo
1286 325 1507 356 Intervemores
1516 322 1702 356 adventitios
1706 322 1821 363 furtim
1832 327 1974 371 longeque
1995 330 2065 359 mit-

1181 372 1286 406 iebant
1299 395 1310 410 ,
1332 382 1404 414 quos
1429 374 1612 406 Petilianum
1633 377 1810 406 nominatim
1845 385 2067 410 commemorare
2121 404 2123 406 .

1183 434 1242 455 non
1258 423 1395 464 puduit,
1420 423 1509 456 donec
1529 423 1662 466 decepta
1668 421 1828 465 plebecula
1833 432 1969 468 proprios
1995 431 2072 470 Epi·

1180 471 1279 516 scopos
1300 474 1478 506 ordinarent
1490 497 1499 506 .

1233 523 1353 557 Scribit
1375 522 1466 567 plura
1488 520 1574 557 bend¹
1601 522 1749 558 notanda
1769 549 1778 559 .
1805 521 1920 558 Primo
1943 549 1955 565 ‚
1981 525 2073 568 quod

1184 573 1372 616 posteriores
1386 572 1568 607 Donatistae
1575 573 1618 608 ad
1630 573 1854 608 evacuandum
1868 583 1924 608 aut
1936 574 2075 608 circurn-

1185 623 1389 658 scribendum
1403 621 1601 658 Melchiadis
1610 623 1785 659 Pontificis
1794 625 1836 659 de
1849 625 1905 659 sua
1917 625 2075 659 Fastione

1184 673 1352 717 Judicium
1376 674 1536 717 coeperint
1561 674 1688 718 ipsum,
1715 675 1975 711 utiensznetum
1986 674 2077 708 Mar·

1185 722 1344 758 cellinum
1362 748 1374 763 ‚
1398 724 1546 759 accusare
1571 725 1613 759 de
1649 725 1738 768 lapsu
1761 750 1773 767 ,
1797 723 1978 760 traditione
1999 747 2011 764 ‚
2036 734 2076 759 ac

1186 771 1452 809 thurificatione.
1479 774 1524 808 Et
1545 774 1606 808 ista
1626 775 1796 810 calumnia
1816 776 1916 810 fidem
1946 774 2079 809 invenit

1186 821 1272 866 apud
1283 824 1412 868 aliquos
1422 824 1523 859 etiam
1533 822 1752 865 CatholicoS‚
1779 827 1814 860 δε
1837 825 1933 860 nobis
1954 824 2079 869 peperit

1189 874 1414 909 Sinuessanam
1444 874 1620 918 synodum
1647 900 1655 908 .
1684 874 1838 911 Secundo
1870 875 2080 921 Augustinus

1190 923 1298 958 scribit
1322 924 1418 959 istam
1436 925 1637 959 calumniam
1658 925 1723 960 effe
1743 925 1829 960 adeo
1850 925 2079 965 manifestam,

1189 984 1227 1007 ut
1246 974 1311 1016 ipse
1335 975 1490 1009 Donatus
1514 975 1534 1009 a
1546 974 2011 1021 Calis-Nigris,Melchiadem
2024 986 2083 1018 po-

1191 1022 1355 1057 stulaverit
1378 1025 1413 1057 in
1436 1023 1608 1066 Iudicem,
1633 1038 1672 1061 ac
1685 1025 1863 1069 etiamjam
1882 1026 2061 1062 damnatus
2069 1047 2084 1064 .

1191 1072 1337 1117 adeoque
1356 1073 1541 1118 graviffime
1549 1076 1691 1109 offensus
1702 1087 1771 1118 non
1782 1076 1880 1111 fuerit
1892 1077 1986 1110 ausus
2006 1085 2085 1118 pro·-

1191 1133 1341 1166 rutnpcre
1358 1125 1393 1157 in
1418 1123 1512 1157 istam
1532 1125 1770 1159 contumeliam
1789 1151 1797 1158 .
1826 1125 1966 1167 Tertio,
1992 1123 2086 1168 qnod

1191 1173 1291 1208 iidem
1325 1173 1422 1218 primi
1447 1172 1632 1208 Donatistae
1663 1174 1807 1209 eundem
1839 1174 2087 1216 Melchiadem,

1192 1234 1248 1258 aut
1272 1225 1423 1268 quemvis
1445 1224 1550 1258 alium
1573 1222 1773 1259 Pontificem
1786 1234 1847 1258 nec
1857 1224 2015 1259 damnare
2027 1236 2089 1260 un·

1193 1284 1293 1318 quam
1304 1275 1558 1318 praesumpserint
1568 1274 1611 1308 de
1624 1274 1714 1318 lapsu
1730 1299 1741 1315 ,
1767 1285 1830 1308 nec
1841 1273 1884 1309 ab
1894 1274 1967 1309 aliis
1979 1284 2090 1318 potue-

1194 1325 1259 1358 rint
1272 1324 1445 1368 impetrare
1456 1324 1686 1359 damnandum
1699 1350 1707 1357 .
1734 1324 1867 1372 Quarto
1877 1347 1887 1363 ‚
1914 1322 2005 1367 quod
2019 1323 2092 1358 nul-

1194 1374 1263 1408 lum
1271 1375 1402 1408 suorum
1416 1375 1585 1417 potuerint
1596 1373 1760 1409 intrudere
1770 1377 1805 1408 in
1818 1374 2009 1409 Romanam
2028 1373 2091 1408 Ca-

1196 1423 1366 1458 thedram.
1395 1423 1553 1472 Qinffi,
1579 1425 1670 1469 quod
1694 1435 1803 1460 tamen
1829 1425 1977 1460 Romam
1998 1424 2092 1458 miso-

1196 1477 1261 1509 rint
1285 1476 1550 1511 interventores.
1578 1476 1730 1519 Antiqua
1755 1475 1929 1519 disciplina
1952 1474 2094 1509 viduata

1198 1524 1368 1565 Ecclefiae,
1394 1536 1432 1558 ac
1455 1525 1554 1560 etiam
1566 1526 1718 1569 suspenso
1741 1525 1909 1570 Episcopo
1921 1525 2021 1560 dabat
2032 1523 2094 1559 Vi-

1197 1575 1379 1610 fitatorem.
1406 1574 1585 1609 Refiorem
1603 1575 1798 1609 Vicarium.
1827 1576 1992 1610 Vicinum
2018 1576 2095 1618 pat-

1197 1626 1255 1659 s1m
1273 1625 1494 1669 Episcopum.
1522 1625 1596 1659 Afri
1608 1624 1767 1660 dederunt
1779 1625 1881 1659 etiam
1903 1625 2069 1660 Clericum
2081 1649 2096 1663 -.
2146 1659 2148 1661 ,

1198 1676 1241 1709 Et
1265 1676 1447 1709 istiusmodi
1470 1676 1644 1709 Rectorem
1655 1675 1866 1719 appellabant
1890 1675 2097 1710 intervento-

1196 1736 1263 1758 rem
1284 1749 1293 1756 .
1319 1724 1400 1757 Hoc
1420 1722 1466 1757 est
1487 1747 1498 1762 ‚
1525 1724 1697 1757 Rectorem
1726 1725 1941 1769 inter-Regni
1963 1750 1971 1757 .
1999 1725 2096 1759 Hine

1194 1786 1275 1819 ergo
1295 1772 1477 1808 Donatiflae
1496 1784 1552 1808 aut
1563 1774 1682 1808 Sancto
1694 1772 1904 1815 Melchiadi,
1930 1783 1989 1808 aut
2008 1775 2095 1809 San-

1197 1826 1250 1859 cto
1272 1824 1437 1868 Sylvestro
1458 1824 1587 1868 ,quod
1621 1823 1670 1858 sui
1688 1823 1889 1858 Praecefforis
1926 1824 2096 1867 Judicium

1196 1875 1418 1909 confirmasset
1441 1874 1476 1908 in
1492 1873 1674 1910 Arelatensi
1685 1874 1823 1918 Synodo
1838 1899 1848 1916 ‚
1874 1885 1972 1919 quem
1984 1874 2098 1920 degrav-

1195 1925 1272 1960 dare
1283 1935 1350 1958 non
1366 1933 1516 1968 poterant
1526 1948 1540 1966 ,
1566 1924 1773 1970 abnegarunt
1795 1925 2070 1961 communionem
2081 1945 2097 1966 ,

1196 1976 1301 2020 ipsum
1310 1975 1396 2019 quafi
1419 1973 1676 2019 suspenderunt,
1701 1974 1903 2009 &miserunt
1923 1973 2093 2009 interven-

1196 2037 1302 2061 torem
1315 2051 1323 2058 .
1351 2026 1429 2060 Erat
1440 2026 1495 2059 via
1506 2024 1549 2060 ad
1559 2023 1834 2071 degradationem
1847 2050 1855 2059 .
1884 2026 1974 2060 Nam
1987 2025 2021 2060 δε
2032 2025 2095 2060 Ce-

1196 2076 1345 2116 ciliano‚
1368 2085 1547 2118 antequam
1566 2074 1781 2121 degradarent
1794 2100 1806 2116 ‚
1830 2076 2095 2112 interventorem

1196 2125 1353 2160 dederant
1365 2149 1373 2158 .
1399 2125 1502 2159 Hanc
1514 2125 1708 2160 Africanam
1720 2125 1892 2160 audaciam
1906 2137 1949 2160 nc
1969 2125 2095 2160 mireris

1196 2176 1232 2209 in
1249 2174 1435 2210 Donatistis
1447 2199 1455 2207 .
1481 2175 1618 2210 Etenim
1631 2174 1673 2210 de
1685 2174 1873 2210 Catholicis
1891 2177 1991 2210 etiam
2010 2176 2093 2210 Prae-

1197 2224 1319 2259 sulibus
1341 2224 1451 2259 scribit
1485 2226 1521 2258 in
1553 2223 1728 2260 Chronico
1760 2225 1876 2260 Victor
1908 2226 2091 2269 Episcopus

1195 2274 1455 2309 Tonnonenlis:
1484 2274 1621 2316 Africani
1644 2275 1794 2317 antistites
1816 2276 1957 2320 Vigilium
1978 2280 2091 2309 Roma-

1195 2336 1267 2358 num
1286 2323 1466 2367 Episcopum
1479 2348 1491 2364 ,
1515 2326 1722 2360 damnatorem
1741 2331 1834 2359 trium
1852 2328 2062 2368 Capitulorum
2074 2350 2089 2367 ‚

1192 2386 1226 2409 re
1240 2385 1346 2408 ervaro
1354 2379 1576 2417 eipoenitentiae
1585 2376 1665 2417 Ioco,
1690 2376 1874 2416 synodaliter
1895 2379 1916 2408 ἃ
1932 2375 2092 2410 Catholica

1192 2430 1390 2457 communione
1401 2425 1554 2458 recludunt
1563 2450 1571 2457 .
1587 2425 1700 2460 Etiam
1713 2425 1848 2470 quidam
1859 2426 1980 2460 fastiofi
1992 2427 2089 2469 Sym-

1193 2474 1315 2509 macho
1327 2473 1486 2507 Pontifici
1498 2497 1511 2515 ‚
1525 2474 1605 2508 dum
1616 2474 1679 2509 fuit
1690 2475 1845 2509 dedustus
1858 2476 1890 2507 in
1906 2476 2086 2517 Judicium,

1192 2525 1396 2559 extorserunt
1408 2524 1427 2558 ὲ
1441 2523 1535 2568 Rege
1547 2523 1768 2559 Theoderico
1778 2525 1847 2558 dati
1860 2524 2082 2559 Vifitatorem.

1193 2574 1236 2609 Et
1257 2574 1342 2608 liber
1362 2573 1571 2608 Pontificalis
1582 2573 1695 2608 addit:
1720 2576 1965 2618 ,QuodCanones
1984 2574 2086 2617 probi·

1193 2626 1262 2658 beni
1277 2650 1285 2657 .
1314 2623 1447 2658 Etenim
1471 2624 1664 2661 Romanum
1685 2623 1885 2659 Pontificem
1907 2636 2008 2660 nemo
2027 2637 2086 2669 po-

1193 2675 1252 2710 test
1263 2674 1427 2719 judicare,
1452 2673 1629 2714 damnare,
1656 2684 1711 2709 aut
1730 2675 1937 2719 suspendere.
1967 2676 2084 2710 Dona-

1191 2725 1273 2761 tistae
1294 2724 1398 2770 igitur
1419 2734 1627 2768 patraverunt
1649 2725 1789 2760 eandem
1814 2726 2009 2760 audaciam.
2037 2726 2084 2760 Et

1190 2773 1325 2821 quidem
1347 2774 1519 2809 succeffive
1531 2776 1689 2810 miserunt
1700 2776 1808 2819 plures
1821 2776 2058 2811 interventores
2070 2800 2083 2816 ,

1190 2837 1333 2871 quorum
1352 2826 1507 2860 omnium
1531 2826 1667 2860 nomina
1682 2824 1865 2862 Petilianus
1885 2827 2031 2870 expressit
2044 2828 2082 2860 in

1193 2878 1251 2911 suo
1272 2875 1357 2909 libro
1371 2900 1378 2907 .
1403 2875 1508 2910 Sexto
1519 2875 1726 2921 Augustinus
1738 2876 1848 2910 scribit
1859 2900 1871 2917 ,
1897 2876 1988 2919 quod
2011 2876 2082 2910 Do-

1189 2925 1311 2961 natistae
1334 2926 1481 2960 Romam
1502 2926 1638 2961 tandem
1659 2926 1805 2961 miserint
1822 2937 1892 2960 non
1905 2926 2082 2961 dumtaxat

1190 2977 1450 3017 interventores,
1477 2976 1532 3010 sed
1559 2976 1706 3020 proprios
1719 2975 1915 3020 Episcopus.
1944 2976 2078 3018 Nempe

1190 3026 1362 3063 Victorem
1383 3025 1598 3061 Garbiensem
1620 3050 1633 3068 ‚
1654 3027 1691 3060 ἀ
1713 3027 1806 3070 supra
1823 3026 1985 3070 expressos
2009 3025 2078 3069 ejus

1190 3078 1404 3112 Succesiores.
1433 3077 1671 3110 interventores
1692 3075 1887 3120 pauciffimis
1898 3077 1959 3110 suae
1979 3077 2078 3120 partis

1189 3127 1299 3169 Afris,
1326 3127 1473 3170 proprios
1495 3126 1678 3170 Episcopos
1688 3126 1845 3161 miserunt
1860 3126 2001 3171 decepta:
2011 3127 2076 3170 ple-

1189 3178 1308 3212 beculae
1318 3202 1325 3209 .
1355 3176 1447 3209 Dum
1460 3175 1578 3219 nempe
1588 3176 1767 3219 pauciffimi
1779 3176 1830 3210 illi
1848 3177 1976 3221 aliquos
1988 3178 2078 3211 sedu-

1189 3238 1303 3263 xerant
1317 3252 1327 3268 ,
1348 3236 1445 3269 atque
1466 3225 1512 3259 ita
1534 3227 1699 3261 evaserant
1721 3227 1756 3262 in
1768 3228 1911 3271 aliquam
1926 3227 2079 3271 plebecu-

1190 3278 1255 3313 lam
1281 3304 1292 3310 .
1318 3277 1451 3311 Horum
1470 3275 1734 3312 interventorum
1766 3279 1962 3313 memoriam
1990 3279 2075 3311 solus

1190 3328 1287 3363 nobis
1306 3327 1509 3362 conservavit
1526 3327 1663 3362 Sanctus
1675 3328 1881 3372 Augustinus
1895 3352 1906 3368 ,
1934 3328 2075 3371 ideoque

1189 3378 1341 3413 debemus
1354 3376 1410 3421 ipsi
1422 3376 1542 3421 gratias
1554 3402 1561 3409 .
1587 3378 1783 3412 Dolendum
1795 3379 1840 3412 est
1854 3402 1864 3418 ,
1891 3376 1980 3421 quod
1994 3379 2001 3410 i
2006 3377 2074 3420 pso-

1189 3439 1260 3464 rum
1273 3429 1370 3464 etiam
1383 3426 1517 3462 nomina
1529 3427 1569 3462 ad
1584 3439 1646 3463 nos
1657 3439 1725 3463 non
1746 3428 1972 3508 transmisgit.

1932 3485 2024 3509 orun-
