2326 3718
65 518 136 554 1..3.
153 517 224 551 C.7.

79 1565 156 1606 Cap.
176 1575 187 1596 ι
198 1572 221 1595 r.

690 114 969 160 ROMAms
995 115 1602 160 Appettmromnus.

242 204 364 239 tificem
379 201 493 238 libello
506 216 516 236 :
543 204 631 246 Apud
641 204 745 237 sedem
763 201 949 246 Apostolicam
966 201 1118 247 nibilage-

240 259 389 298 reposui,
414 260 486 295 quia
508 259 535 287 is
549 276 559 292 ,
583 260 635 296 qui
656 254 701 286 ad
719 265 785 287 eam
804 261 1042 295 provocaverat,
1067 255 1116 286 de-

237 304 304 349 fuit
316 327 326 342 ,
352 314 435 346 quem
447 313 615 347 oportuerat
627 310 726 346 utique
735 301 788 346 sue
795 305 1003 346 appellationis
1013 310 1119 337 merita

229 349 397 402 -prosgqui',
422 356 555 388 maxime?
564 365 627 388 cum
640 353 718 387 nibil
726 363 830 397 agente
846 356 1043 396 appellatore,
1073 351 1123 397 se·

236 405 367 437 >cundum
385 409 476 438 etiam
498 404 646 438 humanas
664 406 744 447 leges
772 428 782 443 ‚
804 403 935 447 superior
949 402 989 445 fit
1004 403 1120 447 semper

242 453 293 487 ille
306 479 316 495 ‚
336 461 386 497 qui
399 460 490 488 vicit.
519 456 561 489 Et
572 455 743 489 Facundus
758 454 999 489 Hermianensis
1010 455 1044 488 in
1058 454 1121 497 By-

242 515 361 539 zacena
383 506 468 549 apud
497 506 596 539 Afros
619 504 793 538 Provincia
817 505 1014 549 Episcopus:
1037 508 1121 538 Inve-

241 560 325 588 nient
351 558 484 589 Beatum
508 558 664 588 Zozimum
687 578 698 593 ‚
725 554 876 596 apostolice
899 555 983 588 sedis
1005 552 1122 590 Antisti-

240 614 301 638 rem
314 629 325 645 ,
350 616 452 640 contra
466 605 573 637 'santii
594 609 754 637 Innocentis
766 607 921 647 Decefforis
940 602 989 646 sui
1007 602 1121 646 senten·

240 660 317 687 tiam
328 680 339 695 ‚
365 661 537 697 quiprimus
553 654 877 698 Pelagianamhqrefim
887 656 1096 687 condemnavit
1111 677 1122 692 ,

235 705 330 747 fidem
340 703 423 746 ipfius
433 706 567 748 Pelagii,
600 703 718 747 ejusque
730 706 874 746 complicis
888 703 1003 743 celestii
1015 726 1025 742 ,
1035 715 1122 745 quem

239 761 272 787 in
282 754 404 795 Ecclefia
413 754 646 798 Carthaginenfi
653 754 818 788 convitium
832 778 842 794 ‚
867 765 958 797 atque
970 755 1121 795 appellan—

238 815 299 838 tem
321 805 509 846 apostolicam
524 807 624 838 sedem
636 829 647 845 ,
675 806 709 838 Θ
723 802 784 847 lpse
807 804 902 845 Gestis
926 801 1096 847 disi-usserat
1113 826 1123 841 ,

237 856 387 897 tanqutim
398 866 503 888 veram
532 857 565 889 (55
577 853 762 887 catholicam
783 855 957 888 laudantem
969 879 979 895 ,
1006 851 1122 896 insuper

235 909 328 937 eriam
341 904 494 947 Africanos
514 907 682 947 culpantem
693 903 853 947 Episcopo:
867 929 878 944 ,
903 905 985 946 quod
1003 904 1043 937 ab
1059 904 1120 936 illis

239 953 357 995 heretici
365 956 551 988 crederentur
565 978 574 993 ‚
599 965 664 987 cum
678 955 802 986 necdum
817 952 872 994 ipfi
877 953 1029 994 Africanis
1046 955 1122 994 Epi-

234 1003 331 1048 scopis
341 1006 421 1036 dolos
429 1015 527 1037 eorum
550 1005 642 1036 multo
654 1002 839 1044 manifestius
851 1001 1050 1046 detegentibus
1064 1011 1122 1034 me·

236 1063 365 1086 moratos
398 1054 554 1096 Pelagium
585 1053 619 1087 ὦ*
640 1051 790 1090 celestium
819 1060 945 1095 putaret
972 1050 1121 1085 Ortbodo-

231 1111 308 1135 tros.

286 1149 435 1185 Laudata
456 1148 725 1195 Carthaginenfis
743 1151 897 1194 Synodus
918 1152 981 1186 fuit
1010 1151 1121 1187 habita

234 1209 327 1236 anno
337 1201 539 1235 duodecimo
551 1202 659 1244 quinti
671 1201 777 1235 saeculi
787 1227 795 1234 .
817 1202 943 1238 Marius
956 1202 1123 1236 Mercator

233 1250 375 1285 affirmat
386 1251 521 1285 adfixisse
531 1251 643 1285 Patres
662 1251 890 1295 &Episcopos
914 1253 1004 1286 istius
1017 1252 1122 1297 regio-

238 1301 292 1335 nis
312 1326 321 1333 .
350 1300 493 1336 Videtur
520 1301 703 1346 intelligere
722 1302 825 1336 solam
852 1301 1120 1338 proconsularem

235 1349 467 1385 Provinciam.
498 1351 632 1385 Etenim
648 1352 783 1386 Sanctus
805 1350 1012 1396 Augustinus
1036 1377 1046 1393 ‚
1072 1363 1123 1386 or-

235 1400 383 1435 dinarius
396 1400 567 1435 Numidiae
584 1401 626 1438 ad
646 1402 814 1446 generales
835 1402 991 1446 Synodos
1013 1402 1124 1448 Lega-

235 1460 292 1485 tus
303 1472 315 1490 ,
341 1451 376 1484 iu
395 1449 481 1486 libro
500 1451 542 1485 de
560 1449 672 1486 Gestis
683 1451 809 1497 Pelagii
832 1452 949 1487 diserte
962 1452 1070 1487 scribit
1080 1452 1123 1487 de

236 1499 304 1538 hac
321 1498 486 1544 Synodo:
513 1500 569 1535 Ubi
591 1504 711 1544 quidem
732 1501 794 1544 ipse
816 1514 874 1535 non
891 1502 962 1544 fui.
994 1502 1123 1536 Eodem

238 1549 274 1586 in
286 1550 402 1585 libello
413 1550 542 1585 scribit:
571 1551 711 1590 celestius
734 1554 942 1597 adjudicium
965 1551 1126 1596 Carthagi-

237 1600 334 1643 nenfis
357 1601 480 1643 Ecclefie
501 1600 663 1644 perductus
688 1626 700 1642 ,
740 1602 952 1645 Episcoporum
975 1601 1126 1646 sententia

237 1653 451 1687 condemnatus
461 1649 518 1690 est.
545 1651 701 1694 Appellat
724 1651 989 1696 Carthaginenfis
1014 1653 1127 1687 Eccle-

233 1700 286 1748 siae
297 1700 460 1745 Judicium
472 1726 483 1742 ‚
509 1711 608 1744 atque
619 1702 664 1735 ita
677 1703 800 1738 indicat
813 1702 906 1736 fuisse
919 1703 1024 1737 solum
1038 1703 1126 1737 Pres-

235 1749 401 1794 byterium
422 1750 513 1786 istius
533 1750 684 1786 Ecclefiae
697 1778 707 1793 ‚
736 1751 860 1787 habens
875 1751 990 1787 'tamen
1015 1752 1125 1795 adjun-

235 1803 307 1836 etos
323 1800 484 1844 quosdam
508 1799 712 1846 Episcopus.
739 1801 829 1836 Nam
856 1802 890 1837 ὃς
910 1803 1011 1837 talem
1036 1804 1127 1837 Con-

237 1858 375 1885 ventum
387 1852 523 1886 Sanetus
537 1852 743 1897 Augustinus
753 1865 811 1896 pro
822 1853 981 1887 electione
991 1852 1037 1886 sui
1051 1852 1128 1887 Suc·

237 1901 371 1936 cessoris
394 1901 526 1942 Eradii,
552 1902 585 1935 &
605 1913 663 1945 pro
686 1903 813 1947 Pelagii
836 1904 932 1937 causa
955 1902 1127 1937 celebravit

235 1949 382 1995 §oannes
402 1950 583 1995 Episcopus
609 1951 876 1996 Hierosolymae.
905 1951 1064 1986 Attamen
1092 1954 1125 1986 in

237 2001 467 2046 Apologetico
495 2000 618 2036 Paulus
648 2004 783 2039 Orosius
809 2003 919 2038 scribit
946 2002 1126 2038 Celestium

238 2048 336 2085 isthic
356 2051 498 2093 plurimis
513 2052 723 2091 judicantibus
735 2051 892 2094 Episcopis
919 2053 1011 2087 fuisse
1021 2052 1128 2095 prodi-

239 2110 311 2133 tum
324 2120 336 2139 ,
360 2100 510 2134 auditum
524 2124 536 2141 ‚
560 2100 748 2135 convictum
768 2125 778 2140 ‚
805 2110 903 2145 atque
925 2102 1105 2136 confessum
1117 2105 1137 2141 ‚'

237 2150 272 2184 δι
295 2148 337 2184 ab
370 2149 515 2184 Ecclesia
536 2150 732 2184 detestatum
754 2151 913 2196 aufugisse
933 2162 974 2185 ex
992 2150 1126 2186 Africa.

236 2201 274 2234 si
285 2209 395 2234 tamen
406 2208 489 2242 opus
501 2197 585 2234 istud
597 2200 632 2234 fit
646 2201 720 2234 vere
731 2200 826 2235 Pauli
840 2201 964 2235 Orosii.
992 2201 1128 2236 Interim

238 2249 409 2293 praefatum
435 2249 674 2292 Hierosolymae
684 2250 902 2285 Conventum
924 2251 1018 2285 fuisse
1029 2251 1129 2285 solius

238 2298 463 2341 presbyterii,
488 2298 603 2333 diserte
628 2299 738 2333 scribit
760 2300 895 2334 Sanum
920 2300 1128 2344 Augustinus

239 2348 275 2382 in
297 2347 430 2382 laudato
452 2345 537 2382 libro
560 2348 601 2382 de
625 2348 734 2383 Gestis
756 2348 888 2394 Pelagii
902 2374 910 2385 ‚
939 2349 1065 2386 Verum
1085 2362 1125 2384 an

239 2397 324 2431 liber
344 2396 403 2431 iste
421 2395 460 2431 fit
474 2396 571 2431 Pauli
593 2398 702 2433 Orofii
714 2422 728 2439 ‚
751 2400 798 2434 est
820 2399 884 2434 alia
902 2400 1055 2443 quaestio.
1083 2400 1127 2434 Et

239 2447 358 2492 plura,
382 2447 442 2481 suo
461 2456 608 2490 tempore
630 2448 821 2483 adducenda
835 2473 847 2489 ,
874 2447 1008 2484 suadent
1030 2460 1127 2492 atque

240 2497 434 2542 persuadent
446 2508 513 2531 non
524 2496 589 2531 esse
602 2521 610 2529 .
637 2499 797 2533 Attamen
813 2510 882 2534 non
897 2498 1030 2538 abnuo,
1047 2499 1126 2543 quin

241 2548 301 2582 ista
313 2547 408 2582 fuerit
432 2546 649 2582 provincialis
670 2547 844 2592 synodus.
871 2547 1045 2597 Qudquid
1066 2549 1127 2590 sit,

235 2598 402 2633 celestius
422 2609 492 2632 non
515 2596 556 2632 ad
579 2598 766 2643 generalem
786 2598 877 2635 istius
899 2599 1008 2645 gentis
1019 2600 1127 2643 Syno-

239 2648 322 2683 dum
336 2673 347 2689 ‚
373 2648 428 2684 sed
439 2647 589 2691 proxime
599 2648 778 2693 appellavit
802 2649 843 2684 ad
857 2650 974 2685 Sedem
987 2650 1128 2692 Aposto-

239 2699 341 2733 licam
368 2723 375 2731 .
403 2698 448 2732 Et
469 2697 576 2742 neque
599 2699 754 2734 Aurelius
777 2723 790 2740 ‚
815 2698 921 2743 neque
946 2700 1021 2744 quis
1045 2700 1127 2735 alius

240 2749 422 2793 Episcopus
431 2773 443 2789 ,
468 2747 544 2783 licet
555 2757 637 2783 tunc
648 2748 777 2794 Apiarii
787 2750 962 2794 appellatio
973 2749 1128 2785 acerrime

241 2797 475 2843 disceptaretur
486 2822 498 2840 ,
522 2798 698 2834 interceffit
708 2823 717 2832 .

288 2849 345 2883 De
357 2848 552 2884 Venerabili
565 2847 710 2884 Paulino
721 2848 879 2884 Diacono
899 2849 1012 2886 scribit
1025 2851 1126 2893 impe-

243 2898 324 2932 ritus
335 2897 447 2940 jacobi
472 2898 921 2936 SirmondiPraedestinatus:
946 2903 1029 2935 Dum
1046 2902 1126 2934 cele·

241 2946 313 2988 fiius
325 2949 410 2987 apud
419 2947 634 2993 Carthaginem
646 2951 759 2984 doceret
767 2950 843 2994 posse
853 2948 987 2985 homines
991 2949 1056 2992 fine
1063 2959 1128 2992 pec-

244 3004 309 3031 cato
319 2996 392 3039 effe,
412 2996 469 3038 fibi
479 3007 590 3032 natura
597 2998 758 3045 sufficiente
764 3000 831 3044 sola
844 3000 976 3034 humana
987 3024 999 3041 ‚
1023 2998 1128 3040 restitit

244 3053 273 3082 ei
283 3047 405 3090 quidam
419 3047 566 3081 Paulinus
578 3052 725 3084 Diaconus
733 3076 745 3093 ,
772 3049 919 3096 Defensor
939 3053 974 3085 o·
987 3053 1128 3085 Procura-

244 3106 292 3131 tor
304 3094 440 3137 Ecclefiae
451 3098 672 3140 Mediolanenfir
682 3125 690 3134 .
720 3101 872 3136 Eundem
883 3111 1024 3136 errorem
1035 3101 1128 3135 fuisse

243 3146 332 3191 apud
343 3145 579 3192 Carthaginem
591 3147 611 3181 a
621 3149 764 3185 Gelestio
772 3151 940 3186 defensum
952 3150 1128 3187 scribitiste

246 3197 378 3232 libellus
389 3195 485 3231 Pauli
501 3197 609 3232 Orofii
621 3224 629 3231 .
659 3199 707 3235 At
722 3200 799 3236 vero
822 3203 948 3237 Marius
960 3202 1127 3237 Mercator

246 3248 386 3282 affirmat
411 3248 616 3282 contrarium
642 3272 650 3281 .
677 3249 826 3286 Adducit
855 3264 972 3287 omnes
995 3251 1126 3287 Celestii

246 3296 344 3332 isthic
364 3295 520 3332 discussos
541 3298 697 3332 articulos
714 3311 723 3332 :
749 3300 877 3337 Omnes
899 3304 975 3338 sunt
996 3302 1128 3337 desolo

246 3347 386 3392 originis
397 3357 531 3391 peccaro
544 3372 555 3388 ‚
583 3348 694 3383 nullus
714 3343 901 3393 denatura,
927 3363 984 3387 aut
1003 3353 1108 3398 gratia
1120 3376 1127 3383 .

247 3396 354 3444 Qod
369 3398 475 3443 ipsum
494 3397 623 3435 inlibro
643 3396 685 3434 de
698 3400 853 3446 originali
865 3413 1000 3446 peccato
1009 3402 1126 3438 confir-

1899 130 1992 177 273

1180 208 1247 236 mat
1260 200 1396 235 Sanctus
1408 198 1614 246 Augustinus
1622 228 1630 236 .
1660 202 1705 240 Et
1715 202 1781 242 hoc
1789 199 1835 240 est
1846 214 1952 242 unum
1962 217 2005 241 ex
2017 217 2062 241 ar·

1181 251 1369 296 gumentis,
1394 262 1465 295 quae
1475 251 1611 286 suadent
1630 253 1728 290 istum
1738 254 1887 291 libellum
1908 266 1977 290 non
1999 257 2063 291 esse

1181 301 1423 338 PauliOtofii.
1450 302 1507 336 An
1530 300 1694 337 Paulinus
1705 306 1877 341 Diaconus
1886 302 2063 351 aliquando

1181 351 1278 386 fuerit
1298 349 1554 387 Mediolanensis
1576 351 1723 387 Ecclesia:
1742 355 1907 391 Defensor
1925 358 1960 391 &
1982 357 2064 392 Pro-

1181 412 1311 436 curator
1329 426 1340 443 ,
1365 401 1411 436 est
1439 402 1601 437 incertum
1618 426 1628 435 ,
1649 400 1751 436 Possit
1777 405 1871 439 fuisse
1890 431 1898 439 .
1927 406 2064 441 Etenim

1183 451 1311 486 Marius
1325 451 1491 487 Mercator
1501 452 1640 488 affirmat
1650 452 1745 488 fiaiffe
1754 453 1943 491 Diaconum
1954 457 2065 492 Sancti

1182 501 1366 537 Ambrosii.
1395 502 1448 537 Ex
1470 513 1538 547 quo
1558 501 1715 540 discimus
1732 503 1797 537 esse
1818 503 1912 538 illum
1938 507 2064 549 ipsum,

1181 555 1236 597 qui
1249 552 1289 587 ad
1303 553 1409 588 Sancti
1423 551 1603 598 Augustini
1617 563 1726 597 preces
1749 552 1869 596 scripsit
1887 555 1987 589 vitam
2000 557 2066 590 lau-

1182 603 1248 637 dati
1262 603 1383 637 Patris.
1410 602 1577 643 Praesentis
1599 601 1727 646 synodi
1747 612 1893 647 tempore
1910 613 1978 638 erat
1990 606 2066 640 Dia-

1182 664 1284 686 conus
1295 678 1306 693 ,
1334 654 1368 687 &
1381 654 1512 688 forsitan
1527 651 1817 688 Archi-Diaconus
1828 652 2069 699 Carthaginen-

1181 702 1220 736 fis
1233 704 1381 737 Ecciefiae
1396 703 1551 747 :Propter
1569 702 1773 739 Clericorum
1785 704 1932 747 inopiam
1944 703 1986 738 eo
1997 702 2071 738 mis·

1184 753 1233 786 sus
1255 753 1273 786 a
1293 753 1412 789 Sancto
1422 752 1661 797 Simpliciano,
1687 764 1746 790 aut
1764 755 1883 789 Sancto
1900 754 2067 790 Venerio.

1182 802 1313 839 Sanetus
1323 802 1463 838 Isidorus
1484 803 1687 847 Hispalensis
1699 804 1879 848 Episcopus
1900 803 1936 839 in
1960 803 2071 839 Eccle·

1183 853 1380 888 fiasticotum
1414 853 1616 897 Scriptorum
1640 855 1793 899 catalogo
1817 853 1936 898 scripsit
1974 853 2070 889 fuisse

1182 902 1414 946 Presbyterum
1433 927 1441 937 .
1469 904 1543 940 Nec
1567 903 1614 938 est
1641 903 1739 940 facile
1763 902 2071 947 reprehendendus,

1183 963 1236 986 aut
1247 953 1470 989 emendandus
1484 975 1491 985 ·
1519 953 1631 990 Potest
1642 954 1734 990 enim
1747 953 1803 989 ille
1812 953 1923 998 postea
1936 954 1970 988 in
1986 954 2074 989 Pres-

1184 1002 1335 1045 byterum
1347 1002 1518 1045 profecisse
1530 1028 1539 1036 .

1235 1052 1382 1086 Laudata
1408 1052 1540 1088 Zozimi
1561 1052 1658 1088 verba
1679 1055 1842 1090 affirmant
1851 1053 2012 1089 desertam
2021 1063 2076 1098 ap-

1184 1102 1397 1145 pellationem
1410 1102 1504 1137 fuisse
1513 1103 1531 1137 a
1543 1102 1689 1139 Celestio
1702 1106 1901 1148 resumptam
1921 1104 1955 1139 ὃ(
1966 1103 2076 1148 ἰρίῑῑίιι

1183 1151 1326 1195 ejusdem
1339 1154 1435 1186 causa
1459 1152 1500 1186 ad
1510 1152 1646 1187 Urbem
1665 1153 1792 1188 rediisse
1802 1179 1810 1188 .
1835 1154 1970 1189 Virtute
1977 1152 2078 1197 pristi-

1185 1214 1233 1236 nae
1241 1203 1451 1244 appellationis
1463 1226 1471 1235 .
1487 1201 1648 1236 Pontifex
1659 1202 1751 1237 addit
1763 1203 1798 1236 in
1810 1203 1876 1237 alia
1885 1204 1927 1238 ad
1941 1204 2079 1239 eosdem

1187 1252 1363 1286 Africanos
1397 1251 1575 1287 Antistites
1599 1250 1736 1296 epistola
1760 1264 1769 1285 ι
1809 1251 1967 1294 Postquam
1991 1253 2080 1287 nobis

1187 1300 1326 1342 celestius
1342 1301 1497 1341 Presbmr
1510 1302 1632 1335 auditus
1646 1301 1686 1342 est
1695 1326 1707 1342 ,
1735 1303 1771 1336 ό*
1780 1302 1856 1344 quid
1873 1303 1912 1336 de
1918 1302 1982 1345 fide
1985 1300 2081 1345 senti-

1186 1361 1231 1385 ret
1242 1376 1253 1392 ,
1280 1353 1437 1386 evidenter
1459 1352 1612 1393 expreffit,
1640 1353 1801 1394 eademque
1813 1376 1825 1391 ‚
1849 1362 1916 1394 quae
1936 1356 1971 1385 in
1982 1352 2082 1386 libriin

1185 1402 1344 1435 contulerat
1357 1426 1369 1442 ‚
1393 1406 1530 1444 repetitis
1542 1401 1642 1436 crebro
1657 1401 1878 1444 profeffionibus
1897 1402 2080 1443 roboravit,

1187 1454 1224 1486 de
1234 1455 1299 1494 ejus
1325 1457 1440 1486 nomine
1446 1452 1567 1494 plenius
1590 1452 1635 1485 ad
1646 1451 1841 1486 Dilefflanem
1852 1450 1979 1492 vestram
1997 1454 2026 1486 ,ἢ
2039 1456 2082 1486 ri-

1183 1510 1241 1544 pta
1254 1505 1422 1536 direximus
1433 1526 1442 1534 .
1467 1501 1628 1538 Titulurn
1639 1526 1651 1542 ,
1678 1503 1833 1540 Presbyter
1846 1526 1858 1544 ‚
1876 1502 2082 1539 demonstrat

1190 1552 1390 1587 Eunuchum
1402 1551 1444 1587 ab
1458 1549 1617 1596 Ephesina
1628 1552 1772 1587 Ecclesia
1782 1563 1854 1587 non
1865 1550 2082 1587 solummodo

1189 1602 1360 1646 postulasse
1372 1602 1640 1646 Presbyteratum
1652 1626 1665 1643 ,
1690 1602 1745 1637 sed
1757 1601 1858 1637 etiam
1875 1603 2059 1645 impetrasse
2070 1625 2082 1636 .

1189 1654 1315 1688 MarIus
1326 1653 1494 1688 Mercator
1503 1653 1619 1687 omnia
1640 1651 1709 1687 haec
1721 1653 1882 1696 exponitt
1908 1653 2008 1692 Inde,
2035 1663 2082 1687 ex

1191 1701 1352 1746 Ephesina
1374 1703 1531 1742 civitate,
1557 1701 1696 1742 celestius
1714 1701 1772 1745 sub
1789 1701 1907 1745 sanc‘lae
1931 1706 2081 1737 memorie

1190 1756 1284 1787 Attico
1308 1751 1453 1796 Episcopo
1472 1752 1575 1789 urbem
1586 1752 1947 1794 constantinopolitanam
1965 1755 2081 1794 petiit,

1190 1803 1241 1836 ubi
1260 1808 1293 1837 in
1297 1802 1442 1845 similibus
1465 1802 1597 1841 deteHru
1612 1826 1624 1842 ‚
1651 1813 1760 1846 magno
1770 1801 1870 1843 studio
1887 1799 1990 1846 sanai
1998 1803 2081 1836 illius

1190 1858 1252 1887 viri
1273 1863 1310 1886 ex
1317 1853 1470 1895 pradella
1481 1854 1570 1886 Alma
1589 1852 1662 1886 urbe
1676 1850 1811 1895 detrusus
1824 1851 1863 1892 est
1875 1876 1887 1893 ,
1911 1853 2022 1886 litteris
2029 1850 2081 1896 su-

1186 1910 1245 1944 per
1265 1904 1334 1943 elus
1348 1907 1464 1936 nomine
1484 1903 1520 1936 ὰ
1531 1908 1564 1934 in
1577 1901 1673 1944 Afiam
1685 1926 1697 1942 ,
1722 1904 1757 1937 ό·
1767 1901 1996 1946 Thessalonicam
2009 1926 2019 1942 ‚
2044 1903 2081 1939 ὑ·

1191 1951 1407 1996 Carthaginem
1420 1951 1465 1986 aa
1473 1950 1633 1994 Episcopus
1643 1953 1746 1991 nuffls.
1776 1951 1909 1986 Atticus
1927 1952 2022 1986 suam
2035 1952 2081 1986 su-

1192 2012 1247 2045 per
1258 2002 1394 2037 Celestii
1407 2001 1545 2037 nomine
1556 2001 1766 2037 Traaoriam
1789 2001 1874 2036 misit
1886 2002 1923 2035 in
1941 2000 2054 2036 Asiam
2065 2026 2079 2045 ,

1190 2051 1281 2093 quod
1304 2051 1395 2086 istius
1413 2051 1592 2086 Dioecesios
1612 2051 1631 2086 a
1643 2051 1764 2086 Sancto
1784 2052 1914 2095 Joanne
1935 2051 2083 2095 Chryso-

1191 2100 1300 2134 stomo
1325 2100 1515 2135 inchoatam
1536 2100 1739 2135 invasionem
1764 2100 1832 2143 ipse
1854 2101 2080 2149 continuaret.

1191 2147 1464 2186 Thessalonicam
1475 2149 1560 2185 misit
1570 2174 1582 2191 ,
1609 2149 1698 2193 quod
1710 2148 1761 2184 isti
1775 2148 1935 2185 invasioni
1946 2150 2081 2194 adjecis-

1191 2199 1238 2235 set
1249 2199 1395 2244 rapinam
1406 2199 1587 2235 Orientalis
1599 2199 1724 2243 Illyrici
1733 2224 1744 2242 ,
1769 2199 1898 2243 adjutus
1909 2210 1963 2243 per
1973 2199 2006 2234 di
2011 2200 2078 2244 plo-

1191 2260 1243 2284 ma
1269 2250 1478 2295 Imperatoris
1504 2248 1691 2284 Theodosii
1714 2274 1721 2282 .
1759 2249 1913 2285 Romana
1935 2250 2080 2287 Ecclesia

1192 2311 1273 2334 mox
1283 2300 1471 2343 impetravit
1485 2299 1707 2335 circumduci.
1736 2299 1933 2336 Transmisit
1952 2300 1987 2334 ἀ
1998 2299 2080 2337 Cat-

1191 2349 1386 2396 thaginem‚
1410 2347 1481 2394 quo
1500 2347 1667 2384 Africanis
1690 2348 1862 2395 Episcopis
1878 2350 2078 2395 gratificare-

1191 2409 1245 2435 tur
1258 2424 1267 2432 .

1240 2449 1369 2491 Μαι-’ωε
1387 2449 1556 2484 Mercator
1579 2448 1806 2492 prosequitur:
1834 2449 2003 2483 Praedic‘l‘ur
2021 2458 2076 2484 ta-

1189 2511 1258 2533 men
1267 2497 1409 2538 Celfflius
1421 2519 1432 2536 ‚
1453 2502 1547 2532 etiam
1557 2496 1627 2531 lu’nc
1640 2498 1752 2539 ejeaus
1764 2522 1776 2540 ,
1799 2500 1844 2532 ad
1853 2498 1959 2534 Urbem
1969 2501 2076 2534 Roma-

1191 2561 1259 2583 nam
1264 2548 1322 2592 sub
1330 2546 1356 2591 s
1349 2547 1448 2583 ande
1469 2553 1616 2581 memoriae
1627 2548 1753 2582 Zozt'mo
1763 2549 1908 2594 spiscopo
1925 2549 2077 2590 totasesti-

1190 2605 1310 2633 natione
1329 2603 1467 2641 perrexit
1487 2622 1495 2631 .
1521 2596 1578 2635 Ubi
1599 2597 1680 2631 Affls
1707 2620 1720 2638 ,
1743 2607 1866 2641 quorum
1888 2600 2076 2642 exemplaria

1189 2648 1332 2686 babemus
1354 2653 1572 2692 interrogatus,
1596 2657 1663 2682 cum
1685 2647 1785 2681 abillo
1795 2652 1952 2692 cognitore
1963 2649 2078 2692 aliqua-

1189 2700 1275 2734 tenus
1288 2706 1462 2739 terreretur,
1492 2697 1603 2732 crebris
1614 2695 1840 2741 responsionibus
1861 2697 2077 2742 &prosecutio-

1188 2749 1275 2783 nibus
1291 2748 1355 2792 suis
1371 2747 1459 2792 spem
1475 2746 1729 2791 prafeminavit,
1753 2749 1948 2783 condemnare
1964 2747 2000 2792 se
2020 2750 2077 2784 illa

1188 2800 1333 2843 Capitula
1341 2823 1354 2841 ‚
1378 2800 1417 2832 de
1426 2798 1538 2842 quibus·
1546 2798 1631 2840 apud
1641 2796 1859 2843 Carthaginem
1867 2798 1981 2840 fueras
1992 2809 2076 2834 accio-

1185 2849 1274 2893 satus
1286 2874 1297 2890 ,
1318 2854 1499 2891 promittens
1511 2875 1520 2882 .
1546 2849 1586 2881 Id
1596 2852 1677 2882 enim
1687 2849 1721 2885 θ,
1732 2848 2076 2891 instantiasjubebatur,

1189 2909 1279 2942 atque
1300 2899 1334 2932 ob
1346 2898 1397 2932 boc
1414 2897 1513 2941 ipsum
1537 2898 1676 2932 nonnulla
1695 2898 1776 2932 illius
1793 2897 1895 2942 sant‘li
1911 2899 2077 2932 Sacerdotis

1189 2950 1379 2983 humanitate
1385 2949 1495 2993 dignus
1505 2948 1543 2989 est
1551 2947 1694 2981 babitus:
1721 2950 1768 2981 Er
1773 2947 1813 2989 fic
1832 2947 1982 2991 epistolam
1988 2948 2077 2983 beni-

1184 3004 1316 3045 gnitatis
1321 3000 1447 3042 plenam
1458 2999 1501 3034 aa
1511 2997 1600 3040 Afros
1612 2995 1772 3041 Episcopos
1791 3003 1902 3033 meruit
1913 3021 1926 3040 ,
1949 3010 2012 3041 qua
2025 2998 2075 3032 tile

1189 3048 1293 3094 abusus
1306 3049 1343 3090 est
1355 3073 1366 3090 ‚
1392 3050 1446 3084 vel
1453 3048 1551 3083 adbuc
1561 3047 1695 3082 abutitur
1714 3049 1760 3083 ad
1769 3049 1928 3082 multorum
1937 3054 2076 3093 ignoran-

1189 3107 1264 3134 tium
1283 3100 1478 3141 deceptionem
1497 3123 1505 3131 .
1533 3097 1638 3149 Qud
1659 3098 1758 3134 fuerit
1781 3097 1913 3143 Epheso
1936 3099 2075 3142 ejestun

1189 3150 1322 3186 testatur
1341 3149 1443 3183 etiam
1461 3148 1594 3183 Sanetus
1606 3147 1743 3192 Prosper
1766 3148 1800 3184 in
1814 3148 1958 3183 carmine
1969 3148 2011 3183 de
2022 3149 2075 3182 ln·

1189 3202 1307 3247 gratis.
1334 3199 1378 3234 Et
1400 3200 1575 3234 confirmat
1598 3197 1652 3239 hic
1662 3198 1791 3234 Marius
1804 3198 1969 3234 Mercator
1983 3222 1993 3238 ,
2018 3197 2073 3232 di-

1189 3262 1266 3287 cens
1276 3250 1369 3284 fuine
1379 3248 1516 3292 eJeetum
1528 3249 1627 3288 etiam
1638 3248 1933 3294 Constantinopoli
1948 3272 1955 3281 ·
1967 3248 2049 3284 Vox
2059 3272 2071 3288 ,

1191 3305 1322 3341 Etiam,
1346 3300 1498 3343 supponit
1524 3299 1666 3343 priorem
1686 3298 1880 3343 ejectionem
1900 3324 1908 3333 .
1934 3297 2072 3334 Cartha-

1190 3351 1332 3396 ginensis
1343 3348 1498 3393 synodus
1509 3350 1591 3385 faaa
1603 3350 1650 3384 est
1662 3349 1754 3384 istius
1766 3349 1873 3384 saeeuli
1883 3359 1974 3383 anno
1983 3347 2071 3382 duo·

1188 3401 1341 3438 decimo.
1364 3398 1579 3436 EtCelestius
1599 3398 1745 3439 Romam
1766 3399 1862 3436 rediit
1880 3409 1971 3434 anno
1989 3393 2071 3432 decl·

1960 3455 2018 3482 mo
