2326 3718
189 1311 191 1313 ,
234 1275 450 1312 datiffimam.
478 1274 521 1308 Et
543 1275 578 1308 in
589 1271 654 1308 hoc
674 1274 724 1308 sui
745 1272 893 1308 authoris
918 1273 1009 1306 sensu
1023 1272 1125 1312 Euty-

94 1546 177 1586 cap.
193 1555 221 1579 π,

208 2006 217 2014 ,
246 1988 325 2013 men
348 1974 476 2011 videtur
507 1975 658 2018 scripsisse
681 1986 722 2008 ex
743 1975 832 2009 sensu
854 1973 996 2018 plurium
1011 1983 1089 2007 tunc
1101 1971 1135 2004 in

113 2381 189 2419 cap.
205 2388 230 2416 ς-

227 1126 420 1165 'Dominum
436 1124 500 1157 effe
520 1133 590 1158 non
612 1123 747 1158 unicam
769 1121 978 1158 solummodo
1006 1122 1122 1155 Perso-

854 143 893 188 S.
963 138 995 186 F
1032 154 1183 189 an
1222 152 1239 183 1
1275 152 1368 184 AN
1406 139 1454 184 12·

223 229 469 278 Dominum
505 260 518 273 .

1873 158 1985 205 1345

592 228 690 273 Nec
727 239 827 273 cum
865 241 944 272 nos
973 225 1210 272 unitatem·
1232 222 1542 285 Evangelicam
1587 228 1720 293 atque
1757 225 2057 295 Apostolicar‘n

224 295 507 366 'praedicemus
549 333 561 357 ‚
614 296 804 347 lacerent
852 312 931 343 nos
968 294 1195 360 tamquam
1231 293 1430 343 dicentes
1466 298 1656 342 Carnem
1691 289 1772 346 effe
1805 297 2028 349 coelestem
2040 294 2056 351 ⁴,-

227 372 343 416 Cum
390 383 468 415 nos
513 364 539 415 ὲ
575 381 726 415 contra
761 363 948 416 Divinas
998 368 1237 431 Scripturas
1274 365 1465 427 legamus
1514 363 1709 413 dicentes
1744 369 1902 418 Filium
1940 366 2058 423 effe,²

226 447 315 486 'non
349 454 402 486 ex
437 438 552 486 coelo
586 474 598 485 .

669 438 776 484 Nec
814 437 930 483 enim
967 452 1066 484 cum
1102 435 1287 483 dicimus
1325 436 1482 483 Filium
1521 436 1609 484 Dei
1647 451 1840 485 creatum
1875 456 1929 488 ex
1964 456 2059 490 mu-

228 508 330 566 liere
370 544 384 567 ‚
436 506 650 574 poffumus
699 504 952 573 reprehendi
1001 505 1213 572 tanquam
1249 504 1446 555 Verbum
1495 523 1549 554 ex
1585 520 1697 554 terra
1730 504 1923 556 dicentes
1948 544 1960 568 ‚
2013 513 2060 559 δε

225 595 316 628 non
350 595 405 629 ex
439 578 552 626 coelo
586 614 597 625 .

672 578 874 627 Dicimus
910 578 1028 624 enim
1064 592 1296 642 utrumque

1333 596 1344 624 :
1396 579 1454 624 Et
1501 593 1553 624 ex
1603 577 1717 625 coelo
1766 591 1910 625 totum
1959 596 2060 643 prod

227 664 327 715 pter
362 646 593 700 Deitatem
617 684 629 708 ‚
668 651 712 695 δε
748 665 799 696 ex
835 648 1015 696 muliere
1051 658 1194 696 totum
1230 661 1411 719 propter
1439 650 1630 696 Carnem
1655 683 1669 708 ,
1705 648 1958 714 ignorantes
1995 647 2061 698 di-

228 719 436 770 visionem
472 721 597 771 unius
635 716 828 769 Personae
841 754 853 766 .

281 877 339 913 An
350 876 419 914 haec
431 877 467 911 fit
478 876 606 921 integra
628 874 765 920 epistola
779 899 790 915 ,
818 874 936 917 ignoro
947 898 954 906 .
985 872 1116 907 Interim

227 928 355 976 grande
365 927 429 964 hoc
441 928 661 971 fragmentum
676 924 741 958 huc
754 925 852 966 usque
874 924 969 957 latuit
983 948 990 955 .
1018 922 1117 965 Apud

230 978 413 1015 Leontium
426 977 647 1020 Byzantinum
668 973 842 1011 habuimus
860 972 1031 1008 dumtaxat
1044 983 1119 1015 pau-

228 1041 269 1066 ,σε
291 1029 386 1071 ipfius
409 1026 523 1061 verba.

238 1098 242 1102 ·
267 1078 434 1111 -Palmare
445 1074 639 1116 Eutychetis
657 1075 793 1117 Dogma
805 1072 934 1107 volebat
949 1070 1120 1106 Christum

235 1188 335 1218 nam,
364 1173 418 1208 sed
439 1174 619 1208 &unicam
642 1174 856 1217 compofitam
879 1182 1027 1206 naturam
1043 1196 1050 1203 .
1078 1171 1121 1204 Et

234 1228 337 1271 ipsam
361 1226 395 1259 in
419 1223 556 1261 adducta
568 1223 646 1268 Julii
662 1223 798 1267 epistola
817 1222 967 1258 censebat
977 1223 1040 1255 esse
1051 1220 1125 1254 fun-

235 1325 348 1363 chiani
375 1334 491 1359 omnes
517 1323 643 1361 dudum
670 1322 919 1368 pertinaciffime
955 1322 1125 1366 naufraga-

236 1388 334 1412 runt.
362 1373 466 1409 Porro
486 1373 528 1408 de
539 1374 600 1411 hac
620 1374 758 1418 epistola
772 1372 986 1410 Gennadius,
1015 1370 1125 1405 Maffi-

236 1426 347 1462 lienfis
370 1424 521 1461 Ecclefiae
544 1423 718 1467 Presbyter
731 1448 742 1464 ,
767 1424 810 1458 ab
829 1423 891 1458 isto
911 1432 1018 1456 errore
1030 1419 1125 1465 plene

238 1476 422 1515 immunis,
450 1475 485 1509 in
509 1474 683 1513 illustrium
707 1475 850 1508 virorum
873 1473 1039 1517 Catalogo
1059 1470 1129 1505 scri·

240 1526 321 1573 psit:
340 1528 453 1573 Julius
475 1523 556 1560 urbis
578 1529 681 1561 Romae
693 1523 859 1568 Episcopus
876 1522 990 1567 scripsit
1003 1524 1047 1556 ad
1057 1525 1124 1554 Dio-

241 1576 349 1620 nysium
371 1577 529 1620 quemdam
551 1577 589 1611 de
609 1580 817 1611 lucarnanone
840 1578 962 1609 Domini
982 1572 1130 1615 epistolam

241 1639 357 1667 unam,
382 1638 450 1670 quae
462 1627 511 1660 illo
521 1627 777 1668 quidemtempore
787 1627 870 1662 utilis
882 1623 951 1671 visa
973 1623 1011 1663 est
1021 1624 1129 1656 adver-

241 1679 310 1712 st'cm
321 1689 367 1711 eos
378 1701 390 1717 ‚
413 1682 467 1719 qui
478 1678 523 1708 itii
534 1677 610 1709 duas
616 1684 671 1718 per
681 1680 914 1710 ,incarnationem
925 1673 1087 1718 afferebant
1100 1677 1132 1707 in

241 1726 360 1767 Christo
367 1725 513 1769 personas
528 1750 539 1767 ,
557 1725 628 1766 ficut
637 1728 671 1760 <9⁴
684 1734 811 1760 naturas
822 1738 836 1767 ;
863 1737 939 1759 nunc
951 1734 1052 1758 autem
1063 1731 1132 1766 per-

241 1776 349 1820 niciosa
365 1777 526 1819 probatur.
556 1780 732 1813 Fomentum
756 1783 835 1810 enIm
845 1776 882 1820 est
895 1774 1089 1814 Eutychianae
1100 1783 1135 1805 ac

243 1826 448 1861 timotheanae
472 1832 637 1868 impietatis
660 1852 668 1860 .
697 1827 850 1863 Affirmat
877 1826 1050 1870 epistolam
1071 1824 1134 1857 effe

243 1878 355 1913 revera
379 1877 458 1920 Julii
484 1876 658 1913 Pontificis
679 1902 687 1908 .
713 1878 816 1924 Qod
839 1876 911 1920 ejus
930 1875 1096 1920 Iudicium
1116 1873 1135 1908 ὲ

243 1926 440 1972 quibusdam
467 1927 649 1970 gravissime
675 1925 923 1968 reprehenditur
942 1949 950 1956 .
978 1924 1066 1957 Aliis
1092 1931 1135 1955 ta·

247 2026 424 2060 Gallicana
447 2026 592 2060 Ecclesia
612 2049 619 2056 .
649 2024 824 2072 Qidquid
845 2025 882 2057 sit
905 2047 917 2065 ,
942 2033 1066 2058 eertum
1091 2022 1136 2055 est

246 2074 315 2113 labi
334 2086 371 2109 ac
385 2075 515 2109 deviare
527 2098 535 2106 .
686 2072 688 2074 ’

301 2125 437 2159 Etenim
452 2124 485 2159 in
499 2123 603 2167 primo
622 2122 663 2158 ad
675 2123 906 2166 Imperatorem
919 2119 1138 2165 Justinianum

248 2174 336 2210 libro
350 2175 526 2209 Facundus
541 2173 786 2208 Hermianensis
812 2172 993 2216 Episcopus
1012 2170 1092 2204 duas
1104 2169 1137 2201 in

248 2223 386 2258 Christo
399 2225 553 2260 Domino
566 2224 659 2258 fuisse
672 2233 800 2256 naturas
814 2246 825 2262 ‚
851 2224 884 2255 ὅ(
900 2223 981 2265 ipsas
995 2221 1026 2253 in
1040 2230 1139 2253 unam

249 2285 321 2309 non
332 2274 446 2308 coiisse
459 2297 469 2316 ‚
496 2285 557 2307 nec
569 2273 658 2307 coire
672 2274 810 2315 potuiffe
820 2297 830 2313 ‚
860 2272 913 2305 sed
927 2272 1007 2305 duas
1018 2272 1140 2312 semper

249 2323 452 2369 permanfiffe
466 2348 476 2363 ‚
504 2323 595 2358 vario
617 2323 808 2356 sanctorum
831 2321 964 2354 Parrum
999 2319 1141 2353 testimo-

250 2374 313 2408 nio
322 2373 546 2412 demonstrat,
574 2374 607 2405 δε
622 2374 703 2406 recte
729 2372 949 2416 prosequitur:
979 2371 1069 2414 ,Quid
1089 2381 1140 2402 au-

251 2431 312 2458 tem
334 2421 532 2461 Eutychianos
555 2430 657 2455 contra
681 2420 746 2455 haec
770 2422 983 2461 evidentiffima
1013 2424 1141 2453 Parrum

252 2473 417 2514 testimonla
421 2474 538 2514 juvare
545 2477 655 2517 poterit
669 2497 680 2512 ,
707 2472 788 2513 quod
798 2477 831 2503 in
842 2472 987 2510 vaniffimi
1004 2468 1051 2512 sui
1062 2468 1141 2511 affer-

251 2530 363 2558 tionem
383 2529 491 2556 erroris
513 2524 616 2557 dicunt
626 2526 658 2567 J
660 2523 751 2555 ulium
773 2525 940 2554 Romanum
963 2518 1141 2562 Episcopum

254 2572 347 2617 nesclo
368 2573 420 2607 ubi
441 2570 625 2616 refi-ripfiffi’,
653 2573 734 2615 quod
752 2583 814 2605 una
826 2570 864 2613 fit
876 2570 985 2610 Christi
1009 2571 1143 2602 natura?

252 2628 333 2657 Cum
345 2629 377 2656 in
390 2626 409 2656 5
411 2623 500 2656 antia
512 2620 660 2665 Ephefina
671 2623 779 2661 synodo
790 2621 840 2654 hoc
847 2620 942 2664 saltim
954 2619 1041 2662 ipsius
1053 2621 1143 2652 Beati

250 2678 282 2720 J
285 2676 337 2708 ulii
347 2682 450 2707 contra
463 2678 496 2708 N
499 2673 628 2713 estorium
652 2679 804 2707 recitatum
808 2671 907 2714 fuerit
927 2683 964 2704 ex
974 2669 1089 2712 epistola
1102 2671 1146 2702 ad

256 2722 443 2767 Prosdocium
458 2749 465 2756 .
495 2723 647 2757 Adducit
672 2722 839 2757 laudatum
863 2720 903 2755 ab
915 2720 1076 2765 Ephefina
1087 2721 1143 2763 Sy·

255 2775 350 2810 nodo
371 2774 599 2809 testimonium
613 2798 623 2814 ‚
648 2773 817 2817 &pergit:
845 2776 917 2805 Non
928 2772 1013 2805 aliud
1027 2778 1144 2812 praeter

256 2824 334 2858 bam·
345 2826 389 2857 ad
399 2823 588 2867 Prosdorium
601 2824 750 2866 epistolam
772 2834 810 2856 ex
826 2822 925 2855 Dn‘tis
929 2824 961 2866 J
964 2823 1017 2854 ulii
1037 2827 1070 2853 in
1090 2820 1144 2852 illa

259 2876 369 2913 synodo
391 2875 545 2918 prolatum
567 2874 604 2914 est
628 2898 639 2914 ‚
658 2873 688 2915 fi
703 2885 762 2915 qua
775 2871 903 2914 forsitan
925 2874 988 2904 alia
1005 2869 1120 2914 scripsit
1133 2894 1143 2909 ,

259 2933 356 2964 neque
367 2935 404 2956 ex
414 2925 471 2959 hac
481 2924 598 2967 epistola
607 2924 727 2967 aliquid
736 2924 864 2964 amplius
879 2946 886 2954 .
913 2926 974 2954 Cur
986 2927 1076 2965 igitur
1087 2931 1143 2952 non

260 2973 443 3014 §liudpertus
458 2997 469 3013 ‚
493 2976 573 3018 quod
595 2975 632 3007 de
643 2986 704 3007 una
715 2973 825 3013 chr1st1·
849 2981 963 3006 natura
973 2972 1017 3011 isti
1027 2970 1161 3006 circum-l

259 3022 368 3065 ferunt
378 3025 525 3065 tanquam
545 3024 584 3057 ab
605 3022 667 3067 ipso
690 3027 787 3056 Beato
791 3023 884 3070 Julio
901 3020 1045 3067 scriptum
1056 3045 1068 3062 ,
1093 3022 1144 3054 vel
1159 3020 1167 3096 ι

262 3075 390 3115 quaequ?
404 3072 534 3115 similia,
558 3084 626 3115 quae
648 3072 783 3116 scripfiffe
806 3081 964 3107 autumant
974 3073 1047 3105 alios
1058 3082 1144 3104 vene·

262 3122 376 3156 rabiles
391 3126 500 3157 Patres
514 3148 524 3164 ‚
551 3129 584 3156 in
595 3125 704 3161 synodo
713 3129 839 3157 recitata
853 3122 924 3166 fiant
934 3132 1036 3155 contra
1046 3121 1147 3161 Nesto·

264 3178 346 3207 rium
360 3173 376 3204 ἓ
401 3178 489 3208 Nam
499 3171 565 3215 ipsa
579 3178 673 3216 magis
699 3175 761 3214 ejus
783 3175 914 3217 dogmati
932 3178 1080 3207 contraria
1101 3177 1147 3205 vi-

265 3224 407 3257 derentur
420 3248 427 3255 .
454 3224 543 3266 ,Quid
562 3227 640 3256 enim
645 3224 716 3265 jam
736 3222 933 3265 controverfiae
952 3221 1148 3265 remansisset,

265 3274 346 3315 quod
354 3284 414 3306 una
431 3274 496 3316 effet
507 3273 585 3307 illius
599 3275 802 3308 Dei-Hominis
810 3271 990 3316 subfistentia
1003 3271 1063 3313 five
1077 3275 1146 3305 Per-

262 3322 340 3367 sona
351 3347 362 3363 ,
381 3321 610 3366 fiprobarentur
624 3326 728 3357 Patres
740 3347 751 3363 ,
776 3324 854 3367 quod
865 3330 956 3358 etiam
969 3334 1059 3358 unam
1067 3331 1148 3366 prae·

267 3373 437 3407 dicaverint
459 3376 525 3415 eJ'us
538 3374 589 3416 effe
611 3374 776 3407 naturam?
803 3377 897 3416 Igitur
915 3383 947 3406 ut
957 3379 1053 3406 omnis
1064 3372 1145 3414 aufe·

266 3430 356 3463 ratur
368 3423 486 3467 quaestio
499 3449 510 3466 ‚
526 3422 556 3465 fi
563 3434 618 3458 non
625 3422 725 3466 posted
744 3422 861 3466 epistola
872 3423 926 3456 illa
945 3422 1078 3465 confella
1088 3421 1125 3463 est
1135 3446 1147 3464 ‚

1181 880 1232 905 aut
1243 875 1337 907 Beati
1340 874 1428 919 Julii
1437 886 1503 908 eam
1514 886 1571 908 non
1586 876 1639 920 effe
1649 898 1659 915 ,
1677 874 1750 917 ficut
1767 885 1864 923 magis
1881 879 2061 913 credendum

1181 923 1239 963 est,
1266 926 1394 962 synodus
1401 926 1583 968 judicavit,
1607 932 1760 964 autetiam
1776 927 1880 972 fiejus
1904 931 1955 971 effe
1968 930 2068 963 credi·

1184 975 1230 1005 dit
1244 997 1254 1012 ,
1279 975 1357 1015 quod
1367 985 1418 1017 ego
1428 986 1485 1009 non
1497 977 1579 1017 da'co,
1603 984 1637 1012 ut
1646 978 1710 1013 alia
1719 984 1812 1022 magis
1826 1003 1837 1020 ,
1863 981 1954 1022 quim
1971 978 2068 1021 ipsam

1183 1021 1316 1064 ejusdem
1340 1024 1443 1061 San&
1458 1027 1546 1070 Julii
1571 1036 1677 1066 contra
1698 1027 1868 1068 Nestorium
1893 1028 2043 1070 proferret
2059 1053 2070 1069 ,

1185 1083 1243 1105 non
1252 1083 1289 1108 tx
1301 1084 1334 1109 et
1356 1075 1437 1120 quod
1445 1077 1560 1110 incaute
1581 1077 1695 1113 areum
1706 1077 1744 1119 est
1758 1101 1771 1121 ‚
1794 1084 1975 1115 contrarium
1986 1089 2068 1112 erro-

1186 1123 1405 1164 remJudicavit
1416 1124 1467 1171 ff
1488 1127 1670 1163 vincendum
1683 1152 1691 1160 ·

1239 1172 1420 1217 Eutycheti
1433 1185 1471 1209 ac
1482 1176 1638 1209 omnibus
1651 1176 1912 1219 Eutychianissis
1933 1177 2076 1213 familia-

1189 1221 1344 1256 riffimum
1366 1221 1707 1261 &constantiffimum
1727 1226 1791 1260 fuit
1817 1229 2016 1269 proclamare
2034 1226 2076 1262 ad

1190 1272 1366 1306 Nicaenum
1378 1271 1574 1314 Symbolum
1585 1297 1596 1313 ,
1622 1274 1658 1310 δε
1670 1273 1753 1321 Asta
1768 1274 1921 1318 Ephe-fini
1946 1277 2076 1311 Conci-

1190 1322 1247 1356 lii.
1273 1319 1376 1358 Porro
1397 1319 1463 1357 hoc
1484 1322 1678 1359 Concilium
1700 1325 1786 1360 inter
1808 1324 1872 1360 alia
1886 1324 2023 1360 Patrum
2034 1335 2080 1361 te·

1191 1372 1368 1414 stimonia,
1394 1382 1436 1406 ex
1460 1371 1579 1415 quibus
1600 1372 1834 1411 Nestorianam
1863 1376 1979 1410 revicit
1990 1376 2079 1419 perfi-

1190 1424 1303 1464 diam,
1328 1421 1467 1457 adduxit
1487 1422 1565 1465 Julii
1591 1422 1739 1459 Romani
1763 1423 1939 1459 Pontificis
1960 1426 2080 1469 episto*

1192 1474 1257 1508 lam
1278 1472 1319 1507 ad
1342 1472 1526 1510 Decimum
1546 1496 1558 1514 ,
1584 1473 1649 1509 five
1669 1473 1888 1509 Prosdocium
1910 1488 1917 1507 ε
1947 1474 2079 1510 Exinde

1193 1525 1334 1558 Errones
1351 1522 1403 1557 isti
1414 1522 1647 1560 concluserunt
1658 1525 1771 1559 omnia
1783 1525 1925 1567 ejusdem
1940 1525 2080 1560 Pontifi-

1193 1575 1240 1610 cis
1250 1574 1376 1617 Scripta
1392 1574 1455 1608 effe
1466 1573 1601 1617 probata
1613 1585 1669 1618 per
1678 1574 1771 1609 istam
1783 1575 1958 1617 Synodum
1969 1601 1978 1615 ,
1991 1574 2080 1609 ideo·

1192 1636 1254 1671 que
1284 1625 1319 1659 δι
1338 1623 1407 1666 ejus
1430 1623 1602 1667 epistolam
1626 1623 1669 1659 ad·
1691 1626 1802 1660 nescio
1825 1636 1923 1669 quem
1946 1625 2079 1668 Diony-

1193 1677 1293 1711 fiurn.
1322 1674 1365 1708 Et
1377 1674 1477 1717 ipsam
1490 1674 1594 1717 plenis
1610 1673 1722 1709 buccis
1744 1676 1779 1710 ὅ(
1793 1674 1940 1710 buccinis
1961 1674 2081 1718 ubique

1196 1724 1408 1770 praedicarunt
1429 1749 1437 1757 .
1462 1724 1606 1770 Magnus
1627 1725 1697 1759 Leo
1715 1725 1755 1759 ad
1779 1725 1836 1759 fibi
1862 1724 2080 1760 transmissum

1196 1776 1290 1820 ipfius
1309 1774 1350 1809 ab
1362 1773 1548 1818 Eutychete
1565 1776 1793 1820 fragmentum
1814 1775 1942 1810 videtur
1966 1776 2084 1809 tacuis-

1196 1828 1229 1860 se
1250 1850 1258 1858 .
1287 1825 1324 1859 In
1347 1825 1418 1868 ejus
1436 1825 1584 1868 epistolis
1607 1825 1698 1859 nulla
1721 1825 1768 1860 est
1790 1825 1886 1869 ipsius
1904 1825 2081 1860 memoria.

1199 1876 1241 1911 Et
1256 1874 1336 1909 hinc
1359 1875 1445 1918 apud
1459 1875 1763 1911 Errones.increvit
1785 1876 1929 1920 epistolar
1951 1876 2031 1910 fides
2040 1886 2085 1910 at-

1198 1935 1262 1969 que
1274 1923 1457 1958 authoritas
1468 1949 1476 1956 .
1502 1926 1613 1971 Qare
1624 1937 1741 1960 eorum
1764 1926 1962 1960 clamoribus
1974 1925 2088 1970 fatiga-

1200 1975 1224 2009 ti
1238 1974 1401 2007 Doctores
1412 1970 1781 2018 Orthodoxicoeperunt
1801 1987 1870 2009 rem
1894 1975 2088 2020 disquirere.

1201 2024 1244 2056 Et
1257 2022 1433 2056 Facundus
1444 2023 1526 2056 dicit
1538 2025 1641 2057 varia.
1671 2023 1787 2058 Primo
1797 2024 1949 2065 dubitat,
1972 2037 2013 2059 an
2025 2025 2089 2069 epi·

1199 2071 1281 2107 stola
1308 2082 1378 2105 non
1405 2071 1441 2103 fit
1469 2072 1610 2105 confidia
1637 2072 1707 2114 post
1731 2072 1934 2116 Ephefinum
1957 2075 2089 2109 Conci-

1201 2122 1283 2157 lium
1298 2145 1305 2153 .
1335 2120 1456 2154 Censet
1478 2120 1599 2164 ipsam,
1625 2121 1738 2164 utpote
1762 2122 1951 2157 validiffime*
1965 2135 2087 2166 perem-

1201 2172 1342 2215 ptoriam
1360 2170 1549 2204 Nestoriani
1572 2172 1757 2216 dogmatis,
1774 2173 1805 2205 ,fi
1830 2174 1924 2207 antea
1947 2174 2088 2208 exstitis-

1202 2224 1245 2256 set
1260 2246 1269 2261 ‚
1297 2222 1330 2255 ὅ(
1344 2222 1451 2254 revera
1474 2222 1692 2265 fuiffetJulii,
1721 2222 1887 2265 aSynodo
1909 2235 1977 2258 non
1993 2225 2088 2258 fuisse

1203 2270 1530 2315 praetermittendam.
1558 2272 1711 2306 Secundo
1733 2274 1838 2307 asserit
1861 2274 1960 2317 ipsam
1974 2299 1984 2315 ‚
2013 2274 2090 2308 licet

1201 2323 1331 2356 forsitan
1354 2320 1482 2364 fitJulii
1497 2345 1508 2363 ‚
1536 2333 1604 2355 non
1628 2321 1696 2355 fine
1707 2323 1889 2356 rationibus
1913 2324 2006 2357 fuisse
2017 2335 2091 2366 prae·

1202 2371 1376 2407 termiffarn
1396 2372 1413 2405 a
1427 2371 1584 2414 Synodo,
1614 2372 1647 2406 ὃ(
1661 2372 1850 2415 productam
1862 2373 1964 2407 solam
1975 2374 2092 2416 episto-

1203 2423 1268 2456 lam
1284 2420 1323 2455 ad
1337 2422 1518 2455 Docimum
1533 2444 1541 2453 .
1570 2422 1658 2467 Qia
1671 2432 1787 2467 nempe
1799 2434 1866 2456 non
1879 2423 2022 2466 expediit
2036 2435 2091 2467 per

1204 2471 1336 2506 verbum
1359 2470 1375 2502 ὲ
1391 2470 1476 2513 Julio
1498 2470 1628 2505 incaute
1651 2471 1813 2513 prolatum
1837 2473 2026 2517 impugnari
2051 2485 2090 2508 ac

1203 2521 1304 2556 everti
1332 2520 1564 2554 Nestorianam
1599 2519 1832 2564 blasphemiam
1855 2546 1862 2553 .
1900 2521 2090 2567 Pelagianis

1202 2572 1349 2617 quaedam
1366 2572 1473 2607 Sansti
1485 2571 1859 2615 JoannisChrysostomi
1872 2571 1966 2606 verba
1977 2574 2090 2607 adver-

1203 2625 1254 2656 sus
1266 2621 1428 2666 originale
1441 2632 1610 2666 peccatum
1623 2620 1859 2663 objectantibus
1872 2622 2005 2656 Sanctus
2018 2623 2090 2658 Au-

1203 2672 1354 2717 gustinus
1377 2672 1539 2714 reposuit:
1566 2671 1655 2706 Vobis
1677 2673 1800 2705 necdum
1824 2671 2010 2715 litigantibus
2027 2676 2089 2706 Pa-

1203 2731 1264 2756 tres
1284 2722 1413 2765 securius
1438 2721 1651 2763 loquebantur.
1681 2721 1761 2756 Hoc
1783 2723 1889 2765 ipsum
1912 2723 2087 2757 Facundus

1203 2773 1339 2806 affirmat
1361 2773 1401 2806 de
1425 2772 1513 2814 Julio
1537 2771 1721 2811 pontifice,
1747 2772 1906 2807 scribente
1928 2773 2088 2807 antelites

1206 2822 1449 2866 Eutychianas.
1476 2821 1574 2856 Recte
1587 2822 1738 2866 adiungit
1758 2823 1928 2857 incautum
1944 2822 2089 2857 Pontifi-

1207 2874 1253 2907 cis
1266 2872 1399 2907 verbum
1421 2883 1488 2906 non
1502 2873 1596 2906 fuisse
1607 2883 1791 2917 congruum
1813 2874 2066 2908 fundamentum
2078 2897 2090 2913 ‚

1205 2922 1475 2959 cuiOEcumenica
1497 2922 1651 2963 Synodus
1676 2924 1764 2958 suam
1787 2922 2018 2960 definitionem
2045 2924 2092 2959 su·

1205 2973 1394 3017 perstrueret
1423 2997 1429 3004 .
1463 2972 1584 3008 Tertio
1611 2973 1716 3008 asserit
1741 2974 1848 3017 magis
1872 2971 2091 3014 credendum,

1205 3023 1292 3067 quod
1304 3021 1437 3066 epistola
1450 3033 1517 3056 non
1542 3022 1667 3068 sitJulii
1683 3046 1693 3063 ‚
1722 3021 1774 3056 sed
1789 3023 1901 3059 nescio
1928 3023 2021 3067 cujus
2033 3022 2092 3061 sub

1205 3074 1271 3118 ejus
1284 3073 1419 3107 nomine
1441 3072 1657 3117 figmentum.
1686 3073 1797 3109 Etiam
1818 3074 1850 3109 se
1871 3073 2023 3118 ignorare
2048 3074 2093 3107 fa·

1206 3134 1289 3158 tetur
1303 3145 1313 3161 ,
1338 3121 1416 3168 quid
1429 3122 1590 3165 Ephefina
1599 3122 1752 3166 Synodus
1762 3124 1803 3157 de
1821 3124 1888 3166 ipsa
1906 3124 2068 3160 censuerit
2082 3147 2093 3158 ‚

1209 3174 1262 3208 Ad
1288 3172 1356 3206 haec
1379 3170 1472 3206 verba
1497 3194 1507 3210 ,
1533 3174 1563 3205 Si
1585 3175 1648 3214 ejus
1670 3173 1719 3215 effe
1735 3173 1863 3207 credidit
1884 3196 1896 3214 ,
1921 3173 2091 3217 adjungit:

1209 3224 1301 3268 ,Quod
1312 3234 1360 3265 ego
1372 3234 1429 3257 non
1440 3223 1502 3255 dico
1514 3247 1521 3255 .
1546 3222 1651 3266 Igitur
1663 3223 1836 3260 Facundus
1847 3224 2017 3268 epistolam
2028 3233 2094 3257 cre-

1209 3273 1294 3309 didit
1306 3273 1368 3307 esse
1381 3273 1488 3308 fistam
1502 3296 1512 3311 ‚
1538 3283 1593 3308 aut
1606 3274 1681 3312 sane
1692 3274 1857 3311 incautam
1873 3298 1880 3309 ,.

1260 3322 1412 3366 Ejusdem
1423 3322 1489 3356 fere
1501 3323 1665 3359 sententiae
1680 3325 1714 3358 in
1726 3322 1792 3358 suis
1812 3323 1897 3366 apud
1910 3320 2024 3357 Photii
2041 3322 2094 3357 Bi-

1211 3373 1409 3410 bliothecam
1433 3372 1524 3407 libris
1546 3374 1608 3408 fnit
1619 3375 1754 3409 sanstus
1777 3372 1940 3417 Eulogius
1952 3372 2095 3409 patriar·-

1211 3424 1272 3460 cha
1294 3423 1559 3460 Alexandrinus:
1585 3426 1645 3459 Sed
1661 3429 1740 3459 enim
1763 3422 1957 3467 testimonium
1978 3445 1989 3461 ,
2017 3424 2098 3463 quod
2111 3442 2247 3485 L3b430·

1976 3473 2047 3508 Eu·-
