2326 3718
71 819 210 863 Epist-14.

72 1326 160 1372 Epist,
166 1337 176 1362 1
184 1337 195 1369 5
201 1349 208 1360 ,

56 3202 144 3239 tib-7.
165 3204 214 3234 In-

57 3242 126 3274 dist.
148 3255 175 3274 z.

56 3280 193 3322 Spist.65.

690 131 972 176 Ronanus
1008 116 1596 174 Arl‘ettarxomnus.

1882 130 1983 190 287

228 216 413 251 riiPaulum
428 214 648 250 accusaverint
664 216 749 258 apud
761 212 964 248 Columbum
976 238 987 255 ‚
1013 224 1111 257 quem
1174 211 1340 245 Theodorus
1352 210 1490 254 Magister
1512 214 1642 246 militum
1660 212 1768 255 obstitit
1779 239 1790 256 ,
1816 222 1850 248 ut
1870 214 1992 250 minime
2000 215 2053 258 fie-

230 276 309 301 tunc
320 264 450 309 quidam
464 265 600 299 credunt
621 265 713 299 fuiffe
725 265 903 299 Primatem
923 263 1107 299 Numidia:-

229 316 353 351 Verum
367 315 452 358 ipsos
462 315 530 349 falli
544 341 554 356 ,
572 316 655 350 infra
666 314 854 350 docebimur
866 341 873 347 .
900 314 1042 349 Videtur
1052 313 1111 358 igi-

228 377 281 400 tur
291 366 309 399 a
320 365 484 408 Gregorio
499 366 644 400 habuisse
656 365 780 409 aliquid
795 365 876 400 vicis
891 364 1089 409 Apostolicae
1102 388 1109 395 .

229 415 324 449 Hinc
345 415 481 459 epistola
500 416 598 450 docet
621 416 739 455 tertio,
765 415 854 458 quod
876 415 1018 455 Paulus,
1046 414 1111 448 Co·

227 465 346 499 lumbo
372 468 592 510 cognoscente
612 490 622 505 ,
650 465 684 498 &
707 465 842 499 veritate
866 466 1112 509 patrocinante,

228 516 399 559 speraverit
409 517 555 559 superare
565 526 679 549 ornnes
688 516 869 549 calumnias
883 541 890 549 .
918 515 1012 549 Hinc
1024 513 1111 546 Pon-

229 566 312 599 tifex
326 565 528 600 Columbum
541 565 688 599 hortatur
701 566 740 600 ad
754 566 961 600 constantem
984 567 1019 598 in
1031 563 1110 606 judi-

228 615 283 650 cio
304 615 483 659 Iustitiam:
514 615 567 649 Ad
592 615 714 649 nullius
738 617 878 658 persona:
899 613 1110 650 metuendam

228 666 428 708 potentiam.
456 665 558 712 Qod
584 677 701 708 nempe
725 666 821 700 Pauli
843 665 1022 699 Accusator
1033 664 1111 697 esset

227 716 295 759 ipse
306 716 480 749 PraefeCius
492 715 645 749 Praetorio
662 715 799 750 Africae-
828 715 923 748 Hinc
938 714 1026 758 Papa
1040 713 1110 747 scri.

226 765 287 810 psit
297 766 396 799 etiarn
409 765 450 799 ad
465 765 699 799 Adeo-Datum
719 766 752 800 ἀ
765 764 990 799 Maurentium
1001 787 1013 804 ,
1037 762 1110 806 Epi-

227 816 344 859 scopos
364 815 532 849 Numidia>
545 830 555 848 .·
583 816 710 848 Paulum
732 819 896 856 Fratrem,
923 816 959 848 (tt
971 816 1111 856 Co-Epi-

222 862 340 909 scopum
362 864 487 906 nostrum
507 868 715 899 Fraternitati
738 864 846 907 vestrae
869 865 1109 898 commendantes

221 910 380 949 'hortamur
392 939 404 955 ,
429 924 463 948 ut
477 916 579 948 idonee
594 914 771 949 charitatem
782 915 922 955 mestraim
942 914 1047 947 debeat
1060 924 1111 946 ex·

219 971 340 1011 periri,
360 966 627 1008 quampraedicat.
653 964 784 1006 Nempe
797 963 918 998 Paulus
928 963 1028 998 etiam
1042 963 1110 996 istis

223 1015 397 1058 ‚episcopis
421 1023 549 1058 rogarat
576 1025 632 1056 per
656 1013 857 1047 Pontificem
883 1011 1109 1047 commendari

224 1075 285 1109 pro
294 1063 417 1107 justitia
429 1062 664 1096 constantiam.
691 1061 818 1097 Verum
840 1061 909 1096 haec
919 1062 1021 1096 virtus
1040 1073 1109 1096 nou

225 1113 291 1152 fuit
300 1121 422 1156 reperta
432 1111 517 1155 apud
526 1122 663 1146 omnem
677 1112 850 1155 Synodum
859 1136 870 1152 ‚
879 1112 1019 1156 ideoque
1028 1110 1110 1146 Pau-

223 1163 276 1197 lus
297 1171 372 1196 ante
392 1162 508 1206 judicii
532 1162 633 1200 finem
659 1163 724 1198 fuit
751 1162 938 1207 compulsus
964 1163 1109 1201 Romam

221 1222 419 1260 provocare.

275 1261 434 1297 Tertium
444 1261 634 1306 exemplum
645 1263 692 1297 est
707 1262 741 1297 in
756 1262 874 1298 litteris
885 1263 927 1298 ad
938 1262 1109 1298 Victorem

224 1313 259 1347 δε
281 1310 486 1347 columbum
508 1337 520 1353 ,
546 1312 716 1347 Numidiae
740 1313 921 1357 Episcopos
941 1325 948 1345 :
978 1312 1111 1356 Praesen-

224 1368 301 1396 rium
314 1364 474 1396 portitoris
492 1361 640 1405 Cresconii
652 1366 779 1396 Fratris
801 1364 836 1398 ὑ
847 1361 1043 1406 CoEpiscopi
1065 1374 1111 1396 no-

218 1410 276 1458 stri
290 1413 412 1455 querela
433 1414 479 1446 ad
485 1424 538 1446 nos
560 1410 725 1454 infinuante
735 1419 903 1456 pervenit,
929 1415 1009 1457 quod
1028 1413 1112 1447 nulla

226 1467 359 1506 exigente
376 1463 466 1505 culpa
490 1486 502 1503 ,
526 1464 579 1496 vel
603 1463 728 1496 concilii
752 1463 911 1507 definiente
932 1462 1085 1507 J'ontentia
1101 1488 1111 1504 ,

224 1509 359 1555 Ecclefiae
381 1514 446 1554 ejus
458 1512 613 1547 Parocbiae
626 1514 795 1555 antiquitat
808 1516 961 1556 deputatae
973 1516 993 1547 ἃ
1005 1515 1110 1547 Valen-

224 1567 308 1609 tione
329 1565 442 1596 Fratre
461 1564 496 1598 ό·
508 1561 708 1606 coepiscopo
729 1563 820 1603 nostro
843 1574 916 1597 ante
938 1565 1107 1606 quindecim

215 1612 290 1657 sere
305 1611 469 1655 annosfint
479 1611 727 1647 irrationabiliter
747 1622 917 1656 occupatae,
945 1616 1035 1657 atque*
1045 1625 1109 1648 eum

224 1661 349 1706 insuper
361 1673 412 1697 res
425 1662 579 1706 Det-essoris
593 1662 681 1705 ipfius
693 1664 737 1696 ad
739 1662 826 1705 suum
837 1688 847 1704 ,
874 1665 954 1706 quod
977 1666 1110 1708 dicigra·

223 1709 330 1754 Qeest,
357 1710 518 1746 arbitrium
535 1712 673 1756 abstidiffir
687 1737 694 1745 .
722 1714 815 1757 ,Quod
830 1713 862 1756 fi
873 1719 917 1747 ita
940 1721 1060 1748 veritas
1076 1712 1111 1757 se

224 1760 317 1795 habet
328 1786 339 1803 ,
358 1773 450 1805 quam
458 1761 634 1805 perversum
649 1787 659 1803 ,
683 1775 830 1806 quamque
839 1766 1036 1798 execrandum
1041 1763 1081 1807 fit
1101 1790 1111 1806 ,

222 1809 396 1855 praesertim
407 1811 550 1857 Religioso
565 1812 722 1856 Praepofito
733 1838 743 1854 ,
770 1816 867 1848 dicere
883 1826 941 1848 non
955 1816 1110 1849 valemus.

224 1866 292 1899 Hac
301 1867 394 1906 igitur
417 1868 494 1896 inre
507 1868 578 1906 quia
601 1874 651 1896 nec
668 1865 800 1904 lenitas,
826 1875 879 1898 nee
899 1865 1002 1908 aliqua
1025 1865 1112 1899 debet

223 1912 279 1955 esse
289 1912 414 1953 dilatio,
441 1917 683 1948 Fraternitatem
696 1913 825 1952 vestram
839 1913 985 1958 praesenti
996 1914 1112 1956 epistola

222 1971 454 2001 commonemus,
484 1972 517 1996 ut
534 1961 686 2006 sollicitius
709 1968 887 2006 requiratis.
914 1966 961 1997 Et
979 1963 1118 2006 liquere-¹

224 2013 258 2046 la
268 2014 336 2053 ejus
348 2012 504 2054 manifesta
514 2013 563 2055 effe
572 2012 728 2053 constiterit
740 2039 750 2054 ‚
761 2013 932 2047 ablatarum
942 2025 1044 2047 rerum
1056 2036 1066 2053 ,
1078 2017 1112 2047 &

225 2069 431 2103 occupatarum
443 2061 656 2095 parochiarum
675 2061 854 2102 restitutione
864 2063 986 2095 Dilefflo
1002 2062 1113 2102 'vestra

219 2109 284 2155 fine
303 2123 386 2145 mora
401 2109 533 2154 succurri
547 2113 711 2153 provideat
723 2135 733 2151 ‚
760 2114 794 2145 ό·
812 2114 858 2144 ita
879 2117 1002 2154 omnia,
1026 2112 1112 2145 vobit

220 2159 434 2204 solatiantibus
447 2185 458 2202 ,
484 2161 605 2204 cessante
628 2159 836 2204 excusatione,
855 2165 887 2206 J
891 2161 990 2200 ustitia
997 2160 1112 2203 faven-

225 2218 257 2243 te
266 2215 413 2252 recipiat,
438 2219 471 2243 ut
492 2221 543 2244 nec
553 2210 632 2245 hunc
652 2211 735 2244 labor
754 2210 969 2256 observationis
980 2212 1089 2254 afficiat
1103 2235 1114 2252 ‚

225 2269 278 2293 nec
300 2261 336 2292 de
359 2262 423 2301 ejus
444 2261 554 2292 damno
574 2262 695 2303 aliquid
713 2262 786 2294 lucri
809 2260 933 2303 invasor
955 2268 1093 2304 acquirat
1106 2286 1113 2294 .

225 2308 387 2343 Valentio
408 2310 564 2350 quasdam
586 2310 758 2344 Cresconii
772 2309 949 2346 parochias
969 2313 1114 2346 affirma-

224 2357 282 2392 bat
292 2358 332 2392 ad
347 2359 438 2392 suam
450 2359 587 2402 spe-stare
598 2359 774 2396 Dioecefim
786 2385 797 2400 ,
824 2359 966 2405 ideoque
977 2371 1114 2396 vacante

225 2407 309 2443 Sede
321 2408 403 2452 ipsas
414 2407 529 2442 invasit
541 2433 548 2441 .
577 2409 688 2443 Etiam
708 2420 758 2444 res
774 2410 923 2445 defuncti
936 2410 1089 2455 Episcopi
1105 2437 1111 2444 .

225 2459 321 2505 Qas
335 2456 451 2501 nempe
463 2458 650 2503 acquisierat
662 2483 674 2500 ,
691 2458 743 2494 vel
757 2458 913 2495 habuerat
927 2462 960 2494 in
974 2462 1042 2495 istis
1054 2461 1112 2494 Pa-

225 2507 367 2543 rochiis.
395 2507 531 2543 Etenim
553 2508 697 2544 defuncti
712 2510 866 2554 Episcopi
890 2510 1036 2554 supellex
1060 2522 1114 2552 per

226 2559 382 2602 antiquos
405 2558 561 2594 canones
582 2560 702 2606 spectat
719 2559 761 2594 ad
773 2560 992 2595 Succefforem
1005 2586 1013 2593 .
1039 2559 1114 2595 Va-

226 2609 334 2643 lentio
346 2607 405 2643 ista
417 2608 580 2644 violenter
599 2620 639 2644 ex
652 2611 788 2645 arbitrio
799 2634 810 2650 ,
838 2611 904 2644 fine
915 2608 1114 2646 authoritate

223 2657 357 2701 synodi
385 2658 525 2701 fecerat,
555 2659 696 2703 ideoque
708 2660 1114 2706 manifesteimpegeratin

226 2708 444 2744 uentefimum
458 2709 648 2754 vigefimum
663 2711 838 2746 Canonem
850 2710 1000 2746 Africani
1013 2711 1114 2746 Codi-

225 2759 293 2794 cis.
320 2757 416 2793 Hinc
438 2760 638 2795 Cresconius
657 2761 810 2806 confugit
830 2761 871 2796 ad
891 2761 1114 2807 Gregorium,

225 2808 421 2846 &obtinuit
433 2810 613 2853 Justitiarn.
641 2810 807 2857 Confugit
830 2812 865 2845 in
879 2813 983 2856 prima
994 2813 1116 2847 instan-

226 2858 275 2893 tia
288 2883 296 2891 .
320 2858 468 2894 Proinde
479 2859 600 2903 potiori
614 2860 686 2905 jure
695 2870 823 2905 poterat
834 2862 996 2906 appellare
1007 2887 1015 2895 .
1042 2862 1113 2897 No·

225 2906 328 2942 tanda
338 2909 412 2942 sunt
423 2910 540 2945 verba:
567 2913 667 2945 Nulla
679 2917 816 2956 exigente
834 2913 938 2955 eulpa.
966 2912 1114 2947 Demon-

228 2957 333 2991 strant'
346 2956 436 2992 Afris
458 2961 552 2995 fuiffe
571 2971 720 3003 morem,
745 2972 782 2996 ut
805 2962 959 3007 Episcopi
980 2961 1026 2997 ob
1037 2962 1110 2997 eul-

230 3016 308 3050 pam
333 3006 395 3041 suis
416 3007 584 3045 parochiis
604 3021 835 3047 truncarentur
859 3038 867 3046 .
893 3011 985 3049 Nam
1011 3013 1047 3048 ὄτ
1068 3013 1114 3051 iu

229 3066 401 3092 truncatus
411 3057 473 3092 fuit
487 3057 658 3097 Antonius
666 3062 857 3097 Fuffalenfis
871 3088 877 3095 .

279 3106 444 3163 Qartum
454 3109 642 3154 exemplum
658 3113 702 3147 est
717 3112 923 3148 clementius
936 3113 1114 3158 Byzacenat

226 3154 414 3192 Provincias
434 3156 580 3200 Primae,
604 3160 646 3195 de
667 3172 736 3205 quo
749 3164 931 3208 Gregorius
950 3165 985 3198 in
998 3158 1114 3198 litteris

228 3205 271 3241 ad
295 3207 458 3250 Joannem
485 3209 648 3253 syracusa
672 3211 873 3258 Episcopum
895 3226 903 3246 :
929 3218 966 3247 In
985 3215 1115 3258 quodam

227 3259 346 3291 crimine
358 3259 525 3297 Byzacena:
537 3261 660 3293 Primae
676 3260 786 3303 fuerat
797 3262 951 3307 accusatus
963 3289 976 3305 ‚
1000 3267 1036 3299 6·
1042 3263 1114 3308 piis·

223 3305 314 3350 finus
328 3311 492 3350 Imperator
511 3320 579 3343 eum
588 3311 680 3347 iuxta
688 3311 811 3346 statuta
824 3317 972 3348 Canonica
993 3323 1050 3358 per
1063 3327 1112 3349 nos

227 3357 481 3405 voluieJudicaeri.
508 3360 569 3397 sod
584 3365 712 3406 acceptis
735 3363 834 3399 decem
855 3369 924 3399 auri
944 3364 1035 3399 libris
1047 3373 1115 3400 tunc

1172 272 1218 296 ret
1230 287 1238 294 .
1266 263 1380 295 Tamen
1395 261 1539 304 piiffimus
1549 265 1708 303 Imperator
1724 268 1882 299 admonuit
1895 274 1929 298 ut
1952 264 2052 310 trans-

1174 318 1341 346 mitteretur
1353 335 1365 350 ,
1384 313 1419 346 o·
1428 311 1578 355 quidquid
1595 311 1660 354 effer
1668 316 1850 349 canonicum
1859 315 2030 357 faceremus
2040 341 2049 349 .

1172 364 1234 396 Sed
1243 365 1382 396 videntes
1402 368 1628 395 contrarietates
1641 360 1788 397 bominum
1797 388 1807 405 ,
1832 367 1958 399 eandem
1981 376 2057 399 cau.

1169 412 1237 456 sam
1249 418 1325 445 inire
1334 414 1474 446 noluimus
1483 437 1491 445 .
1521 417 1612 446 Nunc
1620 411 1720 445 autern
1732 414 1808 446 idem
1818 417 1939 449 Primos
1950 417 2058 458 aitqua

1173 465 1211 496 de
1219 464 1350 497 Concilio
1355 459 1407 506 fico
1416 463 1548 506 loquitur
1559 485 1570 503 ,
1595 462 1629 495 o·
1640 462 1732 495 valde
1743 463 1864 495 dubium
1873 465 1910 504 est
1922 490 1933 506 ,
1954 467 2057 499 utrum

1170 515 1247 555 pur?
1258 538 1268 553 ,
1293 524 1335 546 an
1354 515 1432 548 certe
1449 518 1522 556 quia
1543 514 1564 545 ἃ
1576 510 1785 555 CoEpiscopis
1804 510 1869 555 ficis
1882 519 2031 555 impetitur
2041 538 2055 557 ,

1175 564 1257 596 modo
1269 565 1346 596 talia
1358 565 1494 607 loquatur
1506 588 1513 596 .
1540 568 1628 596 Nam
1642 561 1769 605 quodfe-
1778 563 1853 595 dicit
1864 562 1931 595 sedi
1946 565 2057 605 Aposto-

1174 615 1237 646 licae
1241 612 1347 655 subjici
1360 638 1369 654 ,
1391 612 1419 654 fi
1425 625 1487 655 qua
1498 614 1587 656 culpa
1599 618 1632 646 in
1641 612 1795 656 Episcopis
1806 617 1964 646 invenitur
1974 635 1984 652 ,
2008 621 2057 646 ne-

1170 661 1230 705 scio
1241 669 1310 706 quis
1333 669 1360 697 ei
1372 663 1537 707 Episcopus
1551 661 1704 706 [μῶσθαι
1731 674 1790 696 non
1805 660 1859 704 fit.
1885 665 1964 695 Cum
1983 665 2059 696 verb

1173 715 1259 755 culpa
1270 725 1326 746 non
1335 718 1429 759 exigit
1441 737 1452 753 ‚
1477 724 1577 747 omnes
1583 711 1745 755 seeundum
1767 712 1948 746 humilitatis
1961 718 2060 747 ratio·-

1176 774 1241 796 nem
1251 765 1381 806 aequales
1389 762 1464 807 sunt
1475 787 1483 796 .
1511 762 1636 797 Eadem
1647 763 1689 798 de
1705 774 1739 798 re
1749 763 1928 808 Gregorius
1939 763 2060 806 scripsit

1173 813 1213 847 ad
1224 823 1339 847 omnes
1349 813 1530 858 Episcopus
1553 812 1733 856 Byzacenae
1751 812 1955 847 Provinciae:
1983 817 2060 848 Ante
2076 818 2137 851 Lib·
2150 831 2194 851 ιο.

1175 864 1300 896 multum
1322 870 1463 906 temporis
1483 864 1624 906 quaedam
1645 864 1688 896 ad
1705 874 1758 896 nos
1781 864 1819 896 de
1833 867 1944 896 Fratre
1966 863 2060 903 affro
2077 859 2155 901 Epist
2167 863 2215 897 36·

1171 914 1356 954 armentu,
1383 916 1520 948 Primate
1529 912 1623 954 vestro
1636 937 1648 953 ‚
1670 913 1795 955 perlata
1809 910 1905 956 sunt,
1931 925 2000 955 quae
2012 925 2060 948 cor

1172 961 1297 1001 nostrum
1310 974 1369 996 non
1389 965 1502 999 modico
1526 974 1645 998 moerore
1666 963 1892 1007 transfigerent.
1918 964 1980 996 sed
1985 971 2061 1005 pre-

1173 1013 1320 1045 mentibus
1330 1012 1454 1055 diverfis
1468 1012 1706 1050 tribulationibus
1718 1037 1730 1054 ,
1751 1014 1787 1047 ὑ·
1797 1014 1932 1047 maxime
1943 1018 2064 1047 circum·

1168 1059 1366 1105 sevientibus
1383 1061 1511 1104 hostibus
1523 1087 1536 1104 ‚
1561 1074 1598 1097 ea
1620 1064 1704 1097 nobis
1726 1074 1785 1097 non
1796 1063 1866 1105 fuit
1872 1061 2006 1106 spatium
2018 1074 2063 1097 re-

1171 1113 1331 1155 quirendi.
1358 1115 1406 1146 Et
1418 1113 1559 1155 quoniam
1579 1111 1704 1156 itasunt
1722 1120 1838 1157 gravia
1850 1137 1861 1154 ,
1885 1121 1918 1146 ut
1937 1112 2064 1156 transire

1172 1159 1329 1206 indiscuffa
1346 1163 1427 1195 nullo
1447 1163 1532 1195 modo
1556 1162 1686 1196 debeant
1707 1187 1719 1204 ,
1747 1167 1988 1197 Frater-nitatem
2011 1174 2069 1198 ve·

1165 1211 1262 1253 stram
1272 1211 1321 1246 his
1333 1210 1488 1245 hortamur
1509 1210 1655 1252 affatibus
1665 1234 1677 1252 ,
1700 1220 1734 1243 ut
1745 1222 1811 1245 cum
1820 1219 1899 1245 omni
1921 1212 2066 1255 sollicitu-

1173 1262 1246 1296 dine
1255 1273 1291 1296 ae
1302 1266 1471 1296 vivacitate
1482 1266 1622 1295 veritatis
1634 1261 1783 1305 indagare
1796 1259 1996 1305 substantiam
2006 1264 2064 1296 de-

1174 1311 1270 1347 beatis
1285 1335 1297 1353 ,
1322 1321 1356 1345 ut
1376 1320 1452 1352 aut,
1471 1309 1554 1353 fitia
1571 1309 1651 1352 fine,
1671 1319 1706 1343 ut
1717 1312 1823 1344 audita
1841 1309 1933 1353 sunt,
1958 1312 2069 1347 ultione

1174 1366 1327 1396 Canonica
1337 1359 1500 1404 resecentur
1515 1372 1526 1403 ς
1552 1358 1729 1403 autfifalsa
1739 1385 1750 1400 ,
1778 1364 1904 1394 Fratris
1918 1360 2007 1401 nostri
2018 1368 2065 1396 in·

1175 1417 1311 1447 nocentia
1330 1413 1383 1449 diu
1390 1410 1446 1456 sub
1459 1410 1605 1458 nefanda·
1627 1415 1770 1454 opinionis
1784 1412 1997 1447 dilaceratione
2007 1423 2068 1448 non

1169 1465 1273 1506 jaceat
1284 1488 1292 1495 .
1334 1488 1337 1491 <

1226 1513 1433 1548 Clementius
1447 1511 1533 1557 apud
1554 1512 1617 1546 suae
1629 1511 1758 1556 Synodi
1781 1512 1961 1556 Episcopus
1979 1513 2068 1548 labo·

1175 1564 1256 1598 ravit
1268 1564 1355 1598 maia
1365 1564 1452 1598 fama
1464 1586 1477 1604 ‚
1504 1561 1645 1607 ideoque
1662 1562 1705 1597 ab
1718 1563 1792 1607 ipsis
1809 1562 1927 1597 deferri
1948 1563 2065 1598 timuit

1174 1614 1214 1648 ad
1228 1613 1408 1648 Primatem
1419 1612 1715 1658 Carthaginensem
1726 1636 1734 1644 .
1761 1613 1856 1647 Hinc
1875 1612 1966 1656 juxta
1982 1613 2070 1647 Afri·

1174 1674 1274 1699 canos
1285 1664 1444 1699 Canones
1459 1662 1501 1697 ab
1515 1664 1714 1706 Imperatore
1728 1663 1895 1697 Mauricio
1909 1663 2071 1707 supplica-

1176 1715 1223 1748 vit
1235 1714 1318 1748 alios
1332 1712 1572 1748 Ecclefiasticos
1597 1712 1744 1755 Judiees.
1775 1713 1817 1746 Et
1839 1711 1995 1756 Princeps
2023 1713 2069 1757 ip-

1176 1765 1246 1799 sum
1256 1763 1348 1808 juxta
1360 1763 1901 1798 Canonesuniversalestransmisit
1924 1764 1964 1796 ad
1988 1762 2071 1797 Gre-

1174 1814 1324 1859 gorium.
1355 1811 1504 1847 Africani
1530 1813 1619 1847 enim
1635 1813 1795 1848 Primates
1815 1821 1907 1847 erant
1920 1813 1985 1848 veri
1998 1813 2071 1846 Me·

1174 1865 1336 1907 tropolirae
1346 1888 1358 1904 ,
1385 1863 1525 1907 ideoque
1534 1863 1626 1907 juxta
1639 1863 1849 1906 Imperatoris
1859 1862 2014 1898 Gratiani
2026 1863 2072 1897 le-

1174 1924 1274 1959 gem,
1299 1915 1334 1947 ἀ
1358 1913 1590 1947 confirmatum
1615 1913 1657 1947 ab
1679 1913 1744 1956 ipsa
1758 1913 1990 1955 Apostolicum
2004 1912 2070 1948 Ca·

1176 1974 1300 1999 nonem
1312 1987 1330 2003 ,.
1351 1963 1483 1996 illorum
1498 1963 1600 2006 prima
1613 1962 1767 1996 instantia
1780 1962 1939 2006 spectabat
1960 1960 2001 1998 ad
2013 1961 2074 1997 Pa-

1177 2025 1250 2057 pam
1260 2038 1268 2045 .
1300 2012 1361 2046 Sed
1377 2023 1436 2046 nec
1451 2012 1535 2046 istud
1545 2012 1715 2046 Tribunal
1727 2012 1922 2050 Clementio
1934 2012 2073 2059 placuit.-

1176 2064 1290 2109 Qare
1302 2061 1343 2095 ad
1354 2061 1459 2104 ipsum
1469 2061 1676 2096 evadendum
1687 2061 1818 2096 seduxit
1829 2087 1840 2102 ,
1866 2064 1902 2096 dt
1913 2075 1993 2097 auro
2003 2073 2076 2097 cor·

1177 2112 1263 2154 rupit
1274 2109 1497 2145 Theodorum
1511 2135 1522 2151 ‚
1537 2111 1735 2156 Magistrum
1748 2111 1912 2145 Africanae
1924 2111 2071 2147 miiitiae.

1179 2161 1303 2195 Verum
1318 2159 1498 2194 Mauricius
1511 2160 1649 2204 perstitit
1661 2185 1672 2201 ,
1700 2161 1734 2195 ὃ(
1744 2160 1830 2204 juffit
1843 2161 2073 2197 Clementium

1177 2211 1351 2245 transmitti
1366 2210 1405 2245 ad
1418 2210 1549 2245 urbem.
1579 2212 1674 2246 Hinc
1686 2211 1743 2245 ille
1752 2212 1894 2254 quaesivit
1908 2212 1998 2247 aliud
2021 2213 2069 2246 ef-

1176 2262 1326 2306 fugium.
1353 2260 1553 2296 Pronestatus
1577 2261 1621 2295 est
1645 2263 1678 2295 se
1702 2260 1880 2305 subjeeium
1891 2262 2083 2305 SediApoe·

1177 2311 1299 2345 stolicae
1313 2333 1324 2349 ,
1348 2322 1383 2344 at
1401 2310 1572 2355 praetexuit
1590 2311 1670 2345 alias
1692 2312 1961 2346 contrarietates.
1989 2312 2074 2355 opi-

1176 2373 1237 2396 nor
1250 2360 1448 2405 praetexuisse
1461 2360 1600 2404 primam
1626 2361 1667 2394 de
1680 2361 1849 2395 Africanis
1871 2362 2073 2396 primatibus

1178 2410 1370 2446 instantiam
1395 2411 1536 2454 speaare
1563 2411 1603 2445 ad
1631 2409 1925 2455 Carthaginensem
1954 2411 2074 2446 Archi·

1177 2461 1400 2506 Episcopum,
1426 2460 1568 2501 ideoque
1591 2471 1659 2493 non
1683 2460 1801 2494 debere
1824 2462 1998 2503 usurpari&
2012 2462 2075 2496 Pa-

1178 2523 1215 2555 pa
1228 2536 1236 2543 .
1263 2509 1477 2554 Longobardi
1489 2519 1570 2545 tunc
1580 2509 1802 2555 grassabantur
1815 2535 1825 2550 ,
1851 2512 1884 2544 ὃς
1899 2511 2072 2546 saeviebant

1175 2560 1385 2596 circumcirca
1399 2559 1511 2594 urbem
1524 2584 1534 2600 ,
1561 2562 1595 2594 δε
1609 2561 1710 2603 ipsam
1737 2559 1929 2604 affligebant
1957 2562 2072 2595 multis

1177 2610 1464 2648 tribulationibus,
1490 2611 1589 2660 atque
1612 2610 1658 2644 ita
1682 2611 1880 2655 Gregoriurn
1909 2609 2071 2645 distraxe-

1178 2672 1252 2697 runt
1261 2662 1302 2695 ad
1314 2661 1377 2694 ali'a
1393 2673 1401 2693 t
1428 2660 1522 2695 Hinc
1534 2662 1591 2695 ille
1602 2660 1711 2694 noluit
1724 2660 1805 2694 inire
1827 2662 1954 2694 caulam
1966 2686 1973 2692 .
2001 2660 2070 2695 Ve-

1178 2713 1250 2747 ῐὺῐη
1263 2711 1469 2746 Clementius
1480 2722 1548 2745 non
1564 2713 1594 2745 se
1609 2711 1769 2745 correxit:
1798 2711 1841 2744 Et
1856 2710 1976 2744 sinistra
1997 2711 2066 2754 ejus

1178 2762 1264 2796 fama
1291 2773 1362 2797 non
1387 2761 1531 2795 decrevit
1544 2787 1551 2793 .
1579 2761 1669 2795 Hinc
1694 2762 1874 2804 Gregorius
1901 2762 2068 2804 resumpsit

1177 2814 1305 2847 causam
1315 2834 1326 2851 ,
1350 2813 1477 2845 curavit
1487 2812 1519 2845 se
1531 2811 1643 2846 instrui
1654 2812 1672 2846 a
1687 2811 1866 2852 Byzacenis
1880 2811 2065 2855 Episcopis‚

1177 2864 1212 2900 δι
1222 2861 1310 2896 haud
1322 2861 1422 2896 dubi&
1444 2861 1591 2895 definivit
1606 2887 1613 2894 .

1228 2911 1325 2946 Circi
1340 2910 1404 2945 hoc
1417 2912 1605 2956 exemplum
1619 2910 1727 2945 scribit
1748 2910 1862 2944 Petrus
1873 2910 1913 2944 de
1926 2912 2040 2944 Marca
2053 2921 2064 2942 ι

1179 2963 1218 2996 ld
1228 2974 1319 2995 unum
1331 2963 1376 2994 ad
1383 2959 1617 3005 confirmandam
1627 2960 1838 2994 authoritatem
1846 2959 1936 3003 suam
1945 2965 2077 2994 conten-⁴

1178 3014 1226 3046 dit
1239 3016 1396 3055 Gregorius
1407 3036 1418 3052 ,
1443 3022 1476 3044 ut
1488 3014 1671 3046 clementius
1684 3014 1806 3044 Primas
1820 3013 1988 3045 Provincia
2009 3013 2067 3050 By-

1178 3074 1294 3097 zacenae
1306 3065 1430 3094 Romam
1441 3068 1556 3098 veniret
1569 3086 1579 3102 ,
1604 3059 1792 3104 responsurus
1811 3062 1850 3094 de
1861 3063 1989 3103 quodam
2009 3066 2066 3094 cri-

1177 3119 1257 3147 mine
1268 3117 1294 3147 ei
1305 3110 1430 3153 objecto.
1458 3113 1611 3156 ,Quoniam
1622 3113 1693 3145 vero
1715 3113 1779 3152 ejus
1793 3115 1949 3154 Imperium
1970 3112 2067 3144 detre-

1178 3164 1279 3198 Rabat
1288 3164 1466 3197 elementem
1476 3186 1487 3202 ‚
1515 3165 1672 3206 Gregorius
1689 3159 1873 3204 Rescriptum
1887 3166 2065 3205 impetravit

1178 3216 1199 3247 ἃ
1223 3216 1380 3255 Principe.
1408 3212 1469 3246 Sed
1486 3217 1622 3254 quoniam
1642 3211 1810 3247 Theodorus
1833 3212 1972 3255 Magister
1987 3212 2068 3243 mili·

1179 3273 1263 3305 tum,
1289 3264 1325 3296 id
1341 3261 1380 3303 est
1406 3286 1418 3304 ,
1443 3262 1625 3295 Gubernator
1651 3261 1767 3306 Africa·-
1782 3286 1793 3302 ,
1818 3268 1943 3304 acceptis
1966 3262 2064 3294 decem

1180 3319 1248 3348 auri
1271 3313 1358 3348 libris
1382 3335 1394 3353 ,
1419 3317 1579 3346 executioni
1598 3311 1690 3354 hujus
1714 3310 1866 3356 Rescripti
1878 3309 2060 3354 supersederi

1171 3365 1318 3410 iufferat,
1341 3363 1428 3398 aliud
1449 3363 1517 3399 dein
1539 3367 1716 3408 impetravit
1741 3365 1903 3407 Gregorius
1924 3384 1932 3393 .
1961 3357 2062 3398 Postea

1897 3409 2016 3447 Primos
