2326 3718
679 123 963 168 ROMANrs
998 121 1579 165 Arperrarromnns.

1864 136 1959 174 209

221 210 428 246 adversantur
456 231 468 248 ,
493 208 526 242 δε
546 206 685 243 Codicis
705 208 875 243 lectionem
898 201 1093 240 confirmant
1156 200 1192 238 τὸ
1201 201 1746 248 quintaCarthaginensisSynodus
1767 204 1959 252 legit-longe
1973 205 2029 238 ali-

222 261 416 295 Milevitana
427 257 601 301 synodus,
626 258 753 292 &vasta
764 255 819 291 illa
844 265 940 300 atque
958 255 1092 290 confusa
1155 265 1220 289 ter:
1246 256 1321 286 Dies
1341 253 1464 286 eoncilia
1473 255 1622 288 undecimo
1642 253 2030 291 kalendarum'Novembrir

222 309 375 344 Afrorum
388 308 566 342 canonum
578 309 728 343 collectio
739 332 747 339 .

272 359 325 392 Ex
347 356 396 392 his
418 359 548 392 interim
574 360 680 403 aliqua
707 355 898 391 addiscimus
923 382 930 389 .
958 353 1095 394 Primo,

220 406 310 451 quod
331 408 572 452 Hipponensis,
599 406 703 443 immo
724 408 831 441 forsan
855 407 995 441 &tertiae
1017 406 1094 438 Car·

220 456 418 502 thaginenfis
438 459 564 502 Synodi
588 468 730 500 tempore
751 482 762 496 ‚
789 457 990 491 Mauritania
1013 454 1095 488 Siti-

219 509 313 543 fensis
333 509 471 543 necdum
495 508 625 543 haberet
642 509 779 550 primam
790 507 905 542 Sedem
918 531 929 547 ,
955 516 1014 539 nec
1026 514 1097 547 pro-

219 560 327 603 prium
339 558 512 593 primatem
528 583 535 590 .
562 557 691 591 Deinde
703 582 713 598 ‚
740 558 827 601 quod
849 557 952 596 ratio,
977 566 1017 589 ex
1027 564 1091 598 qua

218 610 354 654 quintus
377 609 530 642 Nicaenus
549 608 668 641 Canon
693 607 779 649 juffit
797 608 917 651 quovis⁴
933 615 1021 640 anno
1049 602 1099 636 bis

218 660 274 704 agi
285 658 529 694 provinciarum
542 657 713 700 Synodos,
740 658 838 691 fuerit
859 654 1012 700 impedire
1023 665 1098 696 pen-

218 709 368 745 dentium
398 709 562 742 causarnm
600 706 859 741 veterascentiam
889 729 897 739 .
921 703 1097 739 Praesertim

219 758 481 794 veterascentiam
494 758 678 800 iniquarum
703 755 1098 790 excommunicationum.

219 809 265 842 Et
272 807 350 842 hinc
362 807 467 851 liquet
478 819 531 841 me
540 809 629 851 supra
639 807 721 841 reffl:
732 807 847 840 dixiffe
857 805 993 840 eandem
1008 804 1100 837 ratio-

218 868 297 894 nem
307 857 324 891 ὲ
337 857 512 891 Sardicensi
524 857 661 900 Synodo
671 881 682 896 ,
709 856 787 890 dum
800 853 1102 890 excommunicatos

220 908 369 944 Clericos
392 908 495 941 sanxit
516 907 533 941 ὲ
555 907 671 941 vicinis
695 909 794 940 etiam
807 905 974 949 Episcopis
992 906 1101 937 sanan-

221 958 283 992 dos
295 982 306 998 ,
331 957 423 991 fuisse
441 967 596 990 attentam
608 981 619 988 ,
645 955 848 988 Pleniffimas
862 953 1101 997 Carthaginen-

220 1010 261 1042 ὧ
271 1007 361 1042 Sedis
370 1005 502 1040 arbitrio
514 1028 525 1044 ‚
551 1005 720 1038 Africanas
744 1003 898 1046 Synodos
908 1003 1028 1036 Canon
1045 1001 1101 1036 iste

221 1056 364 1101 permisit
373 1054 506 1088 arbitrio
519 1053 777 1086 provincialium
787 1052 978 1086 Primatum*
986 1051 1101 1094 „Juxta

220 1104 376 1146 antiquos
386 1113 510 1137 mores.
538 1108 594 1136 An
617 1102 835 1136 provinciales
858 1101 986 1145 Synodi
1008 1101 1099 1144 juxta

219 1154 394 1189 Nicaenum
418 1152 591 1187 Canonem
613 1154 735 1196 semper
755 1153 803 1186 bis
824 1154 859 1186 in
871 1164 961 1186 anno
982 1152 1103 1186 fuerint

219 1205 310 1238 fastae
331 1202 417 1247 apud
446 1204 547 1236 Afros
568 1226 578 1241 ‚
604 1202 649 1237 est
677 1203 799 1247 grande
824 1200 960 1236 dubium
982 1216 994 1235 .-
1020 1203 1102 1235 Non

218 1253 335 1298 poffim
347 1253 497 1287 definire.
511 1252 608 1286 Certe
622 1252 725 1296 plures
737 1252 890 1296 Episcopi
902 1251 999 1285 isthic
1010 1252 1104 1296 igno-

218 1303 335 1339 rabant
346 1302 500 1336 Canones
510 1326 521 1342 ,
548 1301 688 1346 ideoque
701 1303 734 1337 ὅ(
747 1303 962 1347 negligebant
973 1327 980 1334 .
1011 1302 1104 1335 Hinc

220 1353 316 1389 tertia
328 1351 594 1395 Carthaginensis
604 1352 757 1395 Synodus
769 1353 873 1385 sanxit
886 1366 898 1385 .-
919 1352 1106 1385 ordinandis

219 1401 378 1445 Epifivpis
391 1403 443 1436 vel
449 1402 666 1443 Clericisprn'is
678 1402 716 1434 ab
729 1401 958 1435 ordinatoribus
964 1400 1032 1444 suis
1048 1404 1106 1434 De·

220 1459 302 1487 creta
311 1453 508 1486 conciliorum
529 1450 654 1484 auribus
681 1463 778 1486 eorum
788 1454 969 1486 inculcentur
981 1476 992 1492 ,
1019 1462 1056 1484 ne
1072 1449 1108 1493 se

220 1503 341 1545 aliquid
346 1511 447 1535 contra
457 1503 577 1535 statuta
591 1501 714 1535 concilii
715 1502 815 1544 fecisse
825 1502 956 1544 asserant
968 1525 975 1532 .
998 1501 1107 1535 Cano-

219 1552 298 1593 nis‚
322 1552 555 1596 aquacumque
575 1551 713 1594 synodo
733 1552 771 1584 sit
784 1575 796 1592 ,
820 1550 938 1585 author
951 1551 1013 1585 fuit
1025 1551 1103 1585 San-

221 1604 293 1637 ctus
306 1601 512 1647 Augustinus
524 1625 536 1642 ,
554 1602 610 1645 qui
623 1601 919 1636 contraNicaenum
930 1602 1109 1636 Cononem

215 1662 279 1696 -per
288 1651 510 1696 ignorantiam
520 1651 688 1685 ordinatus
702 1651 903 1695 Episcopus,
928 1651 1018 1694 quod
1028 1651 1061 1684 in
1076 1651 1107 1684 se

219 1703 344 1737 saelum
365 1701 474 1735 doluit
494 1725 506 1740 ‚
535 1702 569 1733 in
593 1701 667 1734 aliis
689 1699 864 1743 postmodo
886 1700 958 1735 fieri>
979 1701 1107 1735 noluit.

218 1751 272 1786 Ita
295 1751 330 1785 in
340 1750 408 1794 ejus
428 1751 495 1784 vita
519 1751 654 1784 testatur
674 1752 807 1785 Sanctus
818 1751 981 1785 Poffidius
994 1775 1002 1783 .
1029 1750 1106 1785 Post

218 1801 313 1835 hunc
335 1801 511 1835 Canonem
527 1800 627 1835 eredo
654 1800 811 1835 Afrorum
837 1801 996 1836 Primates
1010 1799 1106 1836 bisin

210 1852 345 1896 >quovis
366 1862 457 1884 anno
478 1850 648 1885 celebratae
667 1852 739 1885 suas
757 1851 911 1895 Synodos
931 1877 939 1885 .
970 1852 1047 1886 Hac
1066 1850 1108 1884 de

218 1902 317 1938 causa
327 1901 479 1945 prodiisse
491 1902 618 1936 videtur
629 1901 750 1936 Canon
771 1902 812 1935 de
823 1902 995 1946 Episcopis
1005 1900 1108 1935 distri-

222 1951 363 1988 buendis
374 1951 409 1985 in
421 1961 560 1987 turmas.
586 1950 760 1998 Qidquid
772 1952 830 1991 sit,
856 1951 1000 1986 omnino
1011 1951 1105 1986 semel

221 2002 259 2036 in
279 2012 368 2036 anno
384 2002 525 2046 agebant
543 2001 717 2044 Synodum
739 2027 747 2035 .
775 2001 906 2036 Etenim
928 2002 1108 2046 quotannis

221 2051 361 2085 debebat
371 2051 512 2096 Legatio
523 2051 673 2085 destinari
682 2051 723 2086 ad
736 2052 913 2094 plenariam
924 2051 1107 2095 Synodum:

224 2100 271 2134 Et
283 2101 343 2133 ista
353 2100 498 2144 Legatio
507 2100 646 2134 debebat
655 2100 815 2145 designari
830 2112 869 2135 ac
881 2101 962 2145 eligi
975 2102 994 2135 a
1004 2103 1109 2144 Syno-

224 2149 273 2184 do
284 2148 474 2183 Provinciae.
486 2150 530 2182 Et
542 2151 632 2193 supra
643 2149 827 2184 audivimus
838 2149 881 2184 ab
893 2149 1021 2194 Alipio,
1040 2150 1110 2183 Au-

222 2199 381 2244 gustino,
405 2211 444 2233 ac
465 2198 612 2233 Poffidio
623 2198 800 2235 primatem
819 2201 962 2244 ipsorum
973 2200 1110 2243 Xantip-
1130 2209 1131 2212 ’

219 2257 303 2292 pum
324 2247 463 2291 operose
475 2249 643 2289 excusari,
669 2249 759 2293 quod
779 2249 842 2282 isto
865 2261 955 2283 anno
980 2260 1110 2293 propter

221 2298 404 2340 Tyronum
424 2296 585 2332 tumultus
608 2307 678 2331 non
710 2297 898 2333 celebrasset
914 2299 1087 2342 Synodum
1100 2322 1108 2329 .
1129 2336 1132 2341 .

225 2349 309 2382 Item
332 2347 374 2381 ab
398 2346 558 2386 Aurelio,
583 2347 663 2381 dum
685 2348 936 2382 anniversariam
961 2348 1109 2391 plenaria:

224 2397 355 2439 Synodi
380 2396 597 2430 necessitatem
618 2396 774 2439 abstulit,
799 2398 1002 2432 audivimus:
1032 2402 1108 2430 Cau-

223 2446 270 2491 sae
280 2454 402 2487 autem,
428 2457 495 2488 quae
504 2456 668 2479 communes
679 2458 736 2479 non
742 2445 842 2489 sunt,
863 2445 969 2489 insuit
982 2450 1108 2480 Provin-

225 2502 279 2531 ciis
300 2500 494 2529 terminentur
519 2519 526 2527 .
557 2495 687 2539 Utique
706 2496 841 2541 singulis
858 2496 954 2531 annis
977 2522 984 2528 .
1011 2496 1113 2530 More*

224 2547 384 2589 antiquo.
411 2545 454 2578 Et
470 2544 555 2579 istud
573 2546 678 2589 ipsum
700 2546 838 2582 lucetex
872 2544 938 2580 hoc
948 2547 1110 2580 Canone:

225 2600 301 2630 Dies
327 2597 452 2630 Concilii
470 2620 480 2636 ,
516 2596 631 2638 utique
657 2595 792 2639 plenarii
825 2595 861 2629 ὅ(
882 2596 1110 2635 anniversarii,

225 2644 473 2689 idemsitrvetur,
500 2651 592 2688 quiin
607 2645 791 2687 Hipponenfi
800 2645 928 2679 concilio
937 2645 1107 2686 constitutus

225 2696 265 2738 est
278 2720 290 2736 ,
316 2697 350 2728 id
370 2695 429 2736 est,
455 2696 563 2730 decimo
582 2696 727 2728 kalendas
752 2696 950 2737 Septembris.
977 2698 1022 2729 Et
1043 2694 1111 2737 scri·
1131 2729 1133 2731 a

226 2747 355 2780 bendum
367 2747 410 2778 ad
412 2744 595 2789 singularum
618 2757 866 2788 quarumcumque
881 2749 1110 2783 Provinciam
1130 2757 1134 2761 ’

228 2799 380 2830 Primates
393 2820 403 2835 ,
428 2804 462 2827 ut
470 2797 589 2838 quando
599 2793 721 2838 apudse
733 2797 895 2829 Concilium
906 2806 1086 2840 congregant
1099 2821 1110 2837 ,

230 2846 312 2886 istum
323 2848 404 2879 diem
426 2857 483 2878 mm
495 2846 677 2887 impediant.
707 2846 838 2879 Etenim
859 2847 995 2889 quintus
1008 2846 1111 2880 Nicae-

232 2905 295 2928 nus
314 2896 432 2928 Canon
455 2893 570 2930 diserte
593 2895 728 2929 mandat
739 2920 749 2936 ,
777 2904 812 2929 ut
826 2896 966 2930 secunda
977 2896 1116 2930 provin--

228 2943 288 2978 ciae
300 2944 451 2986 Synodus
472 2945 649 2987 quotannis
674 2946 730 2979 fiat
743 2946 826 2979 circa
838 2956 964 2988 tempus
975 2947 1113 2980 Autum-

232 2993 288 3027 ni.
314 2993 416 3029 Tunc
440 2994 540 3037 igitur
562 2995 719 3030 Afrorum
742 2995 1023 3030 etiamPrimates
1042 3001 1117 3041 age-²

240 3043 320 3078 bant
331 3043 620 3083 Synod0s1.„H-inc
632 3045 734 3079 videri
746 3046 864 3089 poffint
877 3044 926 3079 bis
936 3046 1044 3079 feciffe
1055 3070 1063 3078 .

284 3092 378 3126 Hinc
388 3092 651 3129 etiamdiscnnus
661 3119 673 3135 ,
699 3108 766 3139 quo
776 3096 858 3130 anni
869 3107 1014 3139 tempore
1025 3095 1114 3129 fieret

235 3142 295 3177 ista
308 3142 449 3184 plenaria
472 3145 686 3179 anniversaria
696 3146 850 3188 Synodus
861 3170 868 3178 .
895 3145 1114 3190 Nempedeci-

235 3203 294 3227 mo
307 3190 469 3227 Kalendas
479 3194 675 3235 Septembris
684 3219 693 3229 .
719 3196 764 3229 Et·
773 3198 819 3230 ita
830 3196 986 3230 statutum
1000 3197 1064 3230 fuit
1073 3196 1114 3230 ab

242 3242 313 3285 eius
334 3241 488 3282 authore,
519 3243 724 3286 Hippoi-tensi
748 3247 885 3288 synodo
905 3270 912 3278 .
941 3247 1113 3280 Praefatum

235 3291 412 3327 Canonem
425 3316 435 3331 ,
450 3292 572 3328 omiffis
584 3303 691 3327 tamen
704 3294 805 3329 verbis
822 3321 833 3336 ,
843 3301 934 3338 quiin
946 3295 1119 3338 Flipponenfi

238 3343 367 3377 Concilio
388 3341 635 3383 constitutusest',
661 3345 795 3379 confusa
817 3346 872 3379 illa
887 3348 1042 3380 Afrorum
1056 3346 1116 3380 Ca-

238 3401 365 3427 nonum
379 3393 507 3436 farrago
520 3392 600 3436 legit
621 3393 656 3426 in
666 3394 810 3428 eundemv
825 3397 961 3431 modum
977 3421 984 3430 .
1009 3396 1057 3431 At
1067 3406 1116 3430 ve-

293 3470 300 3479 ,
320 3440 440 3482 Christ.
453 3445 531 3485 Lupi
543 3447 641 3486 Opera
653 3445 762 3476 Tom.V
763 3447 817 3477 111.

1151 302 1289 348 servetur
1302 327 1309 335 .
1338 303 1421 350 Qae
1439 303 1534 337 1εᾶἰο
1556 302 1682 338 videtur
1710 308 1828 341 verior.
1859 306 1921 342 Ista
1941 306 2031 339 enim

1156 353 1326 398 tempestas
1337 353 1421 397 apud
1431 353 1552 387 calidas
1564 353 1731 398 Regiones
1741 356 1786 388 est
1795 357 2033 400 Episcoporum

1158 403 1266 438 itineri
1278 402 1379 448 longe
1390 404 1608 448 opportunior
1617 427 1626 435 .
1640 402 1697 437 ‘Et
1709 404 1811 446 ipsum
1822 406 1947 439 fortiter
1958 417 2035 440 con-

1159 454 1263 487 firmat
1285 454 1394 487 Sancti
1415 453 1594 498 Augustini
1618 454 1823 496 Rescriptum
1836 456 1883 488 *ad
1906 466 2036 498 praeten·

1159 501 1228 537 sum
1241 503 1415 537 Primatem
1429 503 1640 538 Vieiorinum
1655 518 1665 537 .·
1678 502 1833 536 wartona
1843 505 1888 536 eid
1897 517 1942 536 me
1952 512 2039 546 quin-

1158 562 1187 586 to
1201 555 1275 587 Idus
1285 553 1465 587 Novembris
1476 560 1561 587 venit
1576 579 1583 586 .
1610 550 1801 588 Vistorlnus
1812 554 1879 596 quo
1891 555 2038 587 anniver-

1161 605 1271 637 sariam
1286 605 1461 647 plenariam
1474 604 1646 647 Synodum
1660 600 1930 647 nonimpedir'et,
1952 604 2040 637 suam

1162 653 1403 688 provincialem
1425 654 1550 688 indixit
1570 654 1610 688 ad
1632 654 1775 688 medium
1794 663 1849 687 aut
1862 653 1959 687 finem
1972 653 2042 685 No-

1163 703 1321 737 vembris:
1350 704 1451 750 Quod
1474 703 1597 748 nempe
1611 704 1671 738 ista
1687 704 1866 738 undecimo
1876 702 2043 737 Kalendas

1163 752 1303 795 ejusdem
1325 755 1443 787 mensis
1463 755 1567 788 fuerat
1590 753 1779 788 celebranda
1796 752 1811 786 .’
1835 754 1878 787 Et
1894 752 2044 787 'omnino

1163 802 1355 846 expediebat
1368 803 1609 838 provincialem
1619 804 1691 846 post
1704 798 1881 847 plenari‘a‘m
1894 828 1905 844 ,
1922 814 1960 837 ac
1971 801 2044 846 post

1164 853 1362 897 Legatorum
1373 852 1591 889 reditum-fieri
1605 868 1616 887 .·
1640 854 1723 901 Qo
1743 854 1860 897 nempe
1873 852 1968 895 hujus
1980 853 2045 886 De·

1163 913 1248 936 creta
1261 905 1385 946 possent
1411 905 1446 938 in
1458 905 1516 939 ista
1536 902 1693 948 publicari
1706 904 1777 945 ‚„&
1788 902 1921 937 mitti·in
1932 914 2045 941 execu-

2056 470 2200 511 Epitbzxz
2212 489 2220 503 v

1137 968 1142 973 «
1171 952 1312 986 tionem.
1342 954 1502 989 Attamen
1514 954 1583 988 dies
1592 954 1650 988 ista
1664 965 1732 988 non
1749 951 1887 996 amplius
1899 952 2046 987 obtinuit

1165 1002 1235 1044 post
1259 1000 1686 1039 sublatamanniversariam
1709 1003 1925 1038 neeeffitatem
1937 1003 2047 1046 plena-

1164 1050 1215 1084 riae
1239 1051 1366 1094 Synodi
1381 1077 1388 1084 .
1420 1052 1553 1087 Exinde
1573 1053 1640 1088 lraec
1660 1054 1779 1099 agitari
1802 1052 2048 1097 coepirquovis

1165 1100 1244 1134 anni
1256 1111 1421 1144 tempore:
1449 1102 1504 1136 Ad
1516 1102 1711 1137 rationabile
1723 1104 1970 1147 Beneplacitum
1982 1102 2051 1136 Pri·

1165 1150 1261 1184 matis
1282 1149 1567 1195 Carthaginenns.
1593 1152 1788 1195 Aliquando
1809 1153 1861 1187 bis
1871 1153 1925 1187 ''inss
1938 1162 2050 1191 anno,

1166 1200 1346 1245 aliquando
1366 1211 1556 1244 nunquam.
1586 1201 1689 1235 Prout
1710 1202 1854 1235 rationes
1872 1202 2052 1246 cogerent,

1166 1261 1223 1285 aut
1245 1250 1432 1284 suaderent.
1458 1250 1613 1294 Ejusdem
1636 1251 1670 1285 in
1682 1250 1816 1285 arbitrio
1834 1249 1925 1284 erant
1937 1252 2006 1284 dies
2015 1262 2054 1284 ac

1168 1310 1297 1344 tempus
1318 1300 1506 1344 pleniffimae
1525 1300 1674 1343 Synodi.
1703 1300 1838 1334 Exinde
1863 1300 2055 1334 Provincia·

1170 1351 1254 1384 lium
1262 1349 1475 1393 Synodorum
1488 1350 1560 1387 dies
1569 1349 1667 1385 etiam
1679 1350 1797 1384 redivit
1808 1349 1849 1384 ad
1863 1349 2057 1394 Beneplaci·

1169 1409 1240 1435 tum
1253 1398 1434 1436 Primatum
1446 1426 1454 1434 .

1219 1449 1332 1484 Altera
1344 1451 1479 1495 quaestio
1489 1450 1536 1485 est
1553 1475 1565 1491 ,
1592 1451 1680 1500 Qis
1693 1451 1790 1487 fuerit
1802 1450 1894 1486 locus
1908 1450 2058 1494 plenarian

1170 1510 1226 1544 per
1242 1500 1387 1545 Legatos
1406 1501 1565 1544 Synodi?
1590 1502 1779 1546 Respondet
1802 1501 1930 1536 Primas
1954 1503 2058 1535 Aure-

1169 1549 1249 1584 lius:
1277 1550 1475 1592 Constitutum
1487 1551 1526 1592 est
1536 1556 1569 1583 ln
1589 1554 1716 1585 Concilio
1734 1550 1913 1594 Hipponenfi
1921 1575 1932 1592 ,
1958 1560 1991 1584 ut
1996 1550 2061 1592 fin-

1163 1601 1245 1644 gulis
1266 1606 1360 1634 annis
1379 1600 1603 1635 contraheretur
1629 1603 1792 1635 Concilium
1822 1601 1931 1643 Africae
1952 1602 2059 1643 plena-

1169 1655 1246 1683 n’um
1263 1673 1274 1689 ,
1298 1662 1362 1683 nonv
1374 1651 1494 1684 tantum
1516 1649 1565 1684 bic
1585 1653 1670 1693 apud
1688 1650 1902 1695 Carthaginem
1915 1675 1925 1690 ‚
1953 1651 2061 1683 verum

1169 1705 1258 1733 etiam
1266 1708 1323 1741 per
1338 1698 1475 1742 diversas
1489 1702 1664 1734 Provincias
1671 1700 1724 1743 suo
1733 1702 1835 1735 ordine
1847 1725 1854 1732 .
1881 1705 1927 1733 Et
1942 1700 1995 1734 hoc
2016 1711 2061 1733 re-

1165 1747 1326 1792 servatum
1337 1749 1375 1789 est
1385 1774 1396 1790 ,
1420 1758 1454 1783 ut
1464 1749 1654 1784 indiceremus
1666 1751 1830 1793 aliquando
1840 1756 1873 1782 in
1887 1752 2038 1782 Numidia
2047 1773 2060 1790 ‚

1169 1801 1328 1842 aliquando
1337 1805 1370 1832 in
1383 1802 1522 1838 Byzacio.
1549 1800 1594 1834 Et
1606 1801 1651 1835 ita
1673 1801 1737 1835 fuit
1759 1799 2034 1834 omninorfactum
2050 1823 2061 1831 .

1170 1850 1342 1884 Habemus
1363 1850 1398 1883 in
1418 1850 1566 1893 Byzacio
1588 1850 1902 1894 Septimunicenfem
1920 1875 1931 1891 ,
1957 1850 2060 1883 Suffe-

1170 1899 1330 1934 tulensem
1344 1923 1354 1940 ,
1380 1899 1640 1935 Macrianensem
1652 1925 1663 1941 ,
1694 1901 1884 1945 Juncensem
1897 1923 1908 1939 ,
1933 1912 1972 1934 ac
1983 1900 2065 1934 Mas

1171 1950 1376 1984 razanensem
1392 1974 1401 1990 ,
1430 1951 1462 1983 in
1479 1950 1640 1985 Numidia
1652 1950 1905 1995 Hipponensem
1918 1974 1929 1991 ‚
1956 1961 1992 1983 ac
2004 1949 2066 1992 Sy-

1172 2001 1294 2034 nodum
1309 2000 1538 2035 Milevitanam
1551 2025 1559 2033 .
1587 2002 1730 2045 Ioannes
1751 2000 1931 2035 Garnetius
1945 1998 2036 2033 addit
2048 2013 2061 2033 .-

1172 2055 1207 2083 N
1209 2052 1278 2083 ullae
1282 2049 1356 2092 sunt
1368 2049 1481 2084 habitae
1491 2059 1578 2084 extra
1589 2053 1771 2085 Numidiam
1783 2076 1794 2092 ,
1811 2049 2060 2093 Proconsularem,

1172 2102 1206 2133 (9
1222 2102 1397 2138 Byzacium.
1425 2103 1511 2143 ,Quia
1523 2102 1643 2142 reliquae
1658 2104 1828 2134 Provinclae
1850 2106 1951 2133 minus
1974 2108 2063 2133 erant

1172 2157 1344 2191 opportunae
1365 2157 1491 2191 propter
1511 2150 1685 2189 distantiam
1703 2174 1713 2188 ,
1739 2161 1830 2192 quam
1847 2150 2006 2191 praedillae
2028 2155 2062 2182 in

1172 2200 1279 2232 media
1297 2198 1402 2240 Africa
1414 2197 1497 2240 fitae.
1528 2199 1630 2234 Poffit
1652 2199 1736 2233 labi.
1764 2201 1956 2233 Licetenim
1969 2200 2062 2233 reser-

1173 2260 1284 2282 vatum
1307 2249 1424 2287 fuerit,
1451 2259 1486 2283 ut
1506 2249 1677 2293 praesertim
1699 2250 1732 2283 in
1755 2250 1899 2293 Byzacio
1927 2262 1964 2283 ac
1990 2249 2062 2282 Nu-

1176 2298 1276 2331 midia
1293 2298 1357 2332 istae
1369 2299 1494 2343 Synodi
1507 2296 1623 2333 fierent
1639 2324 1650 2339 ,
1678 2299 1795 2342 poffint
1813 2311 1922 2334 tamen
1943 2300 2062 2342 aliquae

1172 2348 1263 2382 fuisse
1275 2348 1410 2381 faitaein
1421 2349 1493 2382 aliis
1511 2349 1715 2383 Provinciis.
1745 2350 1879 2383 Etenim
1901 2349 2062 2382 Sitifensis

1173 2398 1356 2432 Cellensem
1380 2422 1390 2438 ‚
1417 2398 1547 2432 forsitan
1574 2399 1608 2433 δε
1631 2399 1893 2433 Macrianensem
1916 2422 1927 2438 ,
1960 2398 2064 2443 Caesa-

1173 2448 1295 2481 raeensis
1308 2447 1508 2481 Mauritania
1522 2448 1651 2482 forsitan
1662 2447 1776 2482 habuit
1789 2449 1960 2490 Synodum
1983 2449 2063 2490 Jun-

1172 2497 1322 2530 censem.
1349 2495 1439 2530 Dico
1464 2522 1474 2537 ,
1500 2496 1637 2537 Forsitan
1655 2522 1662 2530 .
1700 2497 1778 2531 Alia
1806 2497 2060 2541 namque'apud

1174 2545 1378 2588 Byzacium,
1403 2546 1466 2579 alia
1490 2546 1662 2581 Macriana
1686 2548 1748 2581 fuit
1774 2547 1858 2590 apud
1871 2547 2063 2581 Sitifensem

1174 2597 1252 2629 Alia
1263 2596 1343 2629 item
1366 2596 1466 2638 Junca
1481 2597 1545 2630 fuit
1569 2597 1652 2640 apud
1665 2597 1844 2640 Byzacium
1860 2606 1871 2636 ⁷,
1894 2597 1959 2630 alia
1973 2597 2060 2639 apud

1174 2645 1415 2679 Caesaraeenses.
1445 2646 1500 2679 An
1523 2657 1680 2690 utraque,
1705 2658 1746 2681 an
1771 2646 1951 2687 unicas&
1978 2657 2061 2690 quae-

1175 2707 1251 2730 nam
1262 2695 1411 2729 habuerit
1422 2696 1593 2738 Synodum
1609 2722 1619 2736 ‚
1647 2696 1789 2741 ignoro}
1805 2696 1996 2732 'tFerrandus
2017 2696 2059 2730 ad

1176 2757 1236 2780 nos
1255 2745 1428 2780 transmisit
1449 2746 1514 2779 sola
1538 2748 1743 2790 quorundam
1767 2747 1947 2782 Canonum
1970 2758 2060 2782 com-

1175 2796 1312 2839 pendia.
1339 2795 1676 2830 Interimomnesistae
1700 2796 1827 2840 Synodi
1849 2799 1980 2832 fuerunt
1991 2809 2060 2832 om-

1175 2847 1258 2879 nino
1270 2846 1436 2889 plenariae.
1464 2846 1922 2891 Africaninamque-Codicis
1946 2847 2061 2882 Colle·

1174 2898 1241 2930 &or
1273 2895 1313 2928 ad
1338 2894 1652 2940 Carthaginensem,
1678 2898 1736 2931 sub
1754 2897 1903 2932 Honorii
1919 2898 2059 2940 septimo

1176 2958 1213 2979 ac
1235 2946 1334 2979 tertio
1362 2942 1544 2981 Theodosii
1559 2946 1739 2982 Consulatu
1759 2946 1975 2988 celebratam,
2002 2947 2059 2990 Sy·

1176 2995 1301 3030 nodum
1313 2994 1521 3030 subnotavit.-
1550 2996 1637 3037 (ἥβη
1659 2996 1749 3039 hujus
1770 2992 1894 3031 concilii
1915 2997 1980 3030 idea
1999 3007 2060 3030 non
2075 2989 2147 3021 0³¹¹·
2170 2999 2232 3024 ¹0?-

1176 3043 1330 3088 descripsi,
1355 3051 1492 3087 quoniam
1504 3048 1691 3080 Provinciale
1702 3072 1713 3088 ,
1740 3057 1798 3080 non
1812 3044 1980 3090 universale
1991 3048 2059 3081 cele-

1177 3097 1297 3129 bratum
1317 3094 1375 3133 est.
1402 3094 1547 3131 Proinde
1568 3096 1824 3131 provincialium
1841 3096 2058 3141 'Synodorum

1179 3146 1332 3181 Canones
1359 3153 1509 3188 poterant
1536 3148 1625 3180 suam
1651 3146 1860 3181 Provinciam
1887 3162 1897 3188 3
1931 3159 2059 3192 nequa·-

1178 3197 1276 3241 quam
1297 3193 1434 3240 dirigere
1462 3206 1598 3230 omnem
1618 3195 1768 3231 Africam
1791 3221 1803 3238 ,
1829 3198 1970 3243 ideoque
1996 3209 2057 3232 nec

1177 3245 1407 3291 redigebantur
1432 3246 1466 3278 in
1478 3256 1687 3281 communem
1700 3246 1858 3282 codicem
1870 3260 1887 3280 .·
1905 3249 1953 3282 At
1979 3248 2057 3282 vero

1168 3295 1354 3334 ,Fet-raudus
1375 3294 1547 3330 Diaconus
1571 3320 1582 3337 ,
1608 3308 1651 3331 ac·
1667 3297 1860 3332 Cresconius
1880 3297 2056 3332 Africanus

1181 3346 1357 3391 Episcopus
1369 3345 1499 3379 istarum
1513 3347 1722 3389 synodorum
1732 3347 1886 3385 Canones
1895 3347 2058 3392 congesse-

1178 3405 1253 3432 runt
1264 3399 1301 3433 in
1312 3396 1383 3430 suos
1394 3394 1536 3431 Codices
1549 3410 1567 3429 t-
1580 3396 1691 3432 *Erant
1701 3397 1803 3442 igitur
1810 3398 1963 3445 plenaria?
1972 3406 2018 3477 ‚dr
