2326 3718
115 514 270 543 L.1·c.26.

126 2498 218 2538 Epist.
229 2509 253 2529 1·

359 126 421 172 80

298 208 518 246 contraxerit.
545 202 652 240 Porro
663 216 705 240 an
716 205 1038 240 Franco-Fordiensis
1057 205 1185 247 synodi

298 262 451 296 canones
463 256 703 291 confirmaverit
714 256 866 291 Romana
882 255 1023 290 Ecclefia
1036 281 1047 297 ‚
1057 256 1101 290 est
1115 266 1184 289 nou

296 312 425 345 modica
441 306 599 350 quaestio.
626 306 757 340 Eruditi
771 307 877 351 plures
889 307 1020 340 censent
1039 317 1078 340 ea
1086 304 1186 340 dum-

293 358 608 398 taxatconfirmata,
634 357 785 401 quaeillic
805 356 929 391 sancita
955 356 1030 390 sunt
1052 367 1110 399 pro
1133 367 1183 389 or-

293 408 442 442 thodoxa
455 408 520 443 fide
533 416 648 443 contra
662 418 784 443 errores
810 407 1049 477 Episcoporum
1064 405 1200 445 Felicis

293 471 331 493 ac
354 458 530 502 Elipandi.

341 508 511 544 Dominus
531 507 646 543 Petrus
669 507 709 542 de
731 506 844 540 Marc‘a
868 508 975 553 pergit
994 505 1034 542 ad
1057 508 1180 540 sextam

289 559 462 601 synodum
475 559 615 593 Parifien
622 560 684 591 sem
696 581 707 597 ,
734 557 766 590 δε
781 555 890 591 scribit
907 572 918 591 .·
946 558 1110 589 Concilium
1122 558 1181 589 Pa-

286 607 403 653 rifiense
425 609 578 652 manifeste*
594 608 705 650 probat
731 613 815 640 viam
829 608 1006 649 appellandi
1025 607 1179 640 adsedem

287 661 474 703 apostolicam
487 662 615 693 nondum
622 658 712 699 fuisse
722 665 863 699 apertam
869 666 927 699 per
941 657 1010 696 istas
1030 656 1178 699 tempesta*

285 718 332 746 tes
344 737 355 752 ,
381 723 446 746 cum
457 712 554 744 doleat
568 710 696 741 clericos
708 707 746 740 ab
760 706 916 750 Episcopis
924 706 990 750 suis
1001 707 1154 752 castigatos
1163 732 1174 748 ,

285 763 422 804 querelas
446 764 492 801 od
511 763 620 802 Regem
643 757 758 799 def-erre
776 757 879 801 solitos
899 783 910 798 ,
937 759 1053 800 quando
1073 759 1176 799 synodi

283 811 485 844 Provinciales
499 820 556 844 non
569 808 758 842 habebantur
769 832 777 841 .
806 806 958 852 Synodus
978 808 1175 843 lamentatur

282 861 435 903 quintum
457 859 634 893 Nicaenum
657 859 832 893 Canonem
847 883 856 898 ,
884 858 940 901 qui
966 856 1014 891 bis
1038 859 1071 892 in
1085 870 1173 892 anno

279 910 416 945 mandat
437 909 593 944 celebrari
617 908 798 944 Provinciae
811 908 1003 951 Synodum,
1033 920 1102 942 non
1117 908 1174 944 ob-

279 961 395 995 servari
409 961 443 994 in
455 960 565 995 Gallia
578 985 589 1002 ‚
615 961 648 994 &
661 959 827 1003 adjungit:
855 957 900 991 Ob
924 959 960 991 id
969 958 1173 999 Ecclefiasticae

278 1012 408 1045 utilitati
419 1019 560 1057 magnum
570 1008 760 1053 dispendium
777 1032 789 1049 ‚
815 1010 851 1042 (9·
874 1009 1098 1048 Ρνὶηεφαίὶόιιι
1121 1021 1172 1042 au·

279 1061 365 1095 ribus
378 1066 410 1094 in
425 1063 506 1096 olens
516 1061 781 1103 impedimentum,
798 1059 845 1091 rtit·
865 1059 1021 1090 multorum
1044 1064 1170 1100 impum-

277 1118 328 1144 taes
346 1059 692 1155 nasgtufflagitiomm.
716 1104 814 1140 -Hine
830 1107 937 1155 rigide
949 1108 1082 1143 mandat
1094 1133 1105 1149 ‚
1134 1119 1169 1143 ut

275 1158 580 1195 Nicaeum-‚Canon
604 1157 925 1200 ‘deinceps'setvetur
951 1157 992 1191 ab
1013 1159 1169 1193 omnibus

276 1202 529 1254 Metropolitisr
551 1207 754 1253 Respondeo
767 1207 851 1241 hanc
866 1208 1075 1242 parisiensem
1100 1211 1167 1243 san·

274 1262 420 1294 &ionem
432 1269 502 1292 non
519 1259 623 1292 facere
640 1258 680 1292 ad
693 1258 900 1301 Propositum
916 1284 923 1291 .
950 1259 1085 1293 Etenim
1107 1270 1167 1292 nos

272 1308 329 1343 hic
343 1309 471 1354 agimus
481 1306 522 1342 de
531 1308 692 1342 Romanis
704 1309 909 1342 Clericorum
923 1307 1071 1342 adversus
1086 1308 1167 1343 Pro-

271 1360 468 1394 vincialium
489 1358 700 1401 Synodorum
712 1357 834 1400 judicia
851 1356 1164 1401 provocationibus,

271 1421 341 1453 quae
361 1410 430 1443 fieri
443 1419 511 1442 non
526 1418 691 1452 poterant,
704 1407 784 1444 dum
796 1407 892 1442 nullae
911 1408 1094 1442 istiusmodi
1108 1410 1165 1452 Sy:

270 1460 353 1503 nodi
366 1460 402 1494 in
414 1458 524 1493 Gallia
537 1459 788 1494 celebrabantur.
822 1457 853 1493 A
867 1457 1080 1503 singularibus
1092 1461 1164 1493 suo-

276 1521 350 1544 rum
362 1509 561 1545 Antistitum
575 1510 712 1554 Iudiciis
727 1520 794 1545 non
807 1509 847 1544 ad
869 1506 1099 1552 Ap0stolicam
1111 1511 1162 1543 Se-

269 1558 344 1595 dem
358 1560 474 1596 Clerus
483 1562 658 1596 consuevit
671 1561 838 1605 refugere,
865 1558 924 1592 sed
928 1559 969 1592 'ad
996 1561 1057 1592 suae
1083 1557 1162 1591 Pro·

266 1609 385 1645 vinciae
407 1610 587 1654 Synodos-
606 1610 700 1658 Qja
727 1610 843 1656 igitu'r
851 1605 899 1641 hae
924 1619 991 1642 non
1014 1606 1159 1648 fiebant,

266 1659 451 1705 refugiebat
463 1659 574 1695 illead
598 1660 751 1705 Regem,
778 1652 962 1701 supplicans
973 1658 1160 1699 appellatio-

266 1721 344 1744 nem
356 1712 447 1743 suam
470 1708 651 1743 tranfinitti
653 1672 713 1739 gad
723 1705 1020 1740 tribunalPalatini
1043 1703 1159 1737 Archia*

267 1757 465 1802 Capeliani
490 1755 602 1804 Qod
623 1752 805 1789 Parilienfis
818 1753 972 1795 Synodus
984 1751 1068 1787 nihil
1080 1766 1158 1788 con-

267 1816 318 1844 tra
330 1809 482 1842 Sanctum
494 1806 631 1841 Petrum
642 1806 806 1847 sanxerit,
824 1805 928 1848 liquet
940 1815 981 1838 ex
994 1816 1034 1838 eo
1047 1827 1058 1844 ‚
1067 1803 1158 1848 quod

268 1858 393 1894 sanciat
415 1857 578 1892 observari
600 1856 755 1891 Nicaenos
778 1848 968 1896 Canones,
993 1853 1012 1888 ὲ
1037 1855 1158 1898 quibus

267 1908 390 1944 sciebat
412 1908 575 1942 Romanae
595 1907 842 1951 Appellationis
852 1905 1043 1949 potestatem
1064 1903 1158 1939 fuisse

266 1959 501 1995 confirmatam
514 1981 526 1998 ,
552 1968 589 1992 ac
600 1958 758 1992 redactam
772 1958 805 1991 in
817 1957 980 2000 Scriptum
995 1981 1002 1989 .
1028 1957 1072 1990 Et
1094 1956 1157 1990 isso

266 2018 419 2052 tempore
431 2007 594 2043 Romana
603 2007 703 2043 etiam
727 2008 815 2042 Cleri
827 2005 1075 2051 Appellationes
1095 2008 1156 2050 ple-

267 2070 314 2095 na
327 2059 477 2094 libertate
486 2058 674 2104 gaudebant
686 2060 722 2092 in
734 2058 843 2093 Gallia
855 2083 865 2091 .
892 2057 1024 2092 Etenim
1037 2057 1078 2092 ab
1092 2057 1156 2091 Eb-

268 2109 360 2146 bone
380 2109 534 2144 Remenfi
556 2108 849 2152 Archi-Episcopo
880 2108 1062 2142 consecrati
1083 2131 1094 2147 ,
1120 2109 1155 2142 &

270 2172 327 2204 per
339 2160 426 2193 illius
441 2158 659 2194 Succefforem
672 2159 895 2192 Hincmarum
906 2156 1074 2200 degradati
1088 2157 1159 2192 Cle-

270 2210 330 2244 rici
341 2209 542 2253 appellarunt
554 2210 599 2243 ad
612 2208 796 2242 Nicolaum
809 2206 1010 2242 Pontificem
1023 2231 1034 2247 ,
1060 2207 1095 2241 δε
1107 2219 1160 2250 per

269 2259 374 2303 ipsum
387 2260 520 2293 fuerunt
531 2258 670 2292 restituti
684 2283 692 2291 .
719 2259 763 2292 Et
786 2258 1022 2301 Episcoporum
1049 2257 1160 2291 nullus

271 2310 465 2354 praesumpsit
492 2308 691 2343 intercedere
701 2333 709 2340 .

279 2367 282 2369 ·
324 2360 522 2394 Carolinurn
546 2359 702 2403 Regnum
724 2357 981 2393 ducitaCarolo
1001 2356 1159 2392 Martello

273 2410 458 2455 originem.
486 2410 533 2443 At
548 2409 626 2443 vero
649 2408 709 2443 sub
728 2408 798 2452 ejus
819 2407 1011 2453 Principatu
1033 2407 1160 2452 Grego-

273 2459 338 2495 rius
350 2460 406 2495 111.
431 2461 553 2504 scripsit
567 2459 607 2494 ad
619 2459 770 2493 Sanctum
782 2458 995 2494 Bonifacium
1017 2457 1171 2504 Aposto-⁹

274 2511 376 2545 licum
412 2509 528 2544 nostrae
559 2510 669 2555 gentis
698 2507 873 2543 Vicarium
894 2522 902 2542 :
932 2507 1160 2548 Presbyterum,

274 2572 359 2605 quem
368 2566 523 2603 praeterito
533 2560 670 2605 offeruisti
682 2571 762 2592 anno
768 2560 814 2592 ad
826 2571 879 2593 nos
901 2558 1009 2602 venisse
1021 2583 1032 2599 ‚
1059 2556 1159 2598 nostro-

275 2624 332 2656 que
338 2613 454 2654 judicio
459 2610 546 2655 fuiffe
559 2613 579 2643 ἃ
587 2609 652 2653 suis
666 2609 793 2650 nefartis
805 2607 967 2650 absolutum
977 2606 1160 2649 aHionibus',

274 2664 379 2696 credas
402 2673 495 2704 neque
523 2661 606 2693 nobis
619 2659 753 2701 anquam
765 2658 956 2699 confessionem
963 2659 1060 2702 fectsse
1072 2683 1083 2698 ,
1109 2669 1160 2691 nec

276 2713 298 2744 ἃ
314 2711 396 2743 nobis
411 2735 421 2750 ,
447 2720 480 2743 ut
501 2708 569 2753 suos
589 2709 708 2751 expleat
719 2708 844 2748 libitus,
871 2707 1036 2752 absolutum
1049 2708 1139 2750 fuisse

275 2760 471 2794 Bonifatius
482 2770 684 2803 nequaquam
698 2757 846 2793 adversus
857 2757 1041 2801 Presbyteri
1057 2757 1150 2801 appel

278 2811 436 2845 lationem
449 2835 460 2851 ,
488 2809 541 2843 sed
564 2809 713 2843 adversus
733 2809 834 2843 solam
846 2808 912 2851 ejus
927 2809 1161 2842 frivoleitatem

276 2861 492 2895 intercefferat
504 2873 511 2892 ε
525 2886 527 2888 .
539 2860 612 2894 Nec
626 2870 694 2894 non
716 2858 867 2893 adversus
890 2859 1028 2892 nimiam
1040 2857 1149 2892 Roma

277 2921 327 2944 nae
350 2911 498 2945 Ecclefiae
529 2909 767 2954 indulgentiam
790 2933 801 2949 ,
814 2914 896 2951 ‘quae
922 2907 1161 2952 appellantibus

279 2961 416 2995 Clericis
441 2971 507 2994 non
522 2971 576 3004 per
597 2961 698 2994 solam
711 2959 891 3003 justitiam,
917 2960 972 2993 sed
994 2960 1092 2993 etiam
1106 2970 1160 3002 per

279 3011 417 3053 gratiam
439 3010 535 3044 nimis
561 3010 700 3045 faciliter
717 3008 872 3044 reddebat
893 3010 985 3043 suum
996 3009 1136 3054 gradum

279 3058 350 3091 Hic
375 3058 418 3090 est
443 3061 556 3092 unicus
574 3062 688 3095 titulus
700 3070 754 3094 aut
774 3061 889 3099 fucus,
918 3062 951 3093 in
966 3071 1032 3104 quo
1047 3060 1158 3093 Hinc-

280 3119 389 3142 marus
399 3106 586 3142 Rhemenfis
599 3111 797 3153 Episcopus,
824 3121 860 3144 ac
879 3120 933 3152 per
955 3111 1058 3153 ipsum
1084 3109 1158 3142 Rex

280 3158 420 3192 Carolus
431 3158 551 3191 Calvus
563 3159 739 3193 fundarunt
760 3162 830 3194 suas
842 3161 1061 3209 querimonias
1081 3171 1159 3193 con-

280 3217 329 3242 tra
342 3207 510 3239 Romanas
522 3207 725 3242 Clericorum
738 3210 901 3253 Appellat
894 3222 1000 3244 iones
1028 3207 1158 3243 Nihilo-

281 3257 393 3292 minus
415 3255 476 3288 illae
497 3267 701 3300 perrexerunt
716 3270 914 3301 peromnem
928 3260 1070 3295 Galliam
1093 3269 1156 3293 am-

282 3308 393 3343 bulare
404 3305 574 3339 liberrimis
587 3307 736 3348 pedibus.
767 3308 897 3343 Etenim
910 3311 993 3354 apud
1008 3310 1156 3344 Gratiani

282 3358 460 3392 Decretum
472 3355 573 3389 exstat
587 3355 718 3389 Nicolai
733 3358 827 3399 primi
842 3359 1011 3395 Pontificis
1021 3359 1157 3403 epistola

283 3407 325 3442 ad
337 3406 528 3442 Gallionem
550 3406 726 3441 senensem
749 3406 964 3452 Episcopum.
991 3410 1047 3445 Est
1063 3421 1159 3444 men·-

792 121 878 168 DE
912 119 1284 168 nuncnune
1317 116 1629 169 Ecctesrffi

1246 202 1325 237 dum
1337 229 1344 236 ·
1372 203 1562 250 Legendum
1573 208 1641 242 est:
1664 207 1719 243 Ad
1731 207 1943 250 Wenilonem
1957 212 2125 248 Senonew·

1246 255 1310 286 sem
1317 252 1541 299 Episcopum
1567 260 1706 294 Volumus
1720 261 1754 294 (st
1766 261 1922 303 Apostoltcae
1940 261 2121 297 authoritate

1243 314 1416 344 monemus,
1439 315 1476 340 ut
1497 309 1671 349 Presbyter,
1697 310 1742 342 de
1753 322 1810 352 quo
1828 316 1926 354 agitur
1937 337 1949 354 ,
1968 311 2063 355 sipost
2070 324 2120 346 ex·

1243 354 1528 395 communicationem
1541 359 1630 403 suam
1651 360 1735 393 adire
1749 359 1937 406 Apostolicam
1945 364 2050 397 Sedem
2060 375 2117 397 vo-

1240 404 1352 446 luerit,
1378 406 1482 439 nullus
1492 412 1552 447 iter
1572 412 1636 451 ejus
1661 410 1803 452 impedire
1814 410 1999 455 prasumat.
2026 412 2117 447 Inter

1240 454 1380 496 ejusdem
1402 455 1573 493 Pontificio
1597 461 1781 505 fragmenta
1803 460 1905 496 exstat
1914 463 2050 505 epistola
2072 463 2116 498 ad

1239 505 1425 539 Herardum
1437 505 1668 545 Turoneusem
1686 510 1904 568 Episcopum,
1931 521 1996 554 qua
2014 511 2119 552 Chri·-

1239 554 1429 600 stophorum
1451 555 1678 602 Presbyterum
1689 585 1701 602 ,
1728 561 1768 595 de
1790 562 1886 595 variis
1898 561 2091 595 damnatum
2103 586 2117 604 ,

1237 616 1275 641 ac
1297 607 1338 640 ad
1360 608 1390 640 sc
1410 607 1649 650 appellantem,
1675 611 1816 647 declarat
1837 611 2015 646 innoxium
2029 635 2041 652 ,
2069 623 2117 646 re-

1239 657 1331 698 ponit
1354 657 1388 690 in
1409 658 1548 702 gradum
1563 682 1573 698 ,
1597 660 1629 692 ei
1648 658 1758 703 supet-
1770 662 1959 696 ordinatum
1978 661 2122 697 mandato

1235 706 1376 750 expelli,
1403 720 1441 742 ac
1454 709 1556 751 ipsum
1570 708 1637 742 fine
1659 719 1750 744 mora
1761 711 1904 746 restitui.
1932 711 1977 746 Et
1999 712 2115 755 adjun-

1236 756 1308 800 git:
1334 758 1519 791 Nullatem'ts
1533 763 1683 791 Canonica
1702 758 1838 802 Instituta
1849 763 1977 804 aliquus
2000 768 2115 795 temer!-

1234 814 1296 839 tate
1313 814 1456 840 contemni
1467 814 1627 849 permittas
1640 833 1652 849 ,
1674 814 1745 851 quia
1749 808 1915 850 facientem
1941 815 1976 847 (9⁹
1999 810 2112 855 consen-

1234 861 1354 890 tientem
1359 866 1419 899 par
1425 866 1520 900 poena
1529 858 1697 902 constringit
1711 885 1717 891 .
1744 860 1782 893 In
1796 858 1911 894 litteris
1929 860 1969 896 ad
1981 863 2112 896 univer-

1235 907 1283 939 sos
1305 906 1420 940 Galliae
1440 907 1620 951 Episcopus
1645 908 1767 952 scripsit
1779 909 1820 944 de
1830 910 1922 943 causa
1950 909 2119 944 Rothaldu

1234 957 1460 992 Sueffionenfis
1481 958 1636 1002 Episcopi
1653 982 1664 998 ,
1691 958 1800 1002 ample
1821 961 2021 995 demonstrat
2041 971 2120 995 orn—-

1236 1005 1472 1048 nes—,omnium
1499 1009 1534 1042 &
1561 1009 1744 1052 Episcopos
1769 1010 1802 1043 &
1826 1010 1998 1050 Clericos‚
2025 1011 2114 1053 posse

1234 1055 1378 1091 Romam
1391 1058 1583 1101 provocare:
1612 1058 1826 1094 Demonstrat
1845 1071 1888 1093 ex
1909 1071 2002 1094 nono
2013 1060 2114 1094 Chal·
2135 1053 2223 1094 Epist.
2247 1063 2292 1091 57·

1232 1108 1403 1141 cedonensi
1422 1108 1580 1142 Canone.
1607 1109 1645 1142 In
1659 1109 1773 1143 litteris
1793 1109 1834 1144 ad
1852 1109 2111 1145 Sueffionensem

1231 1158 1405 1200 Synodum
1425 1159 1564 1192 affirmat
1585 1158 1813 1194 Rhemenses
1803 1171 1823 1193 a
1842 1160 2020 1206 degradato
2035 1161 2117 1203 Epi-

1232 1207 1330 1250 scopo
1343 1207 1482 1241 Ebbone
1493 1207 1663 1242 ordinatos
1677 1208 1825 1243 Clericos
1848 1220 1918 1243 non
1941 1211 1983 1244 ad
2006 1213 2038 1244 se
2062 1213 2113 1246 so·
2136 1211 2221 1249 Epist
2246 1203 2293 1247 59·

1231 1257 1323 1297 lum,
1350 1256 1404 1290 sed
1429 1258 1529 1290 etiarn
1555 1257 1596 1291 ad
1625 1259 1697 1291 suos
1717 1256 1943 1292 Anteceffores
1959 1259 2118 1297 Leonem

1229 1317 1379 1350 quartum
1405 1318 1442 1341 ac
1463 1307 1677 1342 Benedistum
1699 1307 1831 1342 tertium
1852 1308 2044 1352 appellasse,
2067 1320 2119 1344 ex.

1229 1357 1328 1391 causis
1355 1368 1461 1391 tamen
1476 1358 1692 1400 quaessionem
1719 1369 1789 1391 non
1804 1359 1897 1393 fuisse
1909 1359 2004 1402 plene
2016 1369 2118 1394 retra-s

1227 1409 1346 1441 &atam
1371 1418 1410 1441 ac
1431 1407 1633 1447 definitam.;
1649 1409 1688 1442 ln
1711 1408 1828 1442 litteris
1850 1409 1891 1442 ad
1907 1407 2116 1444 Michaelem
2137 1406 2254 1445 Epist-8-

1230 1457 1417 1502 Augustum
1430 1457 1541 1492 scribit
1554 1470 1600 1492 ex·
1607 1457 1762 1493 omnibus
1773 1458 1831 1493 sub
1857 1459 1945 1494 coelo
1955 1458 2118 1504 gentibus

1228 1508 1319 1548 plura
1327 1508 1452 1539 offidue
1463 1506 1639 1543 hominum
1650 1508 1756 1542 millia
1770 1508 1914 1543 Romam
1925 1516 2118 1543 accurreres

1227 1554 1416 1588 Hominum
1429 1552 1621 1589 vexatorum
1632 1567 1701 1590 non
1712 1556 1886 1592 dumtaxat
1906 1557 1926 1591 a
1947 1558 2012 1593 suis
2033 1557 2117 1603 Epiq

1227 1604 1350 1645 scopis,
1372 1604 1425 1638 sed
1445 1604 1543 1638 etiam
1569 1606 1586 1637 a
1609 1606 1673 1638 suis
1698 1605 1862 1649 Regibus·
1890 1607 1935 1640 Et
1952 1609 2115 1643 omnibus

1223 1652 1331 1686 deberi
1354 1664 1391 1685 ac
1416 1653 1516 1686 etiam
1540 1652 1810 1695 p‘raeb‘eritsolatia
1842 1664 1941 1699 atque
1965 1657 2109 1692 auxilia.

1225 1702 1337 1735 Etiam
1358 1702 1549 1736 miserabilis
1569 1701 1757 1738 Monachus
1788 1703 2008 1741 Godescalcus
2035 1719 2110 1751 pro·

1224 1752 1355 1786 vocavit
1389 1753 1430 1786 ad
1455 1753 1608 1788 eundem
1653 1754 1854 1789 Pontificem
1887 1778 1899 1788 .
1942 1756 2112 1793 Omitoore

1222 1803 1430 1846 nonpnffim
1444 1803 1727 1847 appellationem,
1741 1804 1899 1840 Balduini
1930 1805 2110 1842 Flandren-

1223 1853 1262 1886 fis
1275 1853 1446 1887 Forestarii
1460 1865 1498 1888 ac
1511 1853 1624 1898 yudith
1636 1854 1749 1900 Regiae
1759 1856 1855 1896 filiae,
1882 1857 2000 1891 fastam
2024 1857 2111 1892 item·

1223 1903 1263 1936 ad
1287 1903 1428 1938 eundem
1443 1904 1642 1939 Nicolaum.
1669 1906 1711 1939 Ei
1722 1916 1783 1940 nos
1793 1906 1928 1940 Flandri
1949 1905 2108 1942 debemus

1224 1953 1381 1996 plurima.
1409 1954 1480 1998 Ipsa
1500 1955 1590 1989 enim
1612 1954 1654 1990 ad
1676 1955 1799 1991 laudati
1811 1956 1988 1992 Pontificis
1997 1966 2109 2002 preces

1223 2015 1285 2038 nos
1295 2004 1403 2039 evexit
1427 2005 1461 2039 in
1474 2004 1612 2040 liberum
1622 2006 1792 2050 Populum
1809 2030 1816 2039 .
1841 2006 2108 2050 Necmirandus

1223 2055 1267 2088 est
1284 2055 1536 2090 ferventiffimus
1548 2055 1643 2100 hujus
1664 2055 1879 2091 Pontificisin
1892 2057 2109 2093 defendendis

1224 2106 1387 2139 Romanis
1409 2106 1575 2140 Gallicani
1598 2106 1688 2140 Cleri
1701 2107 1991 2150 appellationibus
2003 2109 2108 2142 zelus.

1225 2156 1385 2190 Fomenta
1398 2155 1488 2190 dedit
1502 2157 1651 2198 praefatus
1662 2155 1862 2192 Hincmarus
1872 2180 1884 2196 ,
1908 2158 2110 2202 appellantes

1226 2206 1373 2240 Clericos
1388 2207 1559 2240 consuetus
1570 2207 1703 2240 trastare
1715 2206 1756 2240 ad
1768 2219 1844 2241 eum
1857 2208 2014 2246 modum,
2039 2219 2109 2251 quo

1226 2255 1300 2289 Rex
1314 2255 1443 2289 Pharao
1466 2257 1617 2290 tractavit
1639 2255 1816 2289 Hebraeos.
1846 2256 1902 2290 Ad
1919 2256 2110 2293 Adrianum

1223 2305 1401 2345 secundum
1414 2305 1634 2346 Pontificem,
1664 2306 1711 2339 uti
1733 2305 1936 2339 Herlefridus
1954 2307 2110 2349 sylvane-

1223 2346 1343 2391 sterilis
1345 2354 1539 2399 Presbyter,
1567 2356 1611 2389 ita
1633 2355 1969 2396 &Carolomannus‚
1995 2355 2112 2392 Caroli
2132 2376 2135 2379 ·

1225 2405 1320 2439 Calvi
1334 2405 1438 2450 Regis
1449 2407 1558 2446 filius,
1582 2404 1751 2440 adversum
1767 2416 1914 2448 paternas
1934 2405 2110 2441 violentias

1226 2455 1421 2500 appellavit.
1448 2456 1492 2489 Et
1514 2456 1618 2498 ipsum
1645 2454 1801 2489 Pontifex
1824 2467 1905 2489 mox
1926 2455 2107 2491 revestivit.

1227 2506 1323 2539 Plura
1335 2505 1484 2550 exempla
1497 2504 1700 2539 adducentur
1720 2505 1755 2539 in
1777 2505 1912 2540 decursu
1924 2529 1934 2538 .

1272 2555 1440 2590 Dominus
1451 2554 1565 2589 Petrus
1575 2554 1615 2589 de
1626 2555 1738 2589 Marca
1751 2565 1807 2598 pro
1817 2554 1882 2588 suis
1896 2554 2107 2590 Commentis

1223 2606 1355 2640 tandem
1367 2604 1501 2640 adducit
1512 2605 1702 2649 vigefimum
1715 2607 1841 2638 sextum
1862 2606 1982 2638 ofiavae
2002 2606 2107 2649 Syno-

1222 2656 1258 2690 di
1283 2656 1480 2695 Canonem,
1506 2656 1562 2697 qui
1587 2654 1735 2689 Clericos
1755 2654 1773 2687 ὲ
1795 2655 1852 2688 suo
1866 2655 2031 2697 Episcopo
2050 2655 2108 2690 de-

1222 2707 1376 2751 gradatos
1387 2706 1546 2749 permittit
1560 2715 1735 2749 provocare
1759 2703 1800 2738 ad
1811 2704 1990 2739 Provinciae
1999 2705 2106 2748 Syno-

1222 2756 1302 2791 dum
1318 2782 1329 2797 ‚
1357 2765 1453 2798 atque
1474 2755 1625 2800 adjungit
1645 2767 1652 2788 :
1680 2757 1868 2797 Metropolim
1889 2756 1960 2789 vero
1976 2755 2107 2789 libenter

1218 2805 1363 2850 suscipiat
1375 2803 1541 2850 hujusmodi
1553 2830 1564 2846 ,
1591 2808 1625 2840 ἀι
1645 2808 1768 2839 advocet
1789 2803 1966 2847 Episcopum
1988 2810 2038 2845 qut
2056 2805 2104 2838 de-

1220 2856 1319 2901 posuit
1333 2882 1343 2898 ,
1370 2857 1422 2890 vel
1429 2858 1486 2890 alto
1496 2858 1580 2890 modo
1590 2858 1732 2889 clericum
1742 2853 1814 2896 laefie
1826 2878 1837 2894 ,
1861 2855 1896 2887 (τ
1906 2856 1991 2895 apud
1991 2857 2026 2897 fi:
2038 2865 2103 2888 cum

1222 2908 1294 2941 aliis
1305 2914 1399 2942 etiam
1410 2905 1564 2950 Episcopts
1579 2905 1791 2949 negotitfaciat
1800 2915 1927 2937 examen
1938 2929 1949 2944 ‚
1974 2906 2019 2937 ad
2037 2916 2104 2938 con·

1217 2959 1403 3001 firmandam
1409 2955 1522 3000 scilicet
1526 2956 1588 2999 fine
1600 2961 1678 2990 omni
1683 2953 1863 2999 suspicione,
1893 2956 1945 2987 vel
1959 2953 2104 2993 destruem

1223 3010 1294 3041 dam
1313 3017 1368 3051 per
1385 3008 1553 3052 generalem
1563 3007 1724 3045 synodum,
1755 3016 1792 3038 ex
1810 3004 1970 3038 multorum
1984 3003 2102 3047 sentem
2122 3047 2124 3049 Ι
2141 3042 2143 3044 μ

1222 3065 1288 3098 tia,
1318 3059 1425 3092 clerice·
1437 3055 1650 3099 depofitionem.
1680 3056 1834 3089 Affirmat
1853 3053 1913 3089 hos
1925 3054 2103 3096 Canones,

1222 3109 1297 3142 licet
1311 3108 1328 3141 a
1341 3109 1511 3142 Gallicana
1537 3111 1604 3140 no'n
1624 3106 1822 3149 recipiantur
1833 3105 1992 3146 Ecclesia,
2019 3103 2105 3141 ade&

1222 3169 1331 3192 tamen
1349 3157 1478 3192 admitti
1490 3158 1506 3190 a
1519 3156 1672 3190 Romana
1685 3180 1695 3197 ,
1723 3158 1758 3189 u't
1772 3157 1858 3198 ipsos
1868 3155 2101 3190 contineatan-

1220 3209 1310 3252 tiqua
1332 3207 1478 3242 Romani
1507 3206 1681 3240 Pontificis
1703 3206 1852 3249 profeffio
1881 3231 1892 3247 ,
1911 3206 2100 3249 ipsumque

1222 3257 1348 3301 obliget
1369 3258 1410 3291 ad
1433 3267 1488 3290 eos
1507 3257 1714 3300 exequendos
1740 3257 1772 3290 ὃ(
1793 3254 2024 3290 observandos.
2054 3254 2099 3288 Et

1221 3306 1370 3352 adjungit
1391 3306 1625 3349 compendium
1646 3330 1657 3347 ,
1682 3318 1749 3351 quo
1772 3307 1943 3341 Canonem
1963 3304 2103 3339 circum-

1222 3357 1332 3393 scribit
1351 3356 1536 3391 Anastafius
1547 3355 1818 3391 Bibliothecarius
1828 3370 1840 3390 .·
1865 3354 1958 3397 ,Quod
1968 3352 2100 3394 ssClert-

1224 3420 1272 3443 cus
1285 3405 1428 3450 depofitus
1442 3430 1454 3447 ,
1479 3408 1531 3442 vel
1539 3409 1683 3449 injuriam
1690 3408 1792 3452 paffus
1802 3432 1805 3436 Δ
1815 3403 1853 3445 eft
1870 3405 1892 3448 ᾇ
1902 3401 1960 3446 suo
1978 3402 2102 3447 Episto-

1995 3462 2049 3496 po,
