2326 3718
344 153 440 213 328
759 164 825 197 DE
862 150 1123 197 Romana
1161 145 1630 195 Amastri-riom

263 261 364 293 nem
392 279 405 302 ,
444 234 704 309 tantamque
740 242 910 293 causam
957 278 969 288 .
1042 237 1122 287 Sed
1170 243 1213 288 &
1262 235 1516 307 perscrutari
1539 234 1680 289 cum
1710 238 1962 295 dileffione
1988 245 2098 299 boni

262 310 423 362 laboris
450 349 463 372 ‚
499 317 543 361 &
579 314 804 384 imponere
841 309 1193 363 emendationem
1231 328 1332 362 curn
1368 325 1466 361 tota
1501 311 1746 363 constantia
1775 349 1790 376 ‚
1826 318 1870 364 &
1894 319 1996 368 Deo
2029 317 2097 369 di..

260 386 368 434 ledia
406 382 565 435 fiducia
588 421 602 434 .
1136 383 1140 390 ’
1976 412 1979 416 ,
2084 401 2090 404 ·

271 505 274 508 ,
331 459 387 504 Et
437 455 544 505 olim
592 451 801 519 siquidem
849 449 997 519 saepius
1041 455 1129 516 Jam
1177 470 1232 501 ex
1267 450 1534 507 Alexandria
1586 451 1829 519 hujusmodi
1885 454 2097 513 haereticis

258 527 450 574 Zizaniis
485 522 801 584 insurgentibus
838 559 851 584 ,
899 520 1066 572 suffecit
1102 522 1237 571 vestra
1270 523 1526 591 Apostolica
1562 524 1692 579 Sedes
1737 544 1816 594 per
1850 525 2099 590 universum

254 611 425 664 tempus
460 593 568 643 illud
603 591 659 641 ad
695 592 975 647 mendacium
1010 592 1359 643 convincendum
1396 630 1411 654 ,
1458 589 1820 666 impietatemque
1854 587 2098 666 reprimenzss

254 663 355 716 dam
389 702 402 724 ,
451 669 495 712 &
532 663 788 726 corrigenda
835 682 932 732 quae
967 662 1246 718 necessarium
1284 663 1377 717 fuit,
1407 701 1420 725 ‚
1469 665 1840 736 muniendumque
1877 665 2098 724 Orbem

252 750 460 785 terrarum
498 733 554 781 ad
590 735 776 798 gloriam
814 736 980 789 Christi
1021 773 1034 796 ‚
1083 751 1175 785 tam
1212 734 1288 783 sub
1323 737 1402 785 illo
1437 750 1504 791 rer
1539 742 1678 786 Beato
1705 774 1719 799 ,
1756 743 1799 787 δι
1835 741 1951 793 inter
1987 745 2094 793 ‚San-⁷

251 811 341 855 &cos
378 803 581 856 habendo
625 804 844 873 Episcopo
879 805 1073 861 Damaso
1112 844 1134 867 ‚¹
1179 804 1315 873 quarn
1337 804 1428 854 'sub
1462 807 1656 875 pluribus
1691 809 1789 863 aliis
1829 845 1843 869 ,
1893 801 2096 872 gloriosis

250 892 387 942 atque
424 875 754 927 admirabilibus
788 912 802 924 .
876 881 1012 943 Cujus
1047 878 1108 931 rei
1144 879 1284 939 gratia
1307 914 1320 940 ‚
1357 881 1402 927 δε
1437 894 1519 926 nos
1554 876 1848 945 praesumimus
1885 880 1963 933 has
1997 879 2095 949 sup-

245 947 508 1015 plicationes
543 945 695 996 offerre
718 983 731 1006 ‚
769 963 817 996 ut
853 946 1070 1016 adjuvetis
1105 947 1273 1002 Orbem
1310 963 1522 997 terrarum
1558 948 1580 1004 J:
1630 953 1692 1004 Et
1742 951 1788 1005 in
1824 950 1901 999 illa
1933 948 2096 1018 parte—4

247 1035 343 1084 quae
379 1032 494 1066 errat
516 1053 529 1077 ,
567 1022 610 1066 ὅτ.
647 1020 692 1065 in
731 1019 805 1067 illa
852 1037 949 1086 quae
987 1017 1290 1086 Tyrannidem
1319 1016 1521 1075 ⁴sustinet
1567 1054 1581 1067 .
1657 1026 1858 1092 Qaeque
1906 1020 1964 1075 ad
2005 1021 2098 1075 hoc

246 1091 526 1155 impugnatur
549 1124 563 1148 ,
599 1103 650 1137 ut
684 1087 740 1137 ad
775 1107 826 1138 ea
851 1127 865 1151 ,
903 1107 1001 1157 quae
1036 1106 1127 1138 non
1162 1091 1432 1145 conveniunt
1466 1125 1480 1149 ,
1515 1086 1720 1145 assensum
1755 1092 1945 1158 praebeat
1971 1111 1985 1147 ,ε
2020 1092 2098 1146 Eo

245 1157 367 1225 quod
403 1176 487 1208 nec
523 1159 636 1210 velit
656 1196 669 1213 ‚
707 1177 788 1214 nec
823 1160 1024 1229 expedire
1058 1159 1224 1230 judicet
1250 1195 1270 1226 ρΓ
1299 1158 1351 1218 ‚uts
1387 1159 1702 1232 AEgyptiotum
1722 1161 2092 1234 *Capitulorumss

242 1232 387 1279 varias
424 1245 587 1283 vocum
623 1232 845 1279 novitates
876 1234 1105 1295 excipiat,
1347 1257 1351 1261 ,
1422 1236 1428 1241 '
1691 1250 1693 1253 ’
1923 1235 1925 1238 ⁴
1958 1247 1960 1251 ⁴
1991 1259 1994 1262 -
2032 1235 2051 1252 ’·

312 1298 511 1348 Scribens
549 1301 668 1353 enim
707 1300 904 1365 Cyrillus
941 1297 1262 1355 Alexandrinus
1297 1294 1601 1370 blasphemam
1632 1303 1796 1355 vocum
1839 1299 2091 1362 novitatem}

238 1388 316 1438 per
351 1367 535 1421 bis-sena
572 1370 782 1438 Capitula
819 1406 832 1429 ‚
881 1368 1083 1425 universae
1120 1366 1376 1428 Divinitus'.
1402 1366 1881 1438 inspiratae‘·Scripturae
1914 1384 2092 1426 contr-aa

237 1444 347 1491 riam
385 1475 398 1498 ,
436 1443 478 1489 &
516 1439 968 1490 anathematizantem
1007 1441 1227 1504 legitimas
1263 1445 1307 1496 ὃς
1343 1441 1549 1507 antiquas
1587 1438 1827 1496 sancitorum
1865 1445 2094 1496 Panum-e

235 1508 528 1563 Traditiones
553 1546 565 1569 ‚
602 1514 646 1559 &
682 1510 871 1560 maxime
910 1512 1084 1567 illorum
1111 1547 1123 1571 ,
1161 1513 1240 1578 qui
1277 1507 1661 1576 excelsa'quidem
1700 1510 1866 1568 Christi
1903 1508 2088 1568 Divini-

237 1583 321 1630 tati
358 1579 607 1634 adscribunt
631 1617 644 1640 ‚
682 1581 865 1638 humilia
900 1582 1011 1644 vero
1047 1583 1313 1634 humanitati
1348 1578 1541 1646 ejusdem
1565 1617 1578 1641 ‚
1631 1579 1846 1650 nusquam
1884 1585 2089 1648 unitione

236 1656 326 1717 ejus
362 1649 665 1706 intercidenda
688 1688 700 1712 ,
753 1649 980 1721 proposuit
1015 1655 1057 1710 ei
1092 1655 1172 1721 qui
1208 1646 1542 1710 tuncssandtam
1578 1649 1736 1706 Sedem
1771 1649 2087 1717 regebat2‘ma‘.

235 1725 314 1785 gni
350 1725 542 1771 nominis
579 1721 697 1779 urbis
731 1723 760 1783 ‚⁴
799 1720 879 1791 qui
917 1723 1001 1773 fuit
1039 1721 1322 1792 avprincipio
1357 1722 1566 1799 probatus
1601 1759 1615 1789 2
1651 1726 1706 1778 ’δε
1736 1739 1884 1778 -notus
1917 1725 2083 1777 ‚circa-.-

236 1792 367 1842 fidem
390 1830 403 1852 ‚
441 1795 557 1842 circa
593 1795 731 1849 vitani
755 1830 769 1853 ,
808 1797 928 1851 circa
952 1790 1197 1851 derinam
1234 1794 1393 1855 verbi,
1431 1797 1475 1844 δε
1510 1795 1629 1843 circa
1653 1792 1887 1858 universa,
1922 1793 2086 1849 Nesto-

236 1867 333 1924 rio,
375 1879 422 1912 ut
458 1879 536 1914 aut
572 1862 838 1921 consentiret
873 1867 1100 1933 Capitulis
1134 1869 1264 1930 ejus,
1291 1864 1435 1932 ‘atque
1470 1862 1753 1920 subscriberet
1777 1870 1872 1926 caza,
1907 1869 1951 1914 &
1985 1882 2087 1933 per,

236 1950 433 1984 maneret
469 1934 710 2000 Episcopus
747 1970 760 1993 ,
809 1949 887 1982 aut
922 1934 1040 1984 certe
1088 1937 1408 2002 periclitaretur
1443 1937 1488 1981 in
1524 1928 1661 1995 gradu
1699 1968 1713 1994 ‚
1762 1938 1806 1982 &
1840 1933 1869 1988 ὲ.
1903 1932 2086 1989 saneta..

236 2004 432 2055 Ecclesia
479 2005 712 2071 pelleretur
765 2036 780 2053 ‚
853 2004 933 2052 Ille
980 2003 1128 2057 autem
1176 2004 1461 2069 propositioni
1507 2019 1699 2068 nequam
1747 2005 1840 2052 Dei
1887 2005 2084 2060 timore,

234 2077 414 2147 praelato
453 2108 465 2132 ,
521 2074 660 2134 elegit
694 2070 846 2138 potius
881 2073 1033 2120 multis
1069 2071 1264 2125 millibus
1299 2071 1504 2139 periculis
1539 2071 1619 2125 fibi
1654 2070 1806 2134 injuste
1843 2071 2086 2127 inserendis

233 2144 412 2196 tradere
449 2140 723 2210 semetipsum
762 2178 775 2201 ‚
808 2139 944 2208 quam
980 2141 1095 2191 dolis
1119 2142 1334 2205 haeret-icis
1371 2140 1560 2208 praebere
1590 2139 1866 2204 eonsensum,
1905 2146 1949 2191 &
1978 2143 2087 2205 eqfi.

230 2216 406 2266 firmare
443 2215 580 2263 totius
617 2212 756 2262 Orbis
791 2229 977 2261 errorem
1012 2250 1028 2267 ‚
1100 2211 1177 2268 Ad
1214 2213 1302 2262 haec
1339 2211 1542 2278 Synodus
1567 2213 1775 2267 convenit
1809 2214 1858 2268 in
1892 2211 2083 2282 Epliesot

230 2292 296 2336 -Et
335 2290 382 2335 in
419 2285 541 2334 nullo
578 2298 805 2351 correptus
834 2321 848 2343 ,
891 2299 1033 2349 neque
1069 2285 1284 2336 rationem
1320 2280 1503 2337 reddere
1538 2283 1758 2348 expetitus
1788 2316 1802 2342 ,
1839 2281 2087 2348 ξηῑθεῃιξω,

230 2357 521 2418 convenirent
542 2388 555 2413 ‚
595 2356 673 2420 qui
710 2351 1023 2407 sustinebantur
1057 2352 1239 2408 universi
1280 2386 1293 2410 ‚
1331 2355 1502 2400 &aelus
1536 2350 1597 2401 est
1631 2345 1894 2410 ultionem,
1928 2346 2085 2400 dum-2

234 2429 415 2477 illorum
467 2425 775 2492 Capitulorum
823 2421 1100 2490 blasphemiae
1134 2422 1375 2477 obviaverit
1414 2457 1427 2480 ,
1486 2425 1530 2476 &
1576 2423 1703 2470 omni
1739 2420 2002 2477 crudelitate
2036 2425 2084 2474 ei

231 2516 335 2565 quae
371 2495 534 2544 dicitur
569 2493 845 2543 damnationi
867 2498 960 2554 ,δε
994 2494 1093 2543 aliis
1128 2492 1349 2560 aliquibus
1383 2490 1592 2556 subjestus
1628 2491 1691 2545 est
1724 2528 1739 2540 .
1802 2495 1923 2546 Dum
1959 2492 2085 2543 cert&

232 2569 441 2637 cyrillus
479 2565 793 2615 authoritatem
831 2563 1005 2630 Judicis
1041 2581 1131 2613 non
1179 2564 1360 2620 haberet
1402 2600 1416 2624 ‚
1464 2561 1538 2612 sed
1573 2566 1666 2627 ejus
1700 2564 1781 2630 qui
1816 2561 2084 2627 judicandus

233 2641 302 2690 ‘est
336 2637 534 2688 ordinem
560 2674 574 2697 ,
612 2635 666 2685 eo
701 2634 823 2701 quod
860 2652 1018 2685 contra
1048 2637 1236 2684 invicem
1274 2636 1492 2684 moverint
1527 2632 1784 2700 quaestiones
1818 2667 1833 2681 .
1892 2636 1952 2683 Et
1986 2647 2086 2689 erat

239 2709 467 2780 praesidens
503 2724 601 2757 reus
639 2727 650 2756 :
700 2710 758 2755 Et
794 2704 1030 2760 sententiat
1067 2708 1272 2775 Princeps
1306 2741 1320 2773 2
1368 2708 1448 2781 qui
1482 2703 1764 2760 sustinebatur
1801 2704 1952 2758 multis
1987 2702 2085 2759 sen-

238 2782 393 2833 tentiis
428 2776 753 2846 supponendus,
890 2820 892 2822 .
1225 2778 1230 2782 “
1353 2817 1355 2819 ,

231 2884 244 2891 -
287 2854 400 2901 vHis
437 2850 564 2914 gestis
587 2886 599 2909 ‚
636 2849 734 2897 aliis
768 2845 949 2913 quidem
987 2851 1176 2908 cuncta,
1212 2865 1318 2915 quae-
1346 2852 1441 2902 asta
1476 2844 1573 2896 sunt
1595 2883 1608 2907 ,
1646 2844 1887 2912 lachrymis
1920 2841 2093 2908 digna‚'‚

243 2926 341 2973 aliis
379 2921 486 2972 vero
523 2919 709 2969 ridicula
746 2916 1005 2974 videbantur
1038 2954 1051 2977 ,
1089 2915 1153 2974 ita
1181 2922 1238 2967 ‘ut
1274 2922 1318 2968 δε
1353 2919 1429 2967 ille
1472 2955 1486 2979 ,
1535 2919 1615 2985 qui
1651 2913 1979 2964 Antiochenam
2015 2925 2088 2964 te·-

243 2995 376 3044 nebat
413 2991 653 3041 Ecclesiam
690 2991 780 3039 Dei
811 3026 824 3051 ‚
873 2989 969 3058 post
1004 2989 1094 3045 haec
1137 2992 1321 3038 veniens
1368 2990 1590 3058 Cyrillum
1625 2982 1806 3052 quidem
1857 2988 1901 3032 δε
1926 2989 2084 3038 Mens..

244 3081 408 3112 nonem
444 3062 722 3118 damnationi
757 3059 987 3129 subjiceret
1012 3097 1026 3122 ,
1061 3063 1286 3109 communi
1324 3065 1521 3117 Decreto
1557 3062 1660 3111 Deo
1684 3054 2080 3115 Amiciffimorum,

238 3134 697 3201 -SanCtissimorumque
735 3131 1049 3199 Episcoporum
1097 3129 1231 3198 usque
1265 3129 1322 3185 ad
1356 3131 1512 3193 viginti
1546 3126 1731 3176 duorum
1767 3127 2080 3192 Metropolita-

247 3220 401 3252 norum
438 3238 450 3261 ‚
485 3221 827 3271 caeterorumque
863 3204 943 3272 qui
979 3202 1139 3271 pariter
1173 3200 1353 3265 aderant
1387 3236 1401 3263 ,
1448 3199 1526 3266 qui
1563 3198 1662 3253 illos
1699 3196 1893 3252 haerefios
1926 3212 1980 3251 ac
2003 3194 2077 3248 seu

249 3274 433 3323 ditionis
469 3276 692 3342 Principes
727 3273 1015 3341 judicarunt,
1049 3276 1093 3321 &
1128 3271 1520 3327 Ecclesiasticarum
1556 3267 1759 3325 AEmulos
1795 3265 2074 3322 sandii‘onum.

249 3350 445 3394 Caeteros
481 3343 587 3397 vero
622 3379 635 3401 ‚
686 3349 766 3411 qui
800 3348 866 3395 eis
914 3342 971 3393 ad
1005 3344 1154 3399 omnia
1200 3345 1439 3405 incongrua
1485 3340 1729 3408 complices
1775 3338 2027 3390 exstiterant
2057 3368 2074 3395 ‚

173 3412 179 3415 ’
249 3417 414 3468 alienos
451 3411 478 3465 a
513 3417 820 3467 communione
867 3415 1069 3468 fecerunt.
1096 3451 1111 3463 .
1182 3412 1262 3465 Sed
1311 3413 1378 3466 illi
1411 3413 1576 3478 egregii
1591 3412 1595 3415 “
1610 3424 1766 3465 contra
1798 3408 2075 3466 veritatem-

1879 3474 2009 3528 simul
