2326 3718
372 132 479 186 ‘156

302 211 376 245 sum
400 205 552 253 praeceffit
572 204 898 251 Thessalonicensis,
923 218 1054 252 propter
1071 203 1195 249 amplas

305 261 393 294 vices
404 256 632 302 Apostolicas.
660 257 746 294 Tres
757 259 947 294 Graecorum
966 256 1130 297 Exarchi,
1156 254 1195 288 li·

298 317 354 343 cet
391 319 448 352 per
480 307 846 353 Constantinopolitani
880 307 1037 352 Episcopi
1066 306 1193 351 rapinas

297 356 469 393 amiserint
491 358 768 404 Autocephaliam
791 382 803 398 ‚
829 358 973 393 retinent
993 368 1102 393 tamen
1123 355 1193 400 ejus

295 406 502 454 imaginem,
527 410 563 444 &
589 410 747 455 quasdam
768 407 940 452 reliquias.

346 459 507 494 Notanda
531 460 606 494 sunt
626 460 661 493 &
686 459 754 492 haec
776 458 884 492 Sancti
912 457 1036 492 Leonis
1070 456 1185 492 verba:

299 510 504 554 Privilegium
510 509 605 553 semel
610 508 778 552 susceptum
803 507 842 541 ab
856 507 1015 550 Apostolica
1026 508 1117 541 sede.
1144 506 1189 540 Et

293 558 381 596 inter
400 559 469 595 haec
491 559 663 603 privilegia
685 558 757 592 Leo
780 558 874 600 ponit
890 557 1085 601 potestatem
1095 554 1187 599 conse-

293 612 402 646 oranda·
422 609 605 653 Episcopus.
631 607 743 651 Hujus
768 607 950 642 funstionis
968 607 1185 652 antiquum&

293 661 478 706 principale
495 659 545 701 ius
556 659 695 692 affirmat
705 659 767 692 effe
781 668 880 702 penes
891 657 998 694 solum
1012 656 1184 702 Carthagi-

291 712 430 746 nensem
450 734 457 740 .
483 708 539 742 Ex
563 705 761 752 Apostolico
784 708 963 754 privilegio
987 733 995 740 .
1022 706 1067 742 Et
1091 706 1183 742 addit

290 761 406 793 omnia
417 756 485 792 haec
494 757 642 793 constare
652 769 693 792 ex
705 758 856 793 Decretis
868 759 1097 793 Romanorum
1105 757 1181 801 Pre-

289 809 416 843 sulum.
438 808 483 842 Et
495 808 699 851 quidemista
710 809 824 844 omnia
847 808 940 843 fuiffe
959 809 1049 843 Afris
1059 808 1182 843 Roma-

287 869 332 893 na
344 858 502 894 beneficia
513 882 525 899 ‚
553 869 652 893 nemo
663 860 740 894 sana
751 858 894 893 sentiens
907 858 1002 903 poffit
1021 858 1180 893 inficiari.

287 909 400 953 Ipsum
420 909 558 953 agnovit
582 921 621 944 ac
641 909 796 954 professus
807 908 853 943 est
866 906 1176 955 Carthaginensium

286 957 414 994 Primas
435 958 615 1003 Reparatus
637 982 648 998 ,
673 959 729 1003 qui
753 959 823 1003 post
858 958 977 1002 ejestos
998 971 1042 993 ex
1065 958 1177 993 Africa

287 1008 498 1044 VVandalos
518 1009 560 1044 ad
583 1011 738 1044 Sanctum
760 1008 949 1054 Agapetum
981 1008 1176 1043 Pontificem

286 1058 478 1094 solemniter
498 1059 623 1104 legavit
644 1059 763 1103 Cajum
785 1059 964 1094 &Petrum
978 1059 1174 1104 Episc0p0s‚

285 1119 326 1143 ac
346 1109 540 1144 Liberatum
567 1110 660 1143 suum
684 1108 1018 1145 Archi-Diaconum
1040 1134 1050 1151 ,
1086 1121 1175 1144 novo

284 1156 445 1193 Pontifici
466 1158 686 1203 gratulaturos
708 1160 858 1203 adeptam
882 1161 1081 1207 dignitatem
1102 1182 1113 1199 ‚
1141 1160 1175 1193 ὃς

281 1209 522 1253 supplicaturos
546 1207 911 1245 PrImatialiCathedrae
933 1210 1066 1252 antiqua
1078 1209 1174 1253 privi-

283 1258 371 1302 legia
382 1283 390 1291 .
417 1257 523 1292 Lucet
535 1269 575 1292 ex
589 1257 763 1294 Pontificis
783 1259 956 1303 Rescripto
970 1272 977 1291 :
1005 1257 1152 1301 Universa
1163 1283 1173 1299 ‚

282 1319 356 1351 quae
367 1312 549 1341 inimicorum
555 1308 737 1350 perverfitas
748 1308 904 1352 invaserat
918 1332 929 1350 ,
956 1308 1114 1342 charitati
1125 1315 1174 1349 tuq

280 1358 599 1400 Metropolitanajum
612 1365 788 1400 reparantes
803 1359 977 1400 hortamur,
1005 1360 1065 1393 &c-
1092 1358 1171 1392 Hoc

276 1407 387 1451 ipsum
412 1408 539 1451 profem
553 1408 627 1442 sunt
651 1408 788 1444 universi
802 1409 961 1444 Afrorum
975 1408 1172 1449 Ammites,

278 1457 359 1492 dum
373 1460 390 1492 a
402 1457 540 1502 Pelagio
552 1458 694 1494 secundo
706 1471 743 1494 ac
755 1459 772 1493 ὲ
785 1459 916 1505 Magno
928 1460 1091 1504 Gregorio
1105 1460 1171 1502 sup·
1198 1468 1201 1475 ’

274 1507 441 1552 plicarunt
466 1509 604 1543 eandem
625 1509 864 1553 reparationem
889 1533 899 1549 ,
924 1510 1024 1544 etiam
1045 1508 1170 1542 hetero-

274 1558 400 1601 clytam
422 1558 664 1592 Succeffionem
688 1559 948 1593 provincialium
961 1559 1145 1592 Primatum
1164 1582 1171 1590 .

272 1605 491 1651 Apostolicus
521 1607 643 1641 Canon
667 1609 774 1643 sanxit
805 1620 923 1644 omnes
944 1610 978 1643 &
1002 1609 1170 1654 singulos,

271 1668 342 1692 non
366 1657 539 1692 dumtaxat
560 1657 794 1702 Metropolitas
809 1684 821 1699 ,
845 1659 898 1693 sed
922 1660 1021 1693 etiarn
1034 1659 1170 1693 Provin-

268 1707 372 1742 ciales
386 1707 570 1751 Episcopos
580 1709 762 1742 consecrari
776 1719 832 1752 per
843 1707 1079 1742 patriarcham:
1109 1707 1171 1741 Per

269 1757 339 1800 ejus
351 1767 468 1791 manus
482 1781 493 1798 ,
517 1767 574 1791 aut
587 1757 673 1791 certe
681 1758 722 1792 ad
746 1758 815 1801 ejus
828 1759 976 1802 praeviam
997 1758 1170 1793 confirma·

268 1808 399 1842 tionem
422 1808 457 1841 &
479 1807 619 1841 litteras.
650 1807 719 1842 Hic
743 1809 865 1844 Canon
881 1834 892 1851 ,
919 1810 967 1843 uti
992 1809 1027 1842 in
1041 1807 1170 1854 quibus-

269 1857 347 1891 dam
368 1857 442 1892 aliis
464 1856 666 1893 Dioecefibus
680 1881 691 1898 ,
716 1858 761 1893 ita
783 1859 818 1892 in
846 1859 961 1893 Africa
981 1871 1049 1893 non
1064 1859 1169 1902 viguit

269 1907 317 1942 ob
339 1908 589 1942 transmarinam
607 1908 649 1943 ab
669 1909 757 1943 alma
780 1907 877 1943 Urbe
896 1920 935 1943 ac
955 1907 1169 1943 Patriarchali

270 1967 372 1992 manu
394 1956 583 1992 distantiam
604 1970 612 1990 z
645 1958 688 1993 Et
708 1957 775 1993 hoc
796 1970 839 1993 ex
871 1959 1014 2006 gratioso
1039 1957 1169 1993 indulto

268 2008 435 2043 Romanae
459 2007 652 2042 Cathedrae.
679 2008 845 2045 Cathedra
868 2009 928 2045 ista
946 2010 1087 2053 permisit
1101 2019 1170 2043 om-

268 2069 330 2093 nes
357 2057 517 2092 Afrorum
541 2059 723 2102 Episcopos
746 2060 927 2094 consecrari
950 2070 1006 2103 per
1030 2070 1169 2100 manus,

270 2117 330 2144 aut
344 2107 470 2142 litteras
483 2108 636 2142 Primatis
649 2108 940 2154 carthaginensis.

283 2183 286 2185 >
321 2158 367 2192 Et
379 2157 444 2193 hoc
457 2158 625 2193 indultum
648 2158 963 2194 circumducendum
978 2159 1104 2194 censuit
1119 2159 1168 2193 Si-

261 2208 371 2244 ‘ricius
382 2208 564 2250 Pontifex,
590 2209 670 2243 dum
697 2210 732 2243 in
749 2209 896 2245 Africam
909 2210 992 2243 misit
1003 2209 1092 2244 hunc
1103 2210 1169 2244 Ca-

271 2270 397 2293 nonem
414 2273 425 2293 .·
452 2263 557 2293 Extra
569 2257 775 2304 conscientiam
796 2261 882 2299 Sedis
903 2259 1066 2301 Apostolicae
1079 2283 1091 2299 ‚
1117 2259 1169 2291 hoc

272 2309 311 2348 est
331 2331 342 2347 ,
369 2312 518 2342 Primam
540 2334 550 2349 ‚
578 2321 660 2342 nemo
686 2311 797 2341 audeat
832 2310 970 2342 ordinare
1002 2333 1009 2340 .
1038 2307 1169 2351 Nempe

272 2359 456 2402 Episcopos
476 2383 483 2390 .
514 2358 635 2392 Canon
660 2359 800 2393 affirmat
822 2370 934 2393 verum
960 2358 1080 2393 Africae
1102 2357 1170 2391 Pri·

273 2418 396 2455 matem
422 2434 432 2449 ,
458 2409 510 2442 seu
533 2406 758 2442 patriarcham
784 2409 893 2443 sedere
914 2410 949 2442 in
975 2408 1169 2452 Apostolica

271 2458 379 2496 Sede,
404 2459 547 2501 ideoque
572 2458 640 2492 fine
658 2458 752 2500 ipsius
777 2459 898 2502 praevia'
915 2457 1170 2493 confirmatione

274 2507 403 2542 nullum
425 2506 523 2541 isthic
546 2509 634 2551 posse
654 2508 837 2543 consecrari
864 2509 1068 2552 Episcopum
1092 2531 1099 2540 .
1126 2509 1169 2542 Et

274 2559 411 2592 mandat
433 2559 586 2602 deinceps
611 2558 654 2591 fic
677 2557 857 2594 observari.
887 2553 1037 2593 Etissam
1048 2570 1169 2593 novam

274 2610 424 2654 regulam
444 2607 795 2651 Thelensis-Synodus
814 2609 956 2643 tentavit
982 2621 1036 2653 per
1060 2608 1170 2652 Byza-

275 2659 367 2693 cium
389 2660 519 2693 mittere
541 2660 575 2692 in
589 2659 837 2692 executionem.
865 2658 992 2693 Verum
1007 2660 1178 2693 Reveren->

276 2708 338 2743 dus
362 2708 458 2743 Pater
475 2708 661 2743 Paschasius
672 2708 873 2755 Qesnellus
885 2708 1020 2743 nervose
1032 2719 1168 2742 conten-

276 2758 327 2793 dit
351 2759 459 2792 Siricii
482 2760 627 2799 litteras,
652 2757 901 2793 &Thelensem
922 2758 1094 2802 Synodum
1106 2760 1168 2793 effe

276 2809 382 2852 spuria
397 2834 407 2850 ,
435 2820 472 2843 ac
494 2808 664 2853 suppositis
689 2810 862 2853 figmenta.
892 2808 940 2843 At
960 2808 1026 2843 fine
1037 2820 1166 2852 compe·

277 2854 366 2894 tenti
385 2860 602 2894 fundamento
624 2884 630 2891 .
661 2859 793 2893 Etenim
823 2860 1016 2904 Fulgentius
1036 2860 1166 2893 Ferran-

277 2909 338 2944 dus
358 2935 368 2950 ,
395 2910 660 2954 Carthaginenfis
683 2909 831 2944 Ecclefiae
854 2908 1166 2949 Archi-Diaconus,

277 2971 316 2993 ac
335 2961 385 2994 vir
406 2960 526 2995 eximie
548 2959 692 2994 eruditus
717 2972 724 2991 :
754 2959 810 2994 Est
836 2961 926 2994 enim
946 2960 1088 2994 omnino
1113 2958 1168 2993 ille

280 3009 388 3050 idern,
415 3012 470 3053 qui
495 3011 614 3054 scripsit
625 3011 725 3044 vitam
737 3010 844 3044 Sancti
862 3011 1051 3055 Fulgentii‚
1082 3009 1167 3043 &ad

280 3057 372 3099 cujus
384 3059 503 3093 litteras
515 3061 601 3094 idem
614 3060 808 3106 Fulgentius
826 3062 978 3104 rescripsit
998 3060 1115 3094 librum
1127 3059 1168 3093 de

279 3108 449 3151 Baptismo
477 3109 668 3154 AEthiopis.
697 3111 767 3144 Hic
790 3136 800 3152 ‚
826 3111 962 3156 inquam
986 3135 999 3152 ‚
1023 3109 1168 3144 eruditus

280 3158 464 3193 Ferrandus
477 3161 509 3191 in
522 3161 575 3193 sua
587 3161 763 3194 breviativa
775 3162 954 3196 Canonum
974 3160 1168 3204 colieaione

283 3208 467 3252 frequenter
477 3208 584 3243 laudat
594 3211 626 3243 &
638 3211 780 3252 praefatas
791 3212 914 3246 litteras
927 3237 936 3252 ‚
962 3212 996 3245 &
1008 3210 1168 3253 praefatam

281 3257 458 3301 Synodum
494 3275 521 3297 ‚·
541 3259 589 3291 uti
623 3260 785 3303 legitimas
818 3273 915 3306 atque
946 3260 1167 3296 authenticas.

254 3318 258 3319 ⁷
281 3308 425 3344 Easdem
437 3308 546 3340 laudat
559 3308 615 3340 ille
636 3309 814 3344 Canonum
830 3312 947 3346 Codex
960 3335 972 3352 ‚
997 3321 1093 3354 quem
1107 3310 1169 3344 Re-

282 3358 440 3393 verendus
452 3357 546 3390 Pater
559 3356 744 3392 Paschasius
757 3361 953 3406 Qesnellus
963 3359 1108 3404 vulgavit
1118 3385 1127 3400 ,
1136 3361 1169 3394 ὅτ

284 3408 422 3444 affirmat
443 3408 504 3442 esse
527 3408 698 3461 antiquum
723 3408 881 3443 Romanae
907 3409 1076 3451 Ecclefiae,
1102 3421 1169 3454 quo

805 124 906 173 “Da
940 116 1267 172 'AtucANAE
1304 119 1611 173 Ecctnsm

1261 204 1317 238 illa
1329 204 1482 251 fultura,
1506 217 1679 252 antequam
1697 207 1978 249 aliumtneliorem
1989 207 2138 248 edidisset

1260 254 1446 298 Dionysius
1462 258 1615 305 Exiguus
1635 283 1643 291 .
1669 255 1830 296 Attamen
1848 260 2021 305 Synodum
2042 261 2136 298 istam
2204 282 2206 285 v

1256 304 1359 348 aliqui
1370 317 1439 341 non
1447 307 1649 344 Thelensem
1660 310 1824 353 appellant
1833 334 1845 351 ,
1871 311 1925 346 sed
1935 310 2138 357 Thelepten-

1256 356 1321 390 sem
1346 380 1354 388 .
1382 356 1553 395 Laudatus
1572 358 1751 394 Ferrandus
1779 360 1963 396 constanter
1993 361 2136 406 appellat

1226 427 1228 429 -
1253 406 1462 442 Zellensern-.
1478 408 1533 444 ,Et
1553 409 1621 445 haec
1641 408 1817 453 appellatio
1836 410 1964 447 videtur
1985 423 2135 457 compro-

1252 457 1360 491 banda
1375 482 1382 489 .
1410 457 1541 494 Etenim
1551 469 1681 496 tantum
1693 458 1922 495 testimonium
1931 461 2005 504 quis
2016 463 2137 508 impro-

1253 507 1306 541 bet
1328 508 1346 540 ?
1372 506 1560 545 Adductum
1590 510 1767 545 Canonem
1801 511 1950 555 praefatus
1974 510 2135 548 Romanae

1253 557 1399 592 Ecclefiae
1422 557 1541 594 Codex
1563 559 1643 604 legit
1663 561 1702 598 in
1714 560 1802 595 hunc
1817 560 1971 595 modum:
1998 563 2135 596 Utextrae

1249 607 1454 651 conscientiam
1476 609 1561 642 sedis
1588 610 1740 653 apostolice
1760 613 1913 645 Primates
1931 620 2015 644 nemo
2023 612 2135 646 audeat

1248 660 1406 694 ordinare.
1431 660 1516 707 Qae
1537 657 1634 693 lectio
1655 660 1840 696 suin-etiam
1862 672 1933 696 non
1944 670 2038 696 vacat
2050 662 2134 696 scruss

1247 709 1348 752 pulis.

1296 759 1434 794 Etenim
1446 758 1660 794 Reverendus
1671 757 1769 794 Pater
1778 759 1963 797 Paschasius
1974 761 2136 810 Qesnel-

1245 808 1296 843 lus
1310 810 1451 844 advertit
1465 820 1580 844 vocem
1593 824 1613 851 ‚·
1631 809 1818 852 ordinare,
1844 812 1907 847 effe
1921 812 2134 858 aequivocam,

1243 859 1275 894 <Sc
1293 858 1334 894 ab
1358 860 1424 904 ipsa
1447 859 1648 904 quandoque
1658 861 1962 902 consecrationem,
1986 861 2136 905 quando-

1243 920 1306 953 que
1325 908 1647 945 administrationem
1668 935 1678 951 ,
1705 920 1762 945 aut
1784 911 1933 955 quamvis
1956 910 2136 955 dispositio-

1244 959 1517 1005 nem'importari
1543 984 1554 1000 ‚
1579 969 1678 1004 atque
1703 961 1911 1003 prosequitur
1932 973 1940 993 ε
1968 961 2077 996 Verum
2099 968 2136 994 ut

1241 1016 1429 1044 communiori
1439 1021 1543 1044 vocum
1556 1008 1619 1053 usui
1643 1011 1679 1044 Cu·
1700 1013 1919 1045 Grammaticae
1934 1010 2135 1055 legibus'ma·

1236 1065 1288 1104 gis
1302 1061 1535 1094 accommodatur
1547 1060 1608 1094 ista
1620 1059 1734 1094 lessio:
1762 1065 1808 1094 ita
1828 1064 1990 1106 Regionum
2012 1060 2136 1101 istarum

1242 1108 1407 1157 disciplina·
1431 1122 1466 1143 ac
1489 1109 1618 1144 moribus
1626 1109 1751 1153 prorsus
1772 1109 1976 1154 adversatur.
2002 1113 2033 1144 51·
2051 1115 2134 1145 enim

1244 1162 1416 1193 Primatum
1428 1166 1543 1193 nomine
1555 1159 1825 1203 Carthaginensem
1844 1159 2026 1205 Episcopum
2045 1162 2137 1195 intel-

1240 1211 1314 1252 ligat
1327 1234 1338 1249 ,
1366 1219 1422 1242 non
1432 1210 1589 1250 pluralis,
1609 1207 1666 1251 sed
1679 1208 1840 1252 fingularis
1865 1221 2002 1243 numerus
2021 1215 2133 1253 apponi

1243 1258 1383 1292 debuerat
1398 1271 1405 1291 :
1433 1263 1510 1291 Cum
1524 1262 1627 1291 unicus
1639 1257 1704 1301 esset
1715 1257 1881 1301 hujusmodi
1895 1262 2025 1292 Primus·
2038 1265 2072 1292 in
2094 1264 2133 1292 A·

1237 1307 1318 1349 frica
1333 1334 1340 1340 .
1367 1310 1426 1342 Sed
1453 1311 1488 1343 <9⁹
1499 1319 1589 1351 quam
1600 1307 1651 1342 boc
1663 1307 1702 1341 ab
1718 1307 1867 1349 Africanls
1870 1311 1903 1353 J
1905 1307 2006 1341 nribus
2022 1309 2137 1342 &con-

1236 1356 1391 1401 suetudine
1415 1360 1546 1392 alienum
1559 1381 1570 1399 ,
1597 1368 1631 1391 ut
1656 1359 1700 1391 ad
1720 1357 1901 1401 Episcopum
1910 1361 2076 1391 Romanum
2093 1358 2134 1393 de

1243 1410 1413 1442 ordinando
1423 1407 1655 1452 Carthaginenfi
1668 1408 1812 1452 Episcopo
1825 1407 2002 1452 consultatio
2026 1409 2136 1442 velre-

1236 1460 1310 1492 latio
1332 1465 1517 1492 mitteretur.
1546 1460 1639 1501 ,Quod
1654 1457 1742 1500 fiper
1754 1461 1908 1492 Primatcs
1931 1458 2134 1500 Metropolita-

1238 1519 1306 1540 num
1318 1506 1542 1551 uniuscujusque
1556 1511 1726 1541 Provincia
1738 1507 1916 1551 Episcopum
1929 1531 1940 1548 ,
1963 1504 2014 1551 seri
2019 1511 2137 1550 prima}

1239 1559 1323 1591 Sedis
1346 1558 1513 1598 antistitem
1534 1557 1683 1601 defignat,
1702 1560 1775 1599 jam
1795 1560 1867 1591 verri
1879 1559 2081 1599 ineptiffimum
2090 1556 2134 1598 effi

1237 1620 1273 1642 ac
1294 1608 1455 1642 ridiculum
1475 1608 1552 1648 istud
1570 1611 1748 1647 Decretum,
1772 1610 1851 1650 quod
1863 1612 2017 1642 Primates
2038 1613 2136 1644 extra.

1237 1657 1443 1701 conscientiam
1467 1659 1552 1690 Sedis
1579 1657 1742 1699 Apostollcae
1760 1659 1894 1690 ordinari
1906 1666 2009 1691 vetat.
2038 1657 2130 1692 Cum

1238 1708 1399 1743 Primates
1410 1708 1445 1741 in
1464 1708 1578 1741 Africa
1591 1730 1601 1747 ,
1610 1718 1748 1751 excepto
1759 1706 2012 1751 Carthaginensi
2021 1730 2033 1747 ‚
2047 1706 2130 1742 nun-

1236 1769 1335 1803 quam
1351 1758 1583 1793 ordinarentur
1593 1781 1601 1790 .

1286 1809 1486 1852 Respondeo
1505 1818 1613 1842 tamen
1632 1807 1728 1842 istam
1738 1807 1910 1843 leslionem
1921 1818 1990 1843 non
2002 1806 2066 1841 effe
2077 1817 2131 1850 pa-

1237 1859 1393 1893 radoxam
1408 1884 1414 1891 .
1442 1858 1504 1892 Per
1516 1859 1677 1892 Primates
1689 1854 1832 1903 intelligi
1846 1858 1965 1902 possint
1974 1866 2043 1892 tam
2054 1856 2131 1891 Car·

1235 1908 1456 1954 maginensis,
1477 1907 1575 1952 quam
1588 1909 1698 1952 primae
1711 1908 1803 1942 Sedis
1816 1908 1970 1952 Episcopi
1981 1918 2037 1951 per
2048 1907 2154 1944 alias-t

1236 1958 1427 1994 Provincias
1441 1984 1448 1991 .
1476 1959 1613 1993 Etenim
1627 1960 1714 1993 inter
1727 1956 1993 2004 Carthaginensis
2015 1957 2129 2000 Eccle-

1235 2010 1284 2043 fiae
1295 2009 1497 2044 Primatialia
1515 2009 1588 2052 Jura
1600 2008 1663 2044 fuit
1692 2009 1726 2043 ὅ(
1749 2009 1851 2051 illud,
1883 2007 1981 2053 quod·
1997 2006 2038 2042 ad
2049 2005 2130 2043 Car-

1235 2059 1463 2104 thaginensem
1478 2058 1606 2093 Aurelii
1619 2058 1793 2103 Synodum
1807 2083 1818 2099 ,
1845 2060 1864 2092 ὲ
1885 2070 1948 2103 qua
1961 2056 2135 2102 proprium¹

1237 2109 1414 2144 primatem
1426 2119 1644 2152 acceperunt,
1670 2109 1827 2144 dixerunt
1849 2108 2066 2149 Caecilianus,
2092 2107 2129 2142 ὄε

1227 2160 1454 2199 Honoratus,
1482 2159 1600 2204 Legati
1614 2158 1775 2194 Sitifensis
1798 2158 2029 2194 Mauritaniae:
2056 2160 2129 2192 Pro·

1231 2209 1351 2251 fitcmur
1374 2216 1406 2243 in
1430 2208 1638 2252 conscientiam
1659 2209 1793 2250 Ecclesiae
1805 2207 2050 2251 Cartbaginenfis
2056 2215 2129 2249 per·

1228 2258 1317 2300 ferre
1331 2283 1342 2299 ‚
1367 2260 1608 2301 quandocumque
1621 2258 1799 2291 voluerimus
1811 2256 1922 2290 habere
1943 2262 2057 2298 primae
2076 2258 2126 2289 Se-

1235 2308 1284 2341 da's
1307 2306 1487 2351 Episcopum
1502 2333 1509 2340 .
1535 2312 1586 2341 Ita
1608 2316 1642 2340 ut
1653 2318 1718 2341 cum
1733 2311 1841 2349 prtmae
1852 2307 1938 2340 Sedis
1960 2304 2126 2348 Episcopus

1236 2358 1272 2391 de
1283 2365 1398 2400 corpore
1418 2360 1554 2400 recff'rit
1567 2382 1577 2398 ‚
1603 2361 1697 2400 quiin
1709 2358 1775 2398 ejus
1798 2357 1890 2389 locum
1906 2354 2035 2399 succedit
2047 2378 2058 2395 ,
2083 2354 2133 2394 ad·

1237 2407 1392 2449 Ecclefiam
1417 2407 1615 2449 Carthaginis
1637 2412 1762 2446 mittat,
1788 2407 1898 2440 &eam
1916 2404 2065 2446 instruat,
2091 2413 2126 2438 ut

1232 2458 1291 2499 fiat
1302 2462 1412 2499 prime
1421 2458 1507 2491 Sedis
1519 2455 1682 2499 Episcopus
1692 2481 1700 2489 .
1730 2456 1775 2490 Et
1788 2456 1900 2490 omnis
1908 2454 2065 2499 Synodus
2075 2465 2126 2488 ac-

1236 2509 1390 2542 clamavit
1416 2520 1424 2540 :
1453 2508 1578 2548 Placet,
1600 2508 1724 2548 placet.
1753 2507 1798 2540 Et
1817 2505 1991 2550 adjungit:
2018 2508 2126 2549 ,Quan-

1238 2561 1398 2601 documque
1409 2557 1514 2591 habere
1535 2558 1663 2591 voluerit
1675 2567 1865 2599 quacumque
1885 2558 2050 2589 Provincia
2060 2560 2125 2597 pri·

1235 2621 1292 2643 mae
1315 2610 1400 2642 Sedis
1422 2606 1604 2650 Episcopum
1618 2632 1628 2648 ,
1655 2606 1781 2647 instruat
1800 2606 1942 2648 primitus
1964 2603 2125 2648 Cartbagi-

1236 2657 1351 2702 nensem
1361 2656 1520 2698 Ecclefiam
1531 2681 1542 2698 ,
1550 2658 1585 2691 Θ
1589 2656 1628 2696 fic
1638 2658 1718 2700 quod
1727 2655 1872 2698 desiderat
1882 2655 1984 2698 faciat
1993 2680 2002 2688 .
2016 2652 2124 2703 Qod

1234 2710 1284 2752 jus
1296 2719 1474 2751 utcumque
1487 2707 1611 2750 lapsum
1627 2706 1812 2741 restauravit
1825 2706 1858 2740 in
1882 2706 1936 2740 sua
1948 2703 2123 2750 Carthagi·

1234 2760 1324 2793 nensi
1337 2758 1475 2801 Synodo
1489 2757 1680 2792 Bonifacius
1688 2756 1829 2791 Primas.
1857 2757 1901 2790 Et
1913 2754 2123 2798 hujusSyno-

1233 2809 1288 2849 di,
1317 2807 1665 2851 usquehuclatentis,
1691 2806 1850 2850 insignem
1875 2816 1913 2839 ac
1925 2804 2041 2839 utilem
2064 2815 2123 2839 no-

1235 2860 1342 2893 titiam
1355 2858 1511 2893 debemus
1523 2857 1735 2892 lllussriffimo
1749 2855 1901 2890 Domino
1927 2855 2026 2889 Lucae
2036 2855 2123 2888 Hol-

1234 2909 1340 2944 stenio
1351 2933 1362 2950 ,
1389 2908 1446 2953 qui
1458 2920 1530 2946 eam
1542 2906 1700 2952 produxit
1711 2917 1752 2940 ex
1764 2905 1926 2940 Vaticana
1939 2902 2123 2940 Bibliothe-

1233 2971 1289 2994 ca.
1316 2958 1461 2993 Proinde
1470 2958 1556 3002 apud
1570 2959 1670 2992 Afros
1681 2955 1792 2990 nullus
1813 2965 1942 2999 poterat
1962 2954 2034 2990 fieri
2054 2953 2121 2989 Pri-

1234 3022 1302 3044 mas
1313 3010 1380 3044 fine
1393 3009 1510 3054 praevio
1526 3007 1678 3042 examine
1694 3006 1727 3039 sc
1738 3004 1994 3040 confirmatione
2003 3003 2121 3038 Archi-

1233 3060 1389 3104 Episcopi
1401 3057 1666 3102 Carthaginensis
1675 3081 1682 3088 .
1711 3056 1782 3091 Hic
1793 3056 1950 3091 discutere
1961 3054 2099 3092 debebat
2107 3077 2120 3095 ,

1232 3121 1344 3144 utrum
1355 3108 1549 3152 accipiendae
1558 3106 1715 3151 dignitati
1728 3107 1839 3140 nullus
1849 3105 1992 3141 obstaret
2011 3104 2098 3141 obex
2109 3127 2118 3136 .

1234 3160 1276 3193 Et
1291 3159 1370 3193 hinc
1389 3160 1473 3192 lucet
1491 3158 1656 3201 Magnum
1669 3157 1866 3202 Gregoriutn
1878 3182 1889 3198 ,
1916 3157 1996 3191 dum
2018 3152 2117 3188 alicui

1233 3219 1321 3244 notae
1331 3208 1497 3243 obnoxios
1510 3208 1690 3252 Episcopos
1700 3208 1836 3243 exclusit
1856 3208 1899 3242 ab
1920 3207 1978 3240 ista
1990 3203 2117 3237 ¹succes·

1234 3260 1323 3293 sione
1344 3281 1355 3297 ‚
1388 3257 1474 3291 nihil
1492 3257 1629 3292 sanxisse
1649 3267 1766 3292 contra
1789 3257 1907 3293 Gentis
1928 3262 2034 3289 mores
2059 3261 2116 3286 aut

1234 3310 1405 3344 Canones.
1434 3306 1538 3341 Poffit
1560 3307 1663 3352 igitur
1686 3308 1775 3350 fieri,
1803 3318 1839 3342 ut
1850 3304 1981 3341 Siricius
2000 3302 2116 3337 Ponti-

1232 3359 1286 3394 fex
1305 3358 1463 3393 censuerit
1485 3358 1567 3392 illud
1587 3358 1637 3401 jus
1656 3359 1794 3401 spesiare
1819 3356 1860 3390 ad
1880 3356 1968 3388 suam
1980 3352 2113 3386 Sedem.

1235 3410 1307 3445 Nec
1319 3409 1384 3443 fine
1395 3408 1612 3443 fundamento
1624 3433 1631 3442 .
1661 3408 1794 3443 Etenim
1813 3402 2051 3442 Primatesisti‚
2080 3403 2116 3436 li-

2015 3462 2067 3488 cet
