2326 3718
865 135 1468 180 EUTYCHETIs.
1921 154 2009 197 303„

248 220 312 260 rlos
333 229 419 258 vetat
439 221 505 255 fine
517 220 574 255 tali
598 219 757 255 relatione
769 220 853 254 circa
866 219 965 254 fidem
978 219 1131 255 definire.

253 273 308 310 Ex
328 272 393 314 ipsa
412 271 453 305 ad
468 269 688 314 Eutychetem
708 270 864 314 rescripfit
877 271 1010 305 Sanctus
1022 270 1134 304 Petrus

253 321 503 366 Chrysologus,
529 320 743 365 Metropolim
765 320 934 355 Ravenna:
951 334 958 353 z
987 325 1023 354 In
1043 324 1134 354 omni-

248 371 304 404 bus
316 371 466 405 hortamur
487 381 516 406 te
528 395 540 412 ,
566 376 679 405 Frater
696 369 875 404 honorabilis
886 396 896 411 ,
923 381 957 404 ut
971 371 1018 403 his
1031 396 1042 412 ,
1065 381 1135 413 quae

249 422 273 455 ’ἃ
297 422 462 462 Beatiffimo
486 425 574 465 Papa
595 426 736 455 Romana
755 426 892 455 civitatis
913 420 1026 467 scripta
1045 419 1114 464 sunt
1128 443 1139 460 ,

248 470 422 506 obedienter
438 474 604 512 attendas,
629 472 770 514 quoniam
793 474 907 506 Beatus
928 474 1035 505 Petrus
1047 495 1058 511 ‚
1086 475 1137 514 qui

252 528 284 557 in
318 529 443 566 propria
478 525 549 556 sede
584 523 618 556 r&
643 526 747 562 vivit,
775 524 808 555 (5
830 519 990 565 praefidet,
1011 520 1138 562 praestat

252 574 454 614 quaerentibus
475 573 544 615 fidei
555 576 728 605 veritatem.
759 576 827 605 Nos
848 579 927 606 enim
935 579 993 614 pro
999 571 1095 611 studio
1103 569 1136 611 fi-

250 622 301 656 dei
331 626 364 657 Co·
383 629 468 665 pacis
491 645 502 662 ,
527 631 617 655 extra
641 621 808 666 consensum
829 626 974 655 Romame
999 626 1138 655 civitatis

252 671 416 715 Episcopi,
441 670 545 714 causas
561 671 634 713 fidei
652 674 758 705 audire
783 685 840 706 non
860 672 1005 716 poffumus
1020 695 1027 704 .
1054 669 1137 703 Non

252 723 467 762 Flavianum,
495 733 551 756 aut
563 722 632 765 ejus
642 721 834 765 synodum,
862 722 914 755 sed
930 722 1036 755 solum
1049 731 1139 755 man-

251 772 309 806 dat
325 772 428 806 audiri
441 772 610 806 Leonem.
638 772 766 815 Nempe
777 771 866 815 quod
880 772 1027 806 Flaviani
1042 795 1053 811 ,
1069 771 1141 804 Ro·

250 833 349 857 mana
374 821 570 865 Eutychetis
596 822 812 866 appellatione
832 823 998 856 excussum
1025 846 1035 862 ‚
1059 820 1139 863 judi-

250 871 341 906 cium
365 874 584 907 confirmasset
604 873 739 906 Sanetus
757 873 860 912 Leo,
886 872 1026 907 &suum
1052 870 1142 905 fecis-

250 923 317 958 set.
345 921 460 956 Petrus
481 921 709 967 Chrysologus
733 922 835 957 fuerat
849 923 967 957 Saudo
980 920 1141 955 Flaviano

250 973 460 1016 responsurus
483 973 595 1006 eadem
610 973 668 1015 ,fi
690 974 717 1007 is
737 972 773 1007 in
787 970 954 1008 Paschafii
968 968 1141 1024 Qesnelli

251 1023 321 1056 vias
331 1022 522 1056 declinasset
535 1046 543 1054 .

251 1092 259 1099 ν
302 1072 447 1106 octavus
457 1082 546 1105 error
559 1070 604 1104 est
617 1070 652 1104 in
665 1068 717 1104 his
729 1069 832 1107 verbis
843 1083 854 1103 .·
881 1072 937 1104 Vel
942 1071 990 1103 ad
1006 1069 1144 1103 occiden-

249 1121 314 1154 tale
336 1120 414 1153 ultro
437 1120 621 1162 defhrretur.
649 1120 803 1155 Affirmat
834 1119 1053 1155 Provincialia
1071 1142 1081 1158 ‚
1108 1127 1144 1153 ut

248 1171 371 1215 quaevis
395 1168 457 1204 alia
485 1170 708 1205 Orientalium
733 1194 745 1210 ,
771 1169 981 1214 Synodorum
1015 1169 1142 1214 Judicia

250 1219 390 1264 potuisse
412 1230 467 1263 per
488 1219 673 1254 ultroneam
694 1218 935 1255 submiffiouem
965 1219 1084 1254 deferri
1101 1219 1142 1253 ad

249 1271 447 1317 {Romanum
467 1268 653 1311 Tribunal,
679 1270 732 1304 sed
754 1281 809 1314 per
821 1271 977 1306 Canones
1004 1281 1073 1304 non
1090 1269 1143 1304 de-

251 1320 371 1355 buiss'e.
399 1319 454 1354 Ne
475 1319 611 1363 quidem
631 1318 842 1363 adjudicium
856 1320 959 1355 totius
977 1319 1142 1355 Occiden-

249 1370 314 1406 tis.
341 1369 399 1403 Est
412 1369 559 1413 ipfiffima
582 1368 773 1407 Eusebianae
786 1361 954 1406 pactionis
965 1368 1144 1404 schismati·

246 1430 292 1455 ca
309 1419 522 1454 contumacia
544 1444 552 1453 .
579 1418 715 1454 Etenim
738 1419 825 1463 apud
847 1419 1139 1464 Philippo-Ponta-

251 1478 334 1504 num
347 1469 628 1505 Conventiculum
639 1470 709 1504 haec
720 1471 784 1506 fuit
806 1471 916 1506 Sanffi
938 1470 1015 1514 Julii
1029 1471 1140 1505 Ponti·

249 1520 348 1560 ficis,
370 1519 405 1555 &
427 1519 698 1556 Occidentalium
717 1531 794 1555 cum
819 1522 889 1564 ipso
905 1521 1143 1565 Episcoporum

251 1569 476 1614 praevaticatio
499 1582 508 1603 ι
536 1574 664 1604 Novam
693 1571 785 1615 legem
808 1572 992 1606 introducere
1012 1580 1145 1614 putave-

253 1628 329 1654 runt
341 1643 353 1661 ,
377 1629 411 1655 ut
425 1622 592 1663 Orientale:
602 1618 743 1663 Episcopi
753 1622 794 1654 ab
807 1621 1046 1657 occidentalibus
1059 1622 1144 1662 ‚iudi-

253 1674 409 1704 carentur.
437 1668 485 1704 At
500 1668 609 1714 ,longe
629 1670 718 1704 aliud
731 1671 823 1705 senfit
843 1671 978 1706 Sanctus
999 1671 1145 1716 Cyrillus

250 1716 442 1754 Patriarcha
455 1718 714 1755 Alexandrinus:
745 1721 879 1756 Etenim
903 1721 944 1755 de
957 1722 1064 1757 Sancti
1079 1722 1144 1757 Cae-

252 1764 364 1805 lestini
384 1767 560 1804 Pontificis
573 1794 583 1810 ,
595 1771 651 1814 qui
667 1771 920 1807 Haerefiarcham
933 1771 1123 1807 Nestorium
1135 1797 1145 1813 ,

254 1818 315 1869 nisi
329 1819 416 1854 intra
428 1819 543 1855 decem
558 1820 628 1855 dies
641 1820 820 1856 solemnem
835 1823 867 1855 in
881 1823 980 1866 pleno
999 1823 1146 1857 Ecclefiae

254 1869 435 1904 Conventu
451 1881 599 1905 cantaret
611 1871 727 1906 erroris
747 1872 975 1916 palinodiam,
999 1883 1145 1907 commu·

253 1918 356 1953 nione
367 1918 512 1965 &gradu
535 1920 718 1964 privaverat
731 1945 744 1960 ‚
769 1921 930 1965 Synodali
944 1933 985 1956 ex
997 1921 1075 1956 solis
1093 1920 1146 1955 ad—

253 1969 347 2004 venis
371 1968 543 2014 Episcopis
562 1968 690 2014 judicio
711 1970 829 2014 scripsit
851 1972 891 2005 ad
911 1971 1072 2016 Joannem
1085 1969 1145 2005 Pa·

252 2017 427 2054 triarcbam
441 2017 712 2054 Antiochenam:
740 2021 852 2054 sanc‘la
865 2026 1002 2056 Romana
1017 2023 1145 2059 synodus

254 2066 399 2108 disertam
418 2068 451 2101 ln
462 2069 547 2102 illum
551 2065 734 2112 sententiam
759 2071 830 2102 tulit
844 2093 851 2100 .
878 2073 953 2113 ,Qua
962 2071 999 2102 de
1016 2081 1048 2103 re
1060 2070 1148 2103 &ad

255 2125 340 2150 ruam
362 2129 475 2160 quoque
497 2120 646 2151 Pietatem
664 2116 852 2161 perscripfit.
889 2126 1002 2154 Horum
1020 2120 1148 2161 proinde

256 2169 380 2202 Decreta
388 2169 484 2201 modis
503 2168 638 2201 omnibus
648 2169 825 2211 parendum
838 2168 877 2209 est
887 2169 948 2201 illis
962 2193 974 2208 ,
1000 2174 1052 2212 qui
1072 2170 1094 2201 ἃ
1106 2178 1147 2202 to-

255 2219 317 2253 tius
328 2219 496 2252 Occidentis
505 2225 702 2252 communione
724 2219 859 2253 excidere
882 2221 1046 2253 noluerint.
1072 2220 1147 2252 scri·

250 2264 379 2309 pserunt
391 2278 517 2309 namque
530 2266 664 2308 expofitae
672 2265 832 2310 antentiae
841 2271 980 2311 exempla
988 2294 999 2310 ,
1025 2279 1092 2302 cum
1106 2270 1150 2302 ad

254 2315 373 2357 Rufum
389 2318 542 2358 piiffimum
566 2316 768 2361 Tbeffalonicae
790 2317 992 2361 Episcopum,
1019 2327 1084 2352 tum
1107 2320 1151 2351 ad

255 2367 330 2398 alios
344 2368 455 2408 quoque
465 2367 618 2399 nonnullos
629 2366 853 2411 Religiofifflmos
869 2370 1052 2403 Macedoniae
1064 2371 1094 2401 E
1092 2374 1147 2410 pi—

249 2413 374 2459 scopo„
398 2420 448 2459 qut
462 2415 594 2449 abillius
607 2439 621 2457 ‚
647 2415 796 2451 Romani
816 2417 1009 2459 Pondficis,
1030 2417 1148 2461 senten-

196 2504 199 2506 ,
256 2471 301 2500 tia
336 2467 487 2509 nunquam
511 2463 658 2509 discedere
681 2465 778 2510 solent
803 2491 810 2499 .
845 2467 1029 2512 scripserunt
1055 2468 1147 2502 nihilo

251 2515 349 2560 fitius
362 2517 450 2550 &ad
452 2519 484 2562 J
487 2516 643 2550 uvenalem
653 2518 766 2561 quoque
772 2517 927 2559 piiffimum
953 2516 1149 2560 Hierosolymo·

257 2578 325 2601 rum
347 2564 543 2610 Episcopum.
567 2568 648 2610 Jam
670 2576 732 2600 tuae
755 2569 882 2600 Pietatis
885 2568 983 2609 suerit
996 2592 1007 2609 ‚
1032 2570 1106 2609 quid
1114 2575 1147 2601 in

256 2629 320 2652 rem
337 2616 474 2660 futurum
490 2615 551 2659 fit,
578 2617 734 2661 diligenter
756 2619 925 2660 expendere
947 2643 955 2651 .
982 2622 1049 2652 Nos
1069 2624 1148 2652 enim

253 2667 430 2712 sequemur,
459 2668 825 2710 quaeilltjndtcaverunt.
856 2672 997 2703 Veremur
1009 2680 1148 2712 namque,

257 2731 296 2752 ne
319 2721 341 2752 a
362 2727 512 2752 tantorum
536 2723 733 2753 communione
755 2720 928 2753 excidamus
941 2745 948 2752 .
977 2719 1148 2754 Nestorius

256 2771 363 2805 fuerat
385 2768 522 2812 Ioannis
545 2767 720 2812 Presbyter
741 2780 780 2803 ac
802 2769 939 2805 dilectus
960 2769 1046 2803 filius
1069 2794 1080 2810 ‚
1104 2780 1145 2803 ex

256 2818 325 2863 ejus
349 2819 494 2854 Ecclefia
505 2828 660 2853 evocatus
673 2819 713 2853 ad
734 2818 934 2855 Cathedram
953 2820 1147 2854 Constanti-

257 2870 515 2914 nopolitanam:
535 2868 629 2902 Hinc
652 2868 771 2903 finistri
792 2869 917 2914 aliquid
938 2870 1085 2914 Cyrillus
1107 2870 1147 2904 ab

258 2919 332 2963 ipso
342 2918 523 2954 metuebat.
553 2919 601 2953 At
613 2919 677 2953 fine
687 2929 824 2954 eventu.
852 2920 985 2955 Etenim
1007 2920 1147 2963 Ioannes

259 2969 423 3003 Romanae
443 2969 606 3003 sententiae
632 2970 889 3014 promptiffimus-
905 2970 1053 3005 obedivit
1076 2994 1087 3011 ,
1114 2972 1146 3005 &

260 3018 454 3053 Nestorium
468 3026 617 3060 potenter
627 3020 705 3054 ursit
718 3019 758 3054 ad
770 3019 989 3055 obediendum
1002 3046 1010 3053 .
1038 3020 1146 3056 Etiam

261 3068 428 3112 Iuvenalis
462 3067 704 3112 Hierosolymae
725 3071 905 3115 Episcopus
925 3095 937 3111 ,
974 3071 1146 3115 omnisque

268 3118 399 3163 ejusque
428 3114 669 3154 Patriarchatus
701 3145 710 3153 .
752 3119 835 3155 Haec
870 3121 916 3155 est
951 3121 1084 3164 antiqua
1113 3124 1146 3156 δε

263 3167 460 3213 Apostolica
480 3167 566 3202 circa
590 3168 750 3204 Romanae
775 3168 947 3206 Cathedrae
966 3171 1146 3206 Primatum

262 3219 344 3255 fides
366 3218 384 3252 ὲ
406 3218 539 3252 nemine
551 3229 698 3264 unquam
710 3222 862 3262 excussa,
888 3222 945 3256 nili
956 3222 974 3255 ὲ
987 3221 1148 3257 damnatis

262 3268 446 3306 Erronibus
459 3293 467 3302 .

1397 288 1746 346 CAPUT
1828 296 1884 343 V.

1270 425 1536 495 Discutitmtur
1548 427 1629 477 alia
1659 426 1805 494 Affirta
1822 433 2015 500 Pafihasti

1539 498 1732 571 Qefiielli
1743 535 1756 551 .

1275 617 1445 655 Aschafius
1482 620 1679 667 Qesnellus
1715 620 1922 665 pertinaciter
1955 624 2086 666 persistit

1213 704 1215 706 ,
1300 669 1519 711 Eutychetem
1531 671 1699 716 nunquam
1712 672 1753 706 ad
1763 672 1915 706 Sanctum
1925 670 2088 715 Leonem,

1203 718 1256 752 sed
1284 721 1467 762 provocasse
1479 721 1520 755 ad
1533 721 1664 764 plenam
1686 722 1881 757 Generalem
1894 722 2086 765 Synodum,

1202 769 1236 804 ὅ(
1247 780 1385 804 conatur
1395 771 1562 805 evincere:
1590 774 1635 805 De
1648 773 1849 816 congreganda
1872 782 1974 807 tamen
1990 770 2091 816 hujus·

1203 820 1280 851 modi
1300 821 1409 858 synodo
1419 822 1492 862 jam
1514 830 1586 854 tunc
1607 823 1811 865 cogitabatur.
1839 824 1924 857 Unde
1942 823 2090 869 certiffime

1203 873 1349 903 evincitur
1359 871 1528 906 orientales
1540 872 1578 904 de
1602 873 1839 905 occidentalium
1850 884 1895 906 ore
1906 882 1976 909 tunc
1982 881 2092 915 tempo-

1203 925 1245 951 ris
1269 931 1328 953 non
1332 922 1464 962 pependi
1486 933 1520 955 e.
1547 922 1687 957 Velensm
1711 931 1785 956 ante
1794 927 1958 963 monitum,
1982 921 2093 967 eonsul-

1204 978 1323 1012 tumque
1336 973 1460 1004 Leonem
1481 973 1517 1006 de
1529 972 1670 1011 Eutychis
1693 973 1887 1006 damnatione
1901 972 1980 1013 istud
1989 971 2092 1014 constiti

1197 1017 1265 1057 fuit
1276 1025 1404 1053 initum:
1432 1024 1478 1053 Et
1481 1021 1522 1062 fic
1528 1021 1715 1064 perspicuum
1726 1022 1764 1062 est
1785 1024 1830 1056 ad
1838 1020 2092 1065 ejussententiam

1204 1078 1374 1103 revocatum
1383 1069 1537 1114 nonfuzffe
1561 1073 1711 1106 Flaviani
1714 1074 1879 1117 Judicium
1891 1096 1903 1113 ,
1925 1084 1993 1107 cum
2011 1070 2095 1115 omis·

1203 1115 1236 1163 fi>
1259 1120 1338 1151 illius
1357 1120 1538 1161 Tribunali,
1564 1122 1654 1157 aliud
1665 1122 1800 1166 superius
1818 1131 1984 1169 pararetur
2005 1115 2027 1156 s
2041 1123 2097 1158 Vel

1201 1167 1265 1211 poll
1276 1169 1369 1202 datas
1383 1171 1428 1203 ad
1435 1181 1500 1203 eum
1511 1172 1632 1205 litteras
1644 1197 1655 1212 ‚
1667 1168 1669 1170 ¹
1679 1181 1884 1216 receptumque
1894 1175 1959 1214 ejus
1982 1171 2096 1216 consen·

1202 1217 1271 1265 sum
1279 1227 1445 1260 conceptum
1458 1219 1495 1260 est
1506 1219 1691 1265 universalis
1702 1224 1805 1259 synodi
1816 1223 1959 1265 confilium
1970 1236 1978 1256 ε
2003 1222 2096 1266 ‚Quod

1206 1269 1382 1302 evidentius
1405 1268 1504 1304 adbuc
1525 1269 1650 1309 ostendit
1673 1275 1766 1305 etiam
1775 1270 1837 1313 post
1857 1274 1963 1306 Leonis
1977 1270 2097 1317 consen-

1204 1316 1274 1362 sum
1296 1317 1482 1365 neceffariam
1507 1320 1649 1361 synodum
1659 1318 1944 1364 existimatameffe,
1968 1324 2098 1364 utprio-

1206 1380 1274 1403 rum
1278 1371 1312 1414 J
1314 1369 1472 1402 udiciorum
1487 1366 1637 1411 sententIa
1649 1368 1862 1413 recenseretur,
1888 1382 1924 1403 ac
1946 1394 1958 1411 ,
1977 1369 2009 1414 fi
2026 1379 2100 1413 opas

1207 1419 1293 1462 esset,
1319 1417 1546 1461 reformaretur.
1575 1420 1632 1455 Vel
1639 1420 1764 1463 denique
1785 1420 1977 1454 decernendae
1987 1421 2100 1461 synodo

1207 1480 1245 1502 ex
1261 1468 1352 1512 solius
1374 1470 1581 1512 appellationis
1602 1469 1743 1509 Eutychis
1772 1470 1868 1507 libello
1890 1495 1901 1511 ‚
1922 1468 1974 1513 seu
2006 1482 2097 1512 vero,

1206 1517 1257 1562 seu
1267 1520 1426 1560 mendaci,
1452 1521 1525 1553 color
1537 1518 1741 1563 quaefitusest:
1768 1522 2098 1564 ‚Quodevincitcertum

1208 1571 1293 1611 apud
1314 1570 1482 1603 orientales
1496 1570 1606 1613 suffe,
1634 1569 1776 1610 Eutychis
1799 1572 2028 1613 appellationem
2038 1581 2099 1610 non

1208 1620 1251 1653 ad
1273 1631 1365 1654 unum
1392 1623 1494 1654 Romae
1515 1619 1702 1664 Episcopum
1711 1620 1764 1665 effe
1773 1620 1964 1660 devolutam,
1986 1618 2044 1663 sed
2054 1620 2102 1655 ad

1207 1678 1328 1704 caeteros
1354 1672 1467 1714 quoque
1489 1669 1709 1709 Patriarcbas,
1737 1682 1894 1714 eorumque
1919 1671 2044 1709 synodos
2064 1673 2100 1706 iil

1207 1718 1373 1764 universale
1385 1722 1547 1755 Concilium
1572 1722 1779 1755 convocandas
1790 1747 1797 1756 .

1260 1770 1459 1813 Respondeo
1470 1782 1580 1807 verum
1594 1772 1656 1806 esse
1666 1795 1677 1811 ,
1702 1770 1792 1814 quod
1807 1769 1977 1814 Eutyches
1990 1769 2101 1806 statim

1209 1820 1227 1854 a
1238 1821 1294 1855 sua
1318 1820 1472 1856 Romana
1485 1821 1707 1866 appellatione
1729 1822 1928 1867 cogitaverit
1950 1820 1991 1855 de
2003 1831 2102 1867 gene-

1208 1872 1268 1906 rali
1292 1869 1432 1914 Synodo
1447 1896 1455 1903 .
1482 1871 1525 1905 Et
1546 1872 1678 1906 forsitan
1702 1881 1780 1907 ante
1806 1872 1907 1916 ipsam
1930 1897 1937 1905 .
1966 1871 2103 1907 Etenim

1209 1930 1285 1954 ante
1297 1919 1487 1955 inchoatam
1502 1922 1721 1963 Synodalium
1736 1920 1794 1957 sub
1806 1924 1924 1957 sancto
1938 1921 2102 1956 Flaviano

1210 1968 1372 2004 Actorum
1395 1968 1588 2005 revifionem
1608 1970 1675 2014 jam
1699 1971 1926 2014 impetraverat
1955 1970 2055 2007 talem
2083 1969 2105 2004 ἃ

1210 2018 1364 2061 Principe
1385 2018 1555 2062 synodum
1576 2044 1584 2052 .
1610 2020 1774 2064 Superbus
1796 2032 1834 2055 ac
1857 2020 1979 2055 delirus
2004 2022 2104 2056 senex

1210 2068 1275 2103 fuit
1286 2068 1436 2101 imitatus
1450 2068 1641 2102 Nestorium
1652 2080 1664 2108 ,·
1681 2069 1723 2103 de
1734 2082 1803 2112 quo
1812 2072 1946 2103 Sanetus
1956 2071 2104 2113 Cyrillus

1211 2117 1251 2151 ad
1275 2118 1441 2161 praefatum
1468 2115 1692 2152 patriarcham
1719 2118 1882 2161 Joannem
1906 2131 1914 2153 z
1944 2119 2104 2162 consulue-

1210 2177 1279 2201 ram
1304 2167 1442 2207 Nestorio
1458 2175 1516 2209 per
1526 2168 1648 2201 litteras
1660 2176 1694 2201 ut
1701 2174 1816 2210 pravis
1840 2170 1921 2209 illis,
1943 2168 2103 2213 perversis-

1210 2228 1265 2260 que
1288 2216 1496 2260 quaeflt'onibus
1518 2218 1656 2258 dimiffis,
1679 2217 1850 2261 sam‘lorum
1871 2219 2102 2261 Patrumfidem

1206 2266 1393 2311 sedaretur,
1419 2268 1528 2301 Verum
1549 2276 1635 2301 ratas
1656 2267 1720 2302 haec
1739 2281 1786 2302 me
1814 2281 1852 2304 ex
1869 2270 1932 2302 odio
1938 2268 2102 2314 scripsiffe,

1210 2318 1330 2350 tamum
1350 2315 1472 2358 abfuit,
1495 2325 1529 2351 ut
1552 2318 1644 2350 ullam
1666 2322 1783 2352 omnino
1792 2319 1872 2353 illius
1883 2325 2029 2353 rationem
2046 2320 2102 2354 ba-

1211 2367 1304 2400 buerit
1316 2390 1327 2407 ,
1351 2371 1403 2410 qui
1422 2365 1487 2400 haec
1506 2377 1545 2400 ex
1568 2365 1716 2402 charitate
1738 2368 1783 2400 ad
1799 2374 1945 2410 pietatem
1955 2372 2021 2411 ejus
2030 2379 2100 2412 per-

1207 2414 1390 2461 scripserat,
1417 2426 1451 2451 ut
1471 2416 1520 2449 ita
1536 2415 1693 2459 sentiens,
1721 2419 1815 2453 &ita
1838 2420 1962 2461 dicens,
1990 2425 2024 2454 in
2044 2424 2102 2453 Ro-

1212 2477 1367 2501 manorum
1387 2477 1501 2508 quoque
1524 2477 1615 2499 aures
1633 2465 1781 2506 insinuare
1807 2467 1841 2510 se
1859 2469 1936 2511 poffe
1957 2493 1969 2509 ,
1994 2467 2103 2512 easque

1207 2524 1415 2559 praeoccupare
1422 2514 1561 2558 speraret
1571 2540 1579 2548 .
1609 2518 1736 2550 Etenim
1742 2518 1868 2557 prolixa
1880 2517 1999 2559 epistola
2020 2530 2103 2561 quae·

1211 2568 1284 2600 dam
1305 2564 1438 2609 absurda
1458 2566 1600 2609 dogmata
1609 2566 1799 2609 complexus,
1826 2578 1917 2609 eaque
1943 2569 1989 2602 ad
2000 2572 2102 2603 Domi-

1211 2629 1283 2650 num
1293 2617 1604 2658 meumcaelestinum,
1627 2617 1788 2659 piiffimum,
1810 2620 1954 2652 Romanae
1965 2619 2102 2661 Ecclefiae

1212 2667 1394 2712 Episcopum
1406 2667 1488 2710 missa
1500 2691 1510 2706 ,
1535 2672 1614 2700 inter
1635 2676 1743 2700 caetera
1753 2668 1918 2701 adversum
1929 2670 1995 2702 illos
2008 2693 2020 2710 ‚
2046 2675 2101 2712 qut

1211 2717 1249 2750 ab
1259 2729 1290 2750 eo
1309 2717 1484 2760 diffentiunt
1498 2741 1508 2756 ‚
1534 2716 1596 2750 baec
1606 2718 1718 2759 quoque
1735 2718 1850 2760 adjecit
1862 2742 1873 2760 ‚
1899 2719 1953 2753 &a
1980 2720 2100 2753 Statim

1210 2779 1248 2802 ac
1265 2767 1370 2802 audiit
1391 2766 1556 2809 Cyrillum
1580 2769 1616 2802 in
1640 2769 1693 2800 sua
1705 2767 1863 2813 dogmata
1881 2779 1997 2813 agere,
2026 2770 2099 2803 suas

1214 2819 1377 2863 Exegeses
1387 2827 1465 2852 cum
1483 2818 1628 2862 epistolis
1641 2817 1726 2852 mifit
1746 2818 1787 2854 ad
1799 2819 1916 2853 Sedem
1928 2818 2100 2865 Apostoli-

1210 2880 1281 2903 cam
1294 2892 1306 2909 ,
1331 2867 1419 2912 quasa
1437 2878 1543 2902 certus
1564 2879 1601 2902 ea
1625 2868 1803 2911 placitura,
1833 2870 1868 2903 &
1888 2879 2096 2913 conquerens

1210 2918 1376 2960 Cyrillum
1398 2918 1548 2952 adversus
1567 2929 1606 2953 ea
1625 2928 1665 2951 ex
1678 2919 1758 2952 odio
1778 2929 1873 2962 agere
1890 2944 1897 2951 .
1925 2919 1986 2952 Rei
2000 2919 2095 2954 series

1210 2968 1347 3002 habetur
1367 2968 1403 3002 in
1429 2968 1567 3003 exordio
1592 2966 1747 3011 Ephefini
1772 2969 1937 3002 Concilii.
1966 2968 2096 3004 Eodem

1209 3017 1311 3053 modo
1333 3018 1499 3062 Eutyches
1519 3018 1674 3052 clamavit
1700 3018 1893 3053 Flavianum
1904 3020 2027 3053 moveri
2048 3029 2094 3053 ex

1207 3069 1288 3104 odio
1299 3094 1311 3110 ,
1337 3070 1370 3103 ὅ(
1386 3067 1426 3102 ad
1439 3069 1468 3103 S
1481 3070 1629 3103 Leonem
1641 3068 1835 3111 appellando
1847 3092 1858 3109 ,
1885 3069 1920 3104 δε
1934 3069 2098 3103 Sanstiffi-

1209 3131 1298 3153 mum
1312 3119 1404 3153 suum
1417 3119 1616 3163 Episcopum
1627 3118 1810 3153 accusando
1823 3143 1833 3159 ,
1854 3119 1989 3163 speravit
2002 3119 2031 3151 A
2037 3131 2093 3163 po-

1209 3170 1335 3204 stolicas
1346 3180 1437 3203 aures
1449 3179 1671 3213 praeoccupare
1682 3193 1690 3202 .
1716 3169 1850 3214 Insuper
1859 3178 1968 3203 tamen
1989 3170 2093 3202 mina-

1208 3231 1260 3255 tus
1282 3218 1348 3257 est‚
1372 3218 1597 3255 ssRomanum
1610 3228 1775 3253 tentamen
1801 3231 1869 3253 non
1884 3219 2089 3259 succederet,

1208 3279 1382 3316 provocare
1400 3266 1442 3303 ad
1454 3269 1648 3304 Generalem
1659 3269 1830 3312 Synodum
1843 3293 1854 3310 ,
1881 3270 1914 3303 δε
1929 3270 2030 3312 ipsam
2048 3268 2091 3302 ab

1209 3322 1316 3356 amico
1334 3318 1390 3353 fibi
1415 3318 1570 3363 Principe
1604 3319 1764 3363 postulare
1787 3345 1794 3353 .
1821 3318 1928 3352 Immo
1963 3318 2090 3352 videtur

1209 3368 1380 3414 utrumque
1400 3369 1496 3404 fimul
1520 3370 1633 3414 egisse.
1660 3370 1708 3404 Ita
1734 3380 1802 3404 non
1814 3368 1954 3404 obscure
1966 3367 2092 3411 colligi·

1208 3431 1260 3458 tur
1268 3433 1309 3457 ex
1321 3420 1448 3467 praefata
1458 3419 1615 3456 revifione
1627 3416 1999 3464 Constantinopolitanae
2011 3427 2090 3451 con-

1989 3475 2038 3500 tra
