2326 3718
673 128 1571 187 Romms'Apptrinffio'mnffs2
1895 150 1959 198 σς

213 225 251 263 ἃ
262 229 349 272 super
357 235 471 261 omnes
481 226 602 271 gaudet
613 225 785 262 Romanus
797 225 952 260 Pontifex
965 250 972 258 .
998 224 1091 258 Hinc
1149 223 1200 256 dis
1213 221 1380 266 Apostolicae
1391 246 1402 263 ‚
1427 223 1508 264 quod
1518 232 1670 263 nunquam
1681 224 1766 259 licuit
1775 247 1786 264 ,
1810 235 1963 269 nunquam
1977 227 2030 267 fao

212 278 320 322 primo
339 275 518 310 Arelatensi
545 276 704 312 Concilio
721 301 733 317 ‚
758 275 799 311 ad
825 274 913 319 quod
938 275 956 310 a
982 274 1088 310 Sansti
1149 273 1228 306 Ham
1238 273 1290 315 est.
1310 271 1460 306 Adducit
1473 281 1536 305 tres
1548 272 1733 307 criminales
1743 275 1904 310 rationes.
1925 276 2030 323 Qod

212 324 408 360 MelchiadIS
433 326 587 362 Romana
609 326 768 362 sententia
784 326 962 360 Donatistae
975 336 1091 369 provo-
1150 323 1214 357 fine
1241 322 1469 357 ·Authoritate
1494 321 1586 356 Sedis
1611 321 1806 364 Apostolicae,
1831 325 2032 370 subripuisset

210 386 343 416 carant,
370 377 652 421 Sansti'Sylvestri
673 376 813 422 Legatio
836 375 977 420 praesedit
991 399 1000 407 .
1027 375 1090 408 Et·
1151 373 1310 417 praefidere
1319 372 1462 418 generali
1473 370 1631 416 Synodo.
1659 371 1763 418 Qod
1786 374 1907 415 Judicis
1927 376 2031 420 perso-

209 423 276 459 iam
290 424 455 469 Ephesino
467 427 624 462 Concilio
636 451 647 467 ,
671 427 714 461 ad
736 427 823 470 quod
848 437 961 462 contra
981 424 1088 458 Sansti
1150 434 1230 459 nam
1238 434 1308 458 non
1322 422 1446 458 habens
1457 420 1693 466 praesumpfiffet
1700 420 1855 463 judicare.
1885 426 1927 459 Et
1939 427 2031 468 quod

210 474 377 511 Caelestini
391 477 581 512 sententiam
592 487 780 521 provocarat
793 476 964 511 Nestorius
976 499 987 515 ,
1013 475 1088 508 San·
1151 473 1169 508 a
1197 485 1297 518 pravo
1322 474 1392 517 ejus
1411 472 1535 517 judicio
1551 473 1629 507 esset
1639 480 1852 514 provocatum
1862 472 1902 507 ad
1914 476 2031 511 Sedem

211 526 280 559 &us
303 527 451 571 Cyrillus
471 552 482 569 ,
509 527 654 570 itemque
679 527 840 562 Arcadius
867 539 905 562 ac
927 524 1089 567 ProJefius
1152 522 1402 568 Apostoficam,
1428 523 1568 567 ideoque
1578 522 1613 556 in
1625 521 1843 556 retrastatorio
1857 546 1869 562 ,
1895 523 2032 566 quodex

209 573 388 619 Episcopi,
414 588 542 612 necnon
568 577 601 610 &
622 577 782 611 Romanae
793 577 941 612 Ecclefiae
954 573 1089 617 Presby-
1151 574 1259 608 Sancti
1269 574 1392 609 Leonis
1404 570 1885 616 mandatojaminchoabatur‚
1911 571 2033 614 judicio

210 633 260 659 ter
281 624 455 670 Philippus·
473 627 488 668 ,›
510 627 627 672 Legati
649 627 792 671 ejusdem
815 624 1005 665 pontificis,
1035 623 1090 658 ad·
1152 624 1255 666 Judex
1267 626 1330 660 effe
1339 636 1408 660 non
1418 623 1543 668 posset,
1570 623 1622 657 sed
1634 622 1811 657 advenisset
1822 621 2033 665 judicandus.

208 675 343 711 fuerunt
367 688 405 710 ac
414 677 640 720 praesederunt.
669 679 713 712 Et
734 675 801 711 haec
819 676 863 710 est
877 675 1026 719 palmaris
1052 685 1091 708 ac
1151 673 1253 720 Qod
1274 675 1340 719 jam
1361 686 1403 711 ext
1428 674 1535 718 judice
1546 675 1621 708 esset
1641 673 1827 707 demutatus
1853 673 1887 706 in
1905 672 2012 708 Reum
2025 700 2035 707 .

208 725 316 768 prima
338 725 489 769 Ephesini
514 727 694 762 Latrocinii
717 726 936 771 praevaricatio
957 750 969 767 ‚
994 724 1083 768 quod
1152 723 1196 757 Et
1209 722 1293 759 hanc
1304 725 1487 766 rationem,
1513 724 1591 759 licet
1602 734 1671 758 non
1684 722 1883 766 palmarem,
1908 722 2036 759 Lucen-

209 775 391 809 Dioscorus
409 775 614 812 Alexandriae
626 774 810 811 Patriarcha
835 775 938 811 Sanffl
965 770 1089 810 Leonis
1152 774 1216 808 tius
1236 774 1371 810 adduxit
1399 775 1506 818 primo
1520 775 1619 808 loco:
1643 772 1747 821 Qod
1759 784 1876 818 nempe
1887 774 2038 809 contine-

208 824 354 869 Legatos
373 827 543 860 excluserit
563 852 574 868 ‚
601 838 638 862 ac
659 827 725 871 ipse
751 827 929 870 praesederit
943 852 951 861 .
979 825 1090 860 Haere-
1152 834 1200 858 ret
1212 825 1338 859 causam
1350 825 1511 869 propriam
1526 848 1537 864 ,
1562 834 1604 858 ex
1617 834 1681 866 qua
1693 823 1951 859 Dioscorusnon
1964 825 2037 868 posu

207 874 332 910 siarcha
345 875 535 920 Eutyches,
562 887 629 911 non
640 878 806 912 dumtaxat
821 875 1089 911 asanftiFlavia-
1153 874 1196 908 ser
1213 875 1360 918 vSynodo
1385 875 1575 909 considere.
1602 874 1647 907 Et
1669 874 1803 907 sanetus
1827 873 2038 909 paschasinus

209 924 246 957 ni
257 925 436 966 sententia,
462 927 514 960 sed
534 927 634 960 etiam
655 926 673 959 a
697 927 804 960 Sancti
817 927 962 965 Leonis,
988 926 1089 969 ipsam
1153 926 1289 968 perrexit
1313 938 1320 958 ε
1359 929 1427 958 Nos
1447 932 1548 960 contra
1571 926 1727 965 Praecepta
1759 923 1919 963 Beatifflml
1944 934 2037 967 atque

209 975 434 1009 confirmantis
444 999 454 1014 ,
467 974 592 1016 judicio
603 985 794 1018 provocarat
808 989 815 1008 :
842 976 935 1011 Hinc
949 975 1090 1009 Diosco·
1154 973 1300 1017 apostolici
1313 979 1408 1019 Papae
1419 982 1521 1011 ventre
1535 985 1593 1008 non
1600 973 1747 1018 pensamus
1757 998 1769 1015 ,
1794 985 1846 1007 nec
1866 978 2040 1008 contraeEc-

208 1034 263 1056 rus
271 1023 369 1056 etiarn
381 1023 582 1057 Pontificem
593 1024 873 1069 asseruiteJudice
886 1023 1039 1060 cecidisse
1053 1037 1090 1060 ac
1152 1024 1320 1068 clefiasttcas
1350 1028 1467 1069 regulas
1486 1050 1498 1066 ,
1525 1036 1577 1059 nec
1597 1033 1698 1059 contra
1723 1023 1860 1065 Instituta
1886 1026 2037 1058 Parrum.

206 1070 359 1106 tranfiiffe
380 1071 416 1106 in
439 1072 569 1115 Reum,
593 1084 649 1108 aut
664 1075 751 1110 certe
762 1076 1020 1117 Accusatorem‚
1046 1086 1090 1110 at·
1158 1075 1306 1111 Affirmat
1332 1073 1418 1110 hanc
1444 1074 1600 1108 Dioscori
1625 1073 1844 1109 exclusionem
1880 1074 2038 1119 postulari

205 1132 272 1165 que
284 1120 329 1155 ita
340 1121 523 1165 praefidendi
534 1123 784 1170 Praerogativam
799 1127 840 1162 ad
854 1128 899 1167 se,
913 1126 1089 1162 secundum
1153 1125 1244 1170 juxta
1256 1127 1360 1160 sacros
1370 1125 1526 1160 Canones
1535 1148 1544 1157 .
1571 1123 1655 1170 Qae
1666 1124 1778 1158 omnia
1788 1123 1958 1158 audientes
1969 1125 2039 1168 glo-

204 1170 358 1206 Ecclesiae
368 1169 611 1216 patriarcham,
636 1175 816 1211 devenisse.
844 1176 969 1212 Verum
990 1176 1092 1222 longe
1154 1176 1313 1212 riosiffimi
1328 1175 1457 1220 Judices
1467 1172 1682 1210 exaudierunt
1696 1169 1756 1205 has
1777 1172 2038 1214 intercessiones,

205 1221 301 1256 aliter
311 1223 436 1258 censuit
460 1221 736 1261 Chalcedonensis
749 1226 923 1271 Synodus:
950 1228 1092 1262 Laudari
1153 1227 1354 1270 &jusserunt
1363 1219 1759 1261 Dioscorumecathedxa
1769 1217 1983 1264 descendere,
2004 1224 2042 1260 δε

205 1271 384 1306 Pontificis
404 1273 548 1319 Legatos
557 1275 687 1310 admisit
703 1276 745 1312 ad
771 1277 902 1321 plenam
929 1277 1092 1321 praesiden-
1154 1286 1191 1311 ut
1201 1276 1309 1312 Reum
1320 1276 1402 1311 stare
1415 1277 1450 1311 in
1461 1274 1591 1310 medio.

206 1322 291 1356 tiam
300 1345 310 1354 .
336 1321 464 1357 Eodem
475 1335 544 1359 non
552 1324 681 1370 quidem
693 1327 878 1371 praesidendi
892 1352 903 1368 ,
921 1328 973 1362 sed
983 1338 1090 1363 tamen
1202 1328 1354 1362 Eandem
1366 1327 1526 1362 rationem
1537 1323 1673 1360 adduxit
1686 1322 1843 1363 Eusebius
1855 1323 2045 1368 Dorylcen-

206 1370 376 1406 adsidendi
388 1372 561 1420 privilegio
581 1376 722 1420 gaudere
743 1389 860 1413 omnes
871 1377 1094 1414 Provinciales
1154 1378 1194 1412 sis
1209 1377 1390 1422 Episcopus
1400 1401 1411 1418 ,
1437 1376 1494 1421 qui
1505 1372 1524 1411 ’ὲ
1537 1376 1702 1410 Dioscoro
1712 1375 1799 1419 apud
1812 1373 1977 1418 Ephesum
1989 1375 2044 1410 de-

205 1420 363 1465 synodos
375 1445 386 1462 ‚
413 1423 617 1466 pretendunt
628 1426 798 1463 Dominus
818 1429 933 1463 Petrus
951 1426 993 1463 de
1006 1428 1093 1464 Mat·
1155 1427 1309 1474 gradatus
1330 1427 1504 1472 appellarat
1527 1425 1569 1460 ad
1591 1425 1814 1467 Pontificem,
1839 1426 1874 1460 ἀ
1892 1425 1979 1460 dixit
2000 1423 2043 1459 ad

206 1482 248 1505 ea
273 1484 311 1507 ac
333 1471 519 1508 Paschasius
531 1474 725 1521 Qesnellus
742 1504 750 1510 .
779 1478 894 1513 Petrus
913 1479 954 1513 de
978 1479 1092 1514 Marca
1155 1477 1396 1523 gloriofiffimos
1408 1477 1538 1523 Judices
1565 1487 1605 1510 ac
1615 1487 1750 1511 omnem
1763 1473 1953 1519 synodum:
1983 1478 2046 1509 Per·

207 1520 257 1555 est
267 1521 400 1555 mitior:
426 1523 588 1558 Obtinere
600 1526 635 1559 id
647 1525 764 1559 vultin
776 1527 852 1559 solis
869 1526 1004 1569 Judiciis
1016 1529 1092 1560 εἰνὶ,
1152 1526 1281 1569 salutem
1301 1527 1493 1562 Dominarum
1518 1525 1648 1569 universi
1666 1527 1775 1562 Mundi
1794 1550 1806 1567 ,
1823 1526 1928 1568 jubete
1947 1529 2045 1560 etiam

207 1567 297 1605 libus
322 1580 361 1605 ac
373 1570 604 1607 criminalibus.
632 1571 819 1609 Paschasius
830 1573 1028 1623 Qesnellus
1040 1587 1094 1611 ex·
1153 1583 1253 1618 preces
1274 1588 1354 1610 meas
1376 1580 1433 1621 legi
1451 1601 1462 1616 ,
1481 1576 1553 1618 ficut
1571 1577 1686 1618 placuit
1707 1578 1828 1620 ptiffimo
1844 1581 2043 1619 Imperatori.

205 1617 315 1650 ‘endi‘
323 1618 424 1651 αἶψ’
452 1621 720 1663 ‘dDogmatica-
900 1638 902 1641 ⁴
1155 1624 1261 1668 Laesus
1279 1625 1348 1670 sum
1367 1629 1388 1659 ἃ
1410 1623 1560 1668 Dioscoro:
1590 1625 1679 1668 Laesa
1700 1625 1737 1666 est
1743 1626 1822 1666 fides
1835 1650 1842 1657 .
1873 1625 1991 1667 Occisus
2002 1625 2043 1664 eff

256 1664 372 1700 Ambo
390 1665 564 1702 infeliciter
573 1679 698 1704 errant.
726 1670 879 1705 Eandem
903 1672 1092 1718 Praerogati-
1155 1674 1329 1706 Flavianus
1350 1675 1478 1706 Sanetus
1501 1672 1666 1715 Episcopus
1687 1699 1697 1714 ,
1724 1674 1845 1716 impleor
1863 1674 2042 1714 lachrymis,

204 1725 282 1755 vam
291 1714 328 1750 in
338 1712 596 1752 Chalcedonenfi
610 1720 748 1761 synodo
767 1721 935 1764 praetendit
947 1724 1092 1767 praesatus
1126 1755 1130 1758 ,
1146 1721 1236 1764 fimul
1243 1721 1470 1764 mecumtnjustb
1480 1722 1647 1755 damnatus
1658 1721 1695 1761 est
1709 1723 1746 1753 ab
1764 1734 1810 1755 eo.
1833 1725 1863 1765 J
1867 1723 1951 1756 ubete
1967 1732 2044 1765 pre-

203 1763 397 1801 Patriarcha
407 1766 600 1802 Dioscorus.
628 1768 763 1804 Etenim
775 1771 852 1806 licet
872 1769 928 1806 hic
945 1783 1092 1818 ageretur
1153 1783 1199 1806 ces
1210 1784 1292 1807 meas
1298 1772 1410 1817 perlegi
1421 1795 1429 1804 .
1458 1771 1611 1806 Affirmat
1621 1772 1652 1805 se
1673 1771 1690 1805 ὲ
1704 1771 1875 1806 Martiano
1889 1771 2043 1816 Augusto

203 1815 318 1850 ‘Sanffi
339 1815 515 1857 Flaviani,
539 1818 573 1852 δι
586 1818 727 1854 aliorum
748 1821 1008 1866 Episcoporum,
1034 1824 1091 1868 qui
1155 1823 1345 1867 supplicasse
1363 1822 1595 1857 executionem
1618 1821 1797 1856 Canonum
1810 1846 1821 1861 ,
1848 1823 1905 1865 qui
1931 1822 2044 1866 injusti

206 1865 251 1900 ab
270 1865 341 1909 ejus
363 1866 448 1910 apud
460 1866 626 1911 Ephesum
650 1870 853 1906 Latrocinali
864 1873 1023 1908 sententia
1050 1874 1089 1908 ad
1154 1873 1274 1916 Judicii
1298 1871 1471 1907 authorem
1485 1871 1684 1916 Episcopum
1704 1872 1861 1906 mandant
1884 1873 1918 1906 in
1942 1883 2045 1907 retra-

203 1914 375 1960 Magnum
394 1916 542 1952 Leonem
561 1929 777 1962 provocarant
799 1946 811 1963 ,
838 1924 1090 1958 retractatorium
1153 1923 1292 1958 &atorio
1313 1922 1441 1966 Iudicio
1463 1921 1626 1957 demutari
1648 1923 1681 1956 in
1704 1922 1815 1956 Reum
1838 1936 1848 1955 .·
1889 1922 2044 1956 Affirmae

205 1966 372 2011 ludicium
382 1990 393 2006 ,
419 1966 487 2011 ipse
511 1969 580 2012 post
602 1969 747 2015 Legatos
758 1971 786 2006 A
792 1972 971 2017 postolicos
996 1986 1033 2008 ac
1046 1973 1090 2007 A·
1155 1974 1229 2007 istas
1241 1975 1310 2007 suas
1322 1983 1429 2016 preces
1441 1972 1592 2008 admissas
1603 1973 1620 2008 a
1635 1971 1789 2016 Principe
1800 1997 1811 2014 ,
1838 1972 1873 2006 ἀ
1885 1983 2045 2016 exequen-

207 2016 372 2051 nacoliam
384 2015 789 2064 constantinopolitanum
806 2022 996 2058 Antistitem
1010 2024 1090 2059 sedit
1153 2023 1210 2058 das
1231 2024 1426 2059 transmissas
1449 2024 1490 2058 ad
1516 2022 1710 2067 Symdum,
1738 2023 1880 2066 ideoque
1903 2023 2044 2058 Diosco-

208 2066 362 2101 omnium
384 2067 526 2110 primus.
554 2069 595 2104 Se
606 2071 736 2116 ingeffit
758 2072 793 2106 in
818 2074 928 2108 locum
939 2074 1089 2110 debiturn
1155 2085 1227 2107 rum
1260 2072 1401 2109 omnint)
1434 2073 1529 2108 fuisse
1554 2073 1574 2107 ὸ.
1599 2073 1747 2109 consessu
1782 2072 2042 2108 excludendum.

206 2116 270 2148 suae
280 2115 428 2149 Ecclesiae
438 2141 445 2149 .
474 2118 518 2151 Et
529 2119 737 2167 existimabat
749 2122 781 2155 se
793 2133 863 2156 non
877 2136 982 2159 carere
995 2125 1090 2159 omni
1153 2124 1222 2158 Hic
1236 2134 1366 2167 precum
1377 2134 1553 2159 contextus
1566 2138 1576 2157 .-
1603 2126 1755 2167 ,Quantam
1765 2128 1858 2167 igitur·
1868 2134 1924 2157 non
1946 2124 2044 2158 modi«

207 2163 425 2221 fiindamento
441 2190 448 2197 .
474 2166 607 2202 Etenim
627 2169 816 2206 Patriarchae
840 2172 913 2206 sunt
935 2173 1018 2207 istud
1047 2175 1091 2218 ip·
1151 2185 1185 2206 ca
1206 2172 1299 2216 sunt,
1325 2185 1392 2216 quae
1415 2176 1436 2207 a
1464 2172 1597 2216 Dioscoro
1623 2171 1768 2217 usurpata
1790 2172 1864 2216 stim
1889 2175 2043 2209 adversus

206 2214 279 2248 sum
300 2225 336 2270 lu
350 2214 489 2271 Ecclesia
502 2241 514 2256 ‚
539 2219 630 2261 quod
654 2219 881 2255 Praetoriorum
899 2223 1089 2258 Praefeffiin
1111 2244 1113 2248 ν
1151 2223 1362 2265 christifidem
1388 2225 1423 2258 δ’
1437 2224 1602 2257 adversum
1614 2235 1690 2264 nos,
1711 2225 1864 2266 provoluti
1881 2233 2041 2266 precamur·

205 2262 368 2306 Imperio:
394 2265 489 2321 Hinc
517 2266 550 2299 ὅς
561 2266 702 2311 ipsorum
722 2269 974 2315 Praerogativam
1000 2273 1092 2307 Dio·-
1151 2273 1278 2314 vestram
1290 2274 1487 2307 Clementiam
1499 2299 1509 2314 ,
1521 2282 1554 2306 ut
1562 2279 1750 2315 praecipiatis
1764 2276 1932 2307 Reverendi
1951 2286 2043 2307 rmum

204 2313 314 2347 scotus
339 2315 504 2356 praetendtt
524 2317 589 2350 suis
612 2317 831 2362 Synodalibus
845 2322 981 2365 Judiciis
992 2348 999 2355 .
1027 2321 1087 2358 Sed
1152 2321 1328 2366 Episcopum
1341 2321 1508 2366 Dioscorum
1517 2323 1689 2366 respondere
1703 2323 1751 2356 bis
1764 2346 1774 2362 ,
1798 2335 1866 2366 quae
1877 2326 1897 2356 ἂ
1912 2323 1993 2356 nobis
2015 2328 2041 2356 et

205 2361 309 2407 longe
325 2364 387 2397 alia
410 2374 475 2398 erat
486 2366 643 2402 sententia
666 2369 860 2414 Legationis
874 2371 1089 2416 Apostolicae.
1151 2379 1342 2418 ingeruntur.
1370 2372 1486 2407 Palam
1497 2372 1682 2417 expostulat
1704 2372 1905 2407 Dioscorum
1929 2374 2046 2408 transi·-

206 2411 342 2446 Etenim
365 2414 497 2448 Samstus
520 2416 727 2453 paschasinus
742 2442 753 2459 ‚
777 2420 924 2463 Lilybeti
943 2424 1029 2466 apud
1042 2424 1090 2457 Si·
1151 2425 1229 2458 rein
1243 2424 1368 2458 Reum.
1398 2422 1532 2468 Utique
1543 2424 1720 2458 secundum
1737 2423 1913 2458 Canones.

207 2462 300 2496 culos
324 2462 522 2507 Episcopus,
547 2477 585 2500 ac
607 2467 699 2501 Sedis
711 2467 908 2512 Apostolicae
924 2472 1088 2516 Legatus,

205 2511 315 2546 statim
329 2513 362 2545 in
377 2513 445 2555 ipso
456 2514 582 2556 Synodi
595 2517 734 2552 exordio
754 2518 928 2554 intercessit
939 2522 1089 2558 adversus

205 2561 303 2595 istum
317 2562 471 2596 Dioscori
481 2566 659 2600 consessum
670 2589 682 2606 ‚
707 2568 742 2602 ἀ
753 2567 841 2603 dixit
860 2570 900 2605 ad
913 2571 1088 2608 Gloriofis-

205 2611 304 2645 simos
326 2610 453 2654 Iudices
476 2625 485 2646 ι
529 2617 690 2656 Beatiffimi
715 2626 804 2660 atque
830 2620 978 2661 apostolia
1004 2629 1089 2662 viri,

209 2664 305 2704 Papae
317 2662 402 2694 Urbis
414 2667 513 2696 Romae
522 2689 533 2705 ,
558 2677 624 2707 quae
636 2666 674 2708 est
685 2671 786 2709 Caput
796 2676 926 2703 omnium
948 2672 1087 2715 Ecclefia-

208 2722 274 2745 rum
286 2735 296 2751 ‚
324 2714 479 2754 Praecepta
489 2712 631 2749 habemus
638 2725 706 2759 prae
717 2719 855 2753 manibus
863 2744 874 2762 ,
902 2721 1006 2764 quibus
1019 2731 1087 2765 prc-

207 2766 303 2803 cipere
329 2762 472 2806 dignatus
498 2763 535 2804 est
555 2766 618 2806 ejus
638 2767 815 2808 Apostolatus
835 2795 845 2811 ‚
871 2780 905 2804 ut
929 2771 1086 2815 Dioscorur

207 2813 477 2846 Alexandrinorum
492 2814 762 2860 Archi-Episcopus
773 2830 830 2853 non
842 2819 947 2864 sedeat
965 2828 998 2855 in
1012 2827 1088 2856 Con-

208 2862 292 2900 cilio,
311 2860 368 2904 sed
378 2864 546 2898 audiendus
570 2872 805 2901 intromittatur.
836 2877 895 2905 Hoc
914 2883 966 2905 nos
987 2872 1087 2916 obser—

211 2920 284 2944 vare
302 2914 403 2954 neccsse
413 2913 469 2953 est.
499 2916 531 2947 51
543 2927 607 2961 crgo
614 2925 755 2960 praeciplt
778 2919 875 2958 Vestra
896 2923 1087 2966 Magnificen-

1202 2474 1311 2507 Etiam
1324 2475 1455 2508 Sanstus
1463 2470 1676 2507 Paschafinus
1688 2473 1774 2507 dixit
1786 2474 1949 2517 Magnum
1959 2475 2046 2508 Leo·

1152 2534 1227 2557 nem
1257 2522 1321 2556 haec
1340 2522 1457 2565 juffisse
1471 2522 1651 2556 secundum
1675 2522 1807 2555 Parrum
1831 2523 1983 2557 instituta
2009 2524 2043 2558 &

1154 2573 1279 2618 regulas
1292 2571 1531 2606 Ecclesiasticas
1545 2596 1551 2602 .
1579 2570 1712 2604 Etenim
1726 2571 1844 2606 eodem
1854 2573 1957 2607 modo
1971 2571 2044 2618 pro-

1155 2622 1225 2657 cedi
1237 2623 1270 2656 in
1283 2621 1425 2656 secundo
1439 2620 1600 2666 Ephesino
1611 2621 1767 2655 Concilio
1785 2621 1912 2664 jusserat
1934 2624 2045 2667 Impe-

1155 2672 1456 2707 ratorTeodosius.
1485 2671 1564 2715 Ejus
1578 2670 1617 2704 ad
1640 2670 1810 2714 Elpidium
1823 2673 1902 2706 sacri
1924 2673 2044 2707 Consi·-

1155 2723 1244 2757 storii
1279 2723 1449 2759 Comitem
1471 2746 1482 2762 ,
1517 2723 1551 2755 &
1575 2720 1756 2766 Eulogium
1785 2721 1979 2757 Tribunum
2005 2734 2042 2757 ac

1155 2772 1331 2807 Notarium
1353 2797 1364 2813 ,
1390 2773 1516 2806 futuros
1537 2770 1665 2813 Synodi
1687 2770 1862 2807 Aflessores
1882 2797 1892 2814 ,
1921 2773 2040 2809 diresta

1154 2823 1284 2857 Divalis
1307 2823 1400 2857 Sacra
1420 2821 1507 2865 jussit
1530 2820 1649 2864 causam
1666 2824 1768 2856 ordine
1784 2828 1963 2865 provenire,
1992 2824 2040 2856 bis

1153 2880 1203 2916 qui
1226 2875 1345 2915 pridem
1366 2872 1534 2911 Eutycbetis
1546 2869 1732 2915 religiqfiffimt
1755 2873 2040 2907 Archi—Mandritae

1148 2924 1279 2969 Judices
1291 2922 1471 2962 exstiterant
1484 2948 1494 2964 ‚
1518 2920 1714 2965 praesentibus
1725 2924 1846 2965 quidem
1870 2934 1904 2955 ac
1912 2930 2041 2956 tacenti·

1137 2964 1206 3006 'bus
1217 2999 1226 3014 ‚
1255 2975 1366 3006 nullum
1380 2983 1481 3007 tamen
1495 2976 1528 3018 J
1529 2974 1711 3005 adit-antium
1732 2971 1910 3006 habentibus
1926 2974 2018 3006 locum
2029 2998 2040 3014 ,

212 2962 262 2991 ²³¹²
271 2984 281 3000 ,
305 2972 356 2995 aut
367 2964 416 2996 ille
427 2966 617 3007 egrediatur,
644 2976 696 3000 aut
714 2979 767 3002 nos
792 2978 929 3004 eximus.
959 2972 1001 3006 Et
1024 2974 1087 3008 Lu·

1075 3042 1087 3048 -
1131 3002 1206 3453 lsai
1225 3035 1404 3057 communem
1424 3025 1549 3056 altorum
1573 3027 1700 3055 omnium
1717 3019 1888 3064 sancqorum
1911 3025 2040 3056 Patrum

212 3009 338 3064 centius
361 3012 538 3049 Esculanus
560 3017 757 3062 Episcopus,
786 3020 866 3054 alter
888 3022 978 3056 Sedis
996 3021 1073 3067 Apo

211 3056 331 3116 stohcae
353 3060 496 3106 Legatus
516 3066 664 3109 adjunxit
681 3081 688 3101 :
717 3074 791 3102 Non
807 3076 944 3112 patimur
969 3082 1089 3106 tantam

210 3112 353 3165 injur-qam
378 3122 427 3144 nec
451 3114 535 3148 vobis
559 3117 628 3159 fieri
654 3130 706 3152 nec
726 3115 831 3162 nobis,
861 3130 895 3153 ut
908 3121 956 3162 iste
965 3121 1086 3164 fideat,

210 3162 263 3199 qur·
275 3159 456 3197 judicandus
469 3165 597 3200 advenit
610 3192 617 3199 .
645 3168 689 3203 Et
715 3169 949 3213 gloriofiffimis
972 3173 1091 3216 Judici·

210 3206 272 3264 blls
284 3231 294 3246 ³
322 3208 485 3266 fingularis
495 3211 589 3258 hujus
599 3229 711 3253 contra
723 3220 919 3256 Dioscorum
929 3225 1093 3268 exceptio·

210 3267 264 3290 nis
274 3258 400 3313 causam
417 3266 686 3307 mterrogantibus
699 3294 709 3310 ‚
737 3270 822 3305 idem
849 3272 1028 3307 Lucentius
1048 3286 1091 3308 re.

211 3307 317 3366 posuit
333 3321 344 3340 .-
365 3308 392 3350 J
396 3310 482 3341 adicit·
491 3308 538 3353 su}
549 3319 647 3358 neceffe
657 3319 694 3358 est
705 3330 770 3353 eum
780 3322 904 3355 reddere
925 3331 1087 3357 rationem.

213 3358 299 3399 -Qffla
309 3367 372 3389 ‘um
379 3357 699 3401 Perftnamjudlcandt
713 3381 769 3403 non
782 3370 902 3406 baberet
913 3397 924 3413 ,
944 3373 1090 3416 praesum-
1153 3375 1275 3408 Comes
1289 3372 1459 3417 Elpidius:
1486 3373 1693 3413 sacrattffirnus
1704 3377 1866 3416 Imperator
1878 3399 1889 3415 ‚
1911 3376 2037 3416 implens

207 3405 288 3448 ffb
314 3408 821 3468 &synodumsubriputtfacmfine
844 3421 1024 3457 authoritate
1038 3426 1092 3458 ,ςι-
1150 3424 1210 3467 ipse
1217 3430 1338 3467 primus
1349 3425 1483 3460 ordtnem
1509 3426 1643 3467 Legum,
1670 3435 1797 3466 quarum
1810 3424 1850 3464 est
1875 3425 1909 3458 la·
1930 3430 2037 3456 enveri-

310 3455 415 3498 chrrst.
427 3462 614 3506 Laptopera
627 3466 704 3498 Tam.
718 3471 799 3522 '5¹¹¹'
1647 3472 1674 3506 Ρ
1725 3484 1746 3522 3
1945 3480 1991 3507 ’θ’

1149 3072 1330 3117 sententiam
1341 3072 1606 3116 exspec‘lantibus,
1633 3077 1772 3114 quonlam
1783 3083 1818 3105 ea
1835 3084 1904 3116 quae
1926 3074 2041 3107 dudum

1154 3125 1191 3157 ab
1201 3123 1268 3166 ipfis
1273 3124 1416 3165 judicata
1423 3122 1494 3166 sunt
1506 3146 1516 3162 ,
1536 3124 1607 3163 jam
1623 3121 1825 3155 retrudantur
1840 3148 1848 3155 .
1877 3123 1919 3157 Et
1944 3122 2040 3166 hujus

1154 3175 1255 3208 Sacrae
1279 3173 1425 3217 juffionis
1446 3173 1559 3217 vigore
1579 3172 1620 3205 ad
1641 3173 1794 3206 Sanctum
1816 3173 2014 3207 Flavianum
2029 3198 2040 3214 ,

1153 3224 1210 3269 qui
1222 3223 1399 3258 Eusebium
1422 3222 1682 3266 Doryleensem,
1711 3223 1851 3266 primum
1877 3223 2042 3267 Eutyche-

1153 3275 1193 3308 tis
1217 3275 1450 3309 Accusatorem
1471 3297 1483 3315 ‚
1511 3271 1643 3306 volebat
1666 3271 1831 3307 introduci
1852 3273 2040 3308 funsturum

1152 3325 1283 3366 officio,
1309 3324 1395 3357 dixit
1423 3324 1456 3356 in
1485 3321 1649 3366 Ephesino
1675 3323 1870 3358 Latrocinio
1892 3325 2038 3368 praefatus
