2326 3718
628 114 982 160 TEODORETI
1007 145 1020 169 ,
1052 114 1350 159 CYReNsrs
1387 116 1692 168 El’tscom.

1909 141 2004 184 359

254 210 368 238 monem
388 196 516 244 suscepit
534 200 578 231 ὶιᾱ
606 222 617 238 ,
645 199 700 231 (τε.
741 197 820 230 Hoc
847 196 892 229 est
915 222 925 237 ‚
953 208 990 231 ea
1014 196 1084 239 lege
1100 205 1135 228 ut
1195 197 1231 229 de
1257 196 1442 241 depqlr‘torum
1479 204 1706 243 incompetenter
1741 204 1960 250 Episcopmm.
1978 210 2079 250 sume

248 249 519 303 ,sepgurgaretde
555 248 650 282 variis
671 272 678 279 .
721 246 763 280 Et
798 243 894 287 hujus
932 246 1134 291 purgationis

1196 254 1380 280 revocatione
1390 250 1569 281 mandatum
1582 276 1593 289 ,
1619 261 1733 288 noverit
1748 259 1947 299 Beatrffimum
1961 263 2079 302 Papam

248 314 388 352 gamen
415 313 453 335 ac
474 299 704 334 definitionem
716 296 871 330 Pontifex
895 296 1059 342 delegavit
1079 297 1137 338 Sy·
1177 300 1322 334 *Leonem
1339 296 1455 341 sanllae
1480 297 1704 344 Chalcedonenfi
1719 307 1826 344 synodo
1849 308 1911 342 haec
1933 314 2012 343 ime,-
2022 312 2079 343 Μ-

250 354 344 399 Ιηοάο
358 377 365 384 .
421 380 424 383 -

1196 357 1261 380 tera
1279 346 1415 391 scripfiffe
1440 349 1568 381 dicendo
1580 361 1591 392 5
1617 353 1702 394 ,Quia
1728 360 1804 393 vero>
1827 370 1884 391 non
1908 365 2079 402 ignoramus

271 397 436 441 ‘gsextutn
456 385 694 436 commentum
720 395 764 430 est
789 421 798 436 ‚
839 396 927 439 quod
951 391 1133 443 Illyriciani
1192 406 1249 439 per
1271 406 1392 439 pravar
1419 400 1622 433 ,emulationes
1647 403 1766 440 Statum
1792 407 1953 442 multarum
1978 411 2078 443 Eccle-

249 448 407 498 Episcopi
438 452 500 485 suae
524 460 636 483 contra
665 445 920 481 Theodoretum
951 446 1124 490 refragatio

250 494 467 550 niss,Duc'em
488 499 662 535 habuerint
691 499 782 531 suum
817 495 1014 540 Apostolicae
1047 495 1136 529 Sedis

248 542 677 600 vicari⁴timp'..Afiast'a<fitim
703 547 903 591 Episcopum
926 545 1134 581 Theflaloni-

251 592 418 639 censem„
445 591 583 636 Etenim
601 596 785 633 Anastasius
807 609 874 631 non
906 596 1012 630 adfuit
1034 597 1136 638 Syno-

252 648 318 695 dn,
339 643 491 702 ᾖᾶιῃμε
507 644 595 694 vices
617 643 686 693 'eg'it‘
706 645 892 696 Q‘intillus
915 646 1136 680 Heracleensis

253 696 287 739 ³13
302 690 507 738 ‘Macedonia
532 697 730 742 Episcopus.
759 699 868 733 Etiam
893 696 1054 745 Ephefino
1076 696 1136 730 La-

253 756 398 789 trocinio
420 764 487 786 non
516 749 643 788 adfuit,
669 743 771 791 eaq'ue
791 750 831 782 de
860 746 1006 781 absentia
1030 757 1138 791 gratu-

253 807 337 839 latus
360 803 405 838 est
427 804 456 836 ei
480 801 636 834 Pontifex
661 824 672 840 ‚
699 810 819 844 rogans
840 809 876 831 ut
895 797 1034 831 revestiti
1062 797 1079 829 a
1107 797 1137 829 se

253 855 403 889 Flaviani
435 851 705 887 communionem
743 861 809 882 non
833 847 1019 881 desereret.
1056 846 1138 879 Cer·-

253 917 324 939 tum
347 906 391 939 est
413 928 424 942 ‚
455 901 546 945 quod
571 901 683 934 omnia
706 898 829 933 Leonis
851 908 966 930 contra
993 896 1136 929 Latroci-

253 956 349 990 nium
376 956 517 988 Decreta
537 973 547 989 ,
585 950 732 990 adeoque
758 948 790 980 ὃς
814 946 1026 980 Theodoreti
1054 955 1136 978 reve-

252 1006 422 1039 stitionem
450 1001 545 1035 fuerit
570 997 749 1041 plenissime
772 1006 964 1030 veneratus.
1004 995 1136 1028 Etenim

252 1057 292 1087 ad
319 1055 478 1097 joannem
503 1047 689 1090 Αηῑὶορῖιξα
707 1045 940 1089 ’Ῥειῐι-ἐέῐεῇεῑη
965 1043 1006 1078 de
1029 1045 1134 1077 Sancti

252 1102 417 1136 Caelestini
450 1099 482 1130 in
508 1095 703 1132 Nestorium,
730 1096 880 1129 Decretis
910 1095 1029 1137 sci-ipsit
1052 1095 1136 1128 San'-

253 1154 321 1185 &us
349 1149 494 1193 Cyrillus
523 1161 534 1180 :
572 1148 752 1178 Macedoniae
787 1144 926 1187 Episcopi
960 1146 979 1176 ἃ
1011 1148 1137 1176 Romani

254 1202 407 1244 Pontificis
430 1198 579 1242 sententia
602 1198 753 1238 nunquam
776 1196 907 1227 decedere
926 1192 1020 1236 solent
1039 1219 1045 1226 .
1076 1194 1137 1226 Ex-

253 1253 315 1285 ssat
340 1250 475 1294 epistola
502 1248 535 1280 in
559 1248 660 1289 prima
685 1256 772 1288 parte
798 1244 950 1287 Ephefini
976 1243 1138 1278 Concilii.

254 1302 303 1335 At
343 1312 400 1334 cur
442 1299 540 1343 igitur
573 1297 708 1339 quidam
745 1294 926 1337 Illyriciani
966 1293 1140 1326 Antistitcs

256 1350 470 1385 Chalcedone
494 1346 667 1380 noluerunt
697 1343 950 1379 Theodoretum
985 1343 1141 1377 admitte-

255 1414 288 1435 re
310 1403 323 1434 ?
359 1399 463 1447 Qod
487 1397 592 1440 ipsum
614 1396 779 1430 crederent
802 1406 870 1428 non
894 1394 1062 1427 dumtaxat
1096 1405 1139 1426 re-

256 1452 407 1485 vestitum
436 1473 447 1487 ,
485 1446 538 1481 sed
561 1445 685 1490 integre
708 1455 888 1487 reparatum
911 1468 919 1474 .
954 1443 1138 1477 Credebant

255 1503 360 1545 ipsum
383 1497 542 1533 Pontifici
570 1508 624 1538 per
644 1496 960 1537 circumscriptiones
989 1492 1143 1535 obrepsis-

254 1555 287 1586 se
307 1577 314 1584 .
348 1552 442 1584 Hinc
467 1548 572 1590 lpsum
595 1546 765 1580 voluerunt
789 1543 930 1583 discuti,
956 1544 989 1577 δε
1010 1543 1139 1577 causam

255 1602 416 1636 retraetari
442 1624 451 1631 .
478 1599 582 1632 Lucet
604 1609 644 1630 ex
669 1596 798 1628 laudata
824 1593 1138 1628 Gloriofissimorum

257 1653 408 1695 Judicum
430 1647 709 1682 interlocutione:
737 1643 905 1687 Refer-tiata
925 1643 986 1685 post
1008 1643 1071 1678 baec
1085 1654 1140 1676 om-

255 1709 287 1735 m'
309 1698 490 1742 accusatione
513 1723 520 1729 .
547 1697 713 1744 Duxerunt
733 1696 839 1738 ipsum
863 1693 1073 1749 solummodo
1096 1704 1138 1725 re·

256 1753 409 1784 vestitum
437 1750 454 1782 a
477 1747 642 1780 Pontifice
661 1771 672 1788 ‚
705 1744 839 1789 ‘plenam
876 1744 1138 1778 retraetationem

254 1802 316 1834 effe
328 1798 542 1834 transmissam
563 1797 603 1831 ad
617 1796 787 1839 Synodum
801 1820 808 1827 .
838 1794 882 1829 Et
903 1804 984 1828 tunc
1009 1794 1136 1838 Episco-

257 1853 289 1896 pi
309 1851 357 1884 isti
382 1858 612 1891 at-queverunt
627 1871 634 1878 .
753 1851 756 1854 ⁴
967 1882 969 1884 q

303 1900 485 1942 Septimum
506 1900 732 1942 commentum
753 1895 799 1939 est
820 1894 855 1926 in
868 1892 919 1927 his
939 1893 1064 1933 verbis:
1091 1896 1141 1925 ln·

255 1953 293 1983 de
320 1950 357 1990 est
388 1949 465 1990 quod
481 1945 646 1990 judicibus
680 1946 783 1992 Laicis
816 1943 962 1974 introduct!
990 1942 1139 1980 eundem,

254 2003 312 2034 &a
357 2000 496 2030 Nullam
526 1997 652 2027 faciunt
684 1992 883 2033 Apostolicae
920 1990 1140 2041 revestitionis

255 2048 467 2084 memoriam.
496 2042 600 2089 Qtod
627 2039 743 2082 nempe
765 2038 866 2081 ipsam
879 2038 1029 2069 censeant
1052 2046 1137 2091 parvi

256 2108 314 2132 aut
339 2096 459 2131 nullius
481 2092 651 2136 ponderis.
681 2091 785 2124 Lucet
797 2098 835 2121 ex
854 2086 959 2131 verbis
982 2085 1137 2118 inferior·-

257 2150 340 2188 bus,
366 2157 434 2189 quae
457 2145 617 2176 affirmant
642 2135 1136 2179 Theodoretumquafiexindul-

253 2204 358 2242 gemin
371 2208 403 2228 ac
418 2191 638 2236 Dispensatione
651 2187 941 2237 fuisse‘admiffum.
973 2187 1014 2219 Et
1029 2185 1137 2240 sabula

258 2252 378 2283 iterum
398 2244 452 2277 sibi
478 2256 544 2277 non
567 2242 725 2275 cohaeret.
756 2239 887 2276 Etenim
910 2236 1058 2280 adjungit
1073 2233 1139 2268 haec

257 2297 355 2331 verba
377 2308 388 2328 .-
427 2298 491 2326 Nec
511 2301 609 2325 tamen
644 2289 805 2332 Apostoltcae
839 2288 921 2321 sedis
946 2288 1139 2331 Judictum,

259 2359 315 2390 quo
339 2345 533 2377 Theodoretus
557 2342 595 2372 ab
616 2345 696 2372 omni
722 2336 836 2378 haerelr‘s
862 2337 976 2385 maculo
1009 2336 1139 2390 mansius

261 2401 470 2440 pronunciatur
495 2391 598 2433 fuerat
626 2415 636 2430 ‚
672 2391 727 2421 &a
766 2387 990 2429 Omnipotens
1027 2395 1141 2418 veritas

260 2449 359 2481 etiam
387 2445 428 2479 ab
455 2442 566 2474 invitis
603 2449 773 2481 extorquet
809 2437 856 2470 sui
895 2435 1140 2479 profeffionem.

260 2495 472 2531 Reverendus
490 2491 583 2525 Pater
593 2488 776 2522 Paschasius
792 2485 984 2534 Qesnellus
996 2483 1142 2526 quaedam

262 2546 411 2590 adjungit
426 2544 465 2577 de
476 2543 620 2586 suprema
637 2538 848 2581 Synodorum
859 2534 1055 2569 authoritate
1067 2559 1077 2573 ‚
1103 2534 1143 2567 de
1160 2551 1163 2557 r

1192 447 1301 491 siarum
1320 448 1409 491 fuisse
1440 449 1594 490 turbarum
1619 474 1630 491 ,
1664 453 1858 497 plurimosque
1895 457 2055 502 Episcopos
2070 484 2078 492 .

1196 504 1248 540 qui
1257 496 1385 538 baerefim
1408 510 1464 531 non
1476 506 1657 542 reciperent,
1674 503 1810 536 -sedtbus
1819 503 1881 545 suis
1897 508 1993 550 pulsos
2008 534 2017 548 ,
2044 510 2079 543 cb·

1198 555 1230 580 in
1253 550 1345 582 exilia
1363 551 1531 590 deportatos
1552 575 1563 590 ,
1589 559 1679 592 atque
1712 557 1746 585 in
1779 554 1869 587 locum
1897 555 2080 598 superstitum

1198 600 1270 632 alios
1301 598 1470 642 substitutos
1494 624 1505 639 ‚
1532 599 1581 632 his
1613 603 1755 642 primitias
1788 606 1961 638 vulneribus
1995 608 2080 640 adhi-

1199 650 1295 681 benda
1325 650 1363 693 esp
1384 651 1535 683 medicina
1549 650 1675 690 justm'ae
1701 677 1711 692 ‚
1737 665 1775 686 ne
1805 653 1960 696 quisquam
1987 664 2083 690 careat

1196 705 1347 740 propriis,
1374 701 1426 732 vel
1445 700 1520 732 alter
1539 710 1643 734 utatur
1665 704 1786 736 alienis.
1821 705 1903 751 Qae
1926 707 2083 740 omnia&

1201 761 1254 792 per
1275 749 1495 789 Pontificem,
1521 750 1554 783 &
1581 762 1635 794 per
1658 752 1828 795 Synodum
1852 756 1925 788 sunt
1951 755 2088 790 manife-

1201 798 1248 831 sto
1277 800 1358 833 fasta
1388 799 1477 841 juxta
1500 799 1704 844 disciplinam
1737 803 1958 839 Sardicensem
1984 831 1992 838 .
2016 806 2086 839 Ite-

1201 849 1269 881 rum
1291 859 1400 891 repeto
1413 847 1499 882 hanc
1513 850 1698 885 Romanam
1726 853 1990 895 Appellationem
2017 866 2085 889 non

1200 899 1291 932 fuisse
1312 898 1531 932 Theodoreto
1554 901 1691 943 primam
1715 927 1721 934 .
1752 903 1885 937 Etenim
1910 905 2086 939 nondum·

1201 959 1291 982 taxat
1319 949 1469 982 adversus
1500 951 1606 984 Sancti
1643 953 1763 993 Cyrilli
1799 952 2018 988 Alexandrini
2051 954 2086 988 &

1203 998 1248 1030 sui
1281 996 1487 1032 Antiocheni
1515 1000 1717 1035 Patriarchae
1743 1003 1876 1046 Joannis
1903 1005 2087 1047 pacificato-

1201 1048 1246 1081 ria
1267 1048 1347 1082 Asta
1361 1049 1455 1089 ,sed
1473 1049 1571 1083 etiam
1585 1051 1736 1086 adversus
1761 1053 1874 1087 omnia
1897 1054 2086 1088 Sacro-San-

1199 1099 1243 1131 sti
1283 1091 1434 1140 Ephffini
1473 1099 1626 1135 concilii·
1656 1102 1755 1135 Gesta
1795 1105 2010 1146 appellaverat
2043 1103 2086 1138 ad

1201 1148 1332 1181 Sixtum
1365 1149 1498 1181 tertium
1531 1174 1538 1180 .
1581 1150 1655 1184 Nec
1682 1152 1769 1186 solus
1794 1177 1805 1193 ‚
1831 1154 1884 1187 sed
1918 1155 1983 1187 una
2009 1165 2085 1187 cum

1203 1200 1259 1231 suo
1292 1196 1511 1239 Metropolita
1552 1197 1743 1233 Alexandro
1771 1225 1782 1239 ‚
1816 1214 1892 1237 cum
1926 1204 2086 1237 Helladio

1202 1246 1376 1280 Tharsensi
1405 1268 1415 1284 ,
1438 1256 1512 1279 curn
1543 1246 1703 1282 Eutherio
1738 1249 1934 1292 Thyanenfi
1962 1278 1973 1292 ,
2010 1264 2086 1286 cum

1204 1296 1347 1340 pluribus
1368 1295 1438 1328 aliis
1462 1295 1700 1339 Episcoporum
1724 1298 1925 1334 Provinciis.
1953 1301 2026 1335 Nec
2048 1301 2087 1335 ad

1203 1348 1305 1379 totius
1334 1346 1475 1379 Ecclefiae
1494 1370 1505 1385 ,
1539 1357 1594 1380 aut
1622 1348 1723 1381 totius
1763 1350 1959 1384 Occidentis
1985 1352 2087 1392 Syno-

1204 1399 1284 1431 dum
1320 1420 1331 1435 ‚
1364 1396 1415 1429 sed
1444 1395 1483 1429 ad
1513 1396 1618 1429 solum
1648 1398 1844 1433 Pontificem
1870 1425 1881 1439 ‚
1914 1399 1954 1433 ad
1986 1402 2088 1435 solam

1204 1445 1432 1490 Apostolicam
1456 1445 1591 1479 sedem.
1619 1446 1692 1481 Nec
1714 1449 1779 1482 fine
1802 1449 1906 1484 fructu
1928 1475 1936 1482 .
1964 1449 2087 1486 Eadem

1203 1498 1302 1541 igitur
1329 1496 1457 1529 ratione
1493 1506 1583 1530 nunc
1610 1498 1761 1532 adversus
1789 1498 1988 1542 Ephesinum
2019 1502 2087 1535 La-

1203 1547 1382 1580 trocinium
1412 1546 1580 1580 invocavit
1615 1548 1722 1582 solum
1759 1547 1880 1592 Papam
1919 1550 2086 1585 Leonem.

1203 1596 1335 1639 Insuper
1371 1594 1650 1631 Chalcedonensis
1686 1599 1838 1641 Synodus
1873 1603 1987 1634 cundia
2031 1602 2085 1634 sua

1202 1646 1243 1680 de
1267 1645 1488 1681 Theodoreto
1519 1647 1602 1681 Asta
1628 1647 1669 1681 ad
1706 1648 1854 1684 Leonem
1882 1651 1991 1684 retulit
2014 1675 2025 1691 ,
2051 1652 2086 1684 δε

1203 1696 1274 1730 Leo
1299 1696 1533 1731 confirmavit.
1569 1697 1619 1731 lta
1646 1698 1779 1734 testatur
1811 1700 1898 1734 idem
1920 1700 2084 1745 Vigilius.

1203 1746 1333 1791 Nempe
1357 1746 1510 1789 Synodus
1536 1757 1577 1781 ex
1603 1747 1736 1783 Vicaria
1764 1749 1933 1785 dumtaxat
1954 1751 2087 1796 delega-

1203 1796 1295 1831 tione
1326 1795 1386 1830 ista
1409 1807 1520 1842 egerat
1538 1820 1550 1836 ,
1576 1795 1716 1841 ideoque
1749 1800 1864 1834 firmari
1897 1812 1963 1835 non
1996 1811 2088 1845 pote·

1202 1857 1272 1880 rant
1294 1870 1306 1887 ,
1333 1846 1392 1879 nisi
1415 1858 1468 1889 per
1496 1846 1677 1892 delegantis
1700 1849 1875 1886 pontificis
1912 1850 2088 1887 authorita-

1202 1907 1288 1928 tem.
1315 1896 1490 1930 Generales
1518 1897 1667 1939 Synodi,
1696 1911 1775 1942 quas
1802 1901 1895 1944 juxta
1921 1901 2089 1935 Sardicen-

1202 1945 1249 1978 ses
1278 1944 1434 1977 Canones
1462 1944 1555 1986 Papa
1581 1957 1743 1981 convocat
1766 1973 1777 1987 ,
1803 1951 1944 1984 omnino
1966 1961 2090 1986 tantam

1201 1993 1241 2023 ab
1264 1993 1334 2031 ipso
1355 1992 1479 2024 habent
1502 1993 1755 2035 dependentiam
1771 2022 1778 2029 .
1805 1998 2092 2045 Qarumcumque

1201 2038 1413 2073 Generalium
1442 2040 1653 2081 Synodorum
1676 2046 1800 2078 nonest
1823 2047 1936 2082 eadem
1954 2061 2091 2093 natura,

1201 2089 1319 2132 species
1334 2113 1344 2127 ‚
1372 2088 1556 2124 authoritas
1570 2116 1577 2122 .

1250 2137 1352 2186 Qod
1378 2140 1557 2181 periculosa
1586 2144 1834 2180 novissimorum
1859 2146 1983 2182 dierum
2007 2159 2086 2185 tem·

1204 2200 1282 2233 pora
1304 2190 1499 2223 immineant
1519 2215 1530 2230 ,
1558 2191 1646 2233 plura
1676 2195 1728 2227 vix
1749 2195 1855 2230 sinunt
1878 2209 1938 2231 nos
1963 2200 2086 2234 dubita-

1204 2252 1236 2272 re
1253 2264 1260 2271 .
1290 2239 1411 2272 Eorum
1432 2238 1642 2276 characterem
1666 2245 1759 2278 nobis
1780 2246 1842 2289 jam
1866 2248 1986 2290 pridem
2014 2262 2087 2293 prae·

1205 2290 1289 2322 dixit
1313 2289 1494 2331 Apostolus
1516 2303 1523 2322 :
1549 2295 1652 2326 Erunt
1675 2294 1805 2329 homines
1821 2296 1854 2339 se
1879 2296 1954 2340 ipsos
1981 2313 2084 2333 aman-

1199 2348 1243 2373 tes
1267 2363 1276 2378 ‚
1297 2340 1419 2380 cupidi,
1441 2340 1534 2379 elati,
1569 2339 1688 2383 superbi
1708 2368 1718 2384 ‚
1747 2346 1921 2379 Parentibus
1947 2360 2003 2380 non
2023 2350 2085 2383 obe-

1201 2391 1318 2427 dientes
1343 2414 1350 2420 .
1379 2389 1429 2421 llli
1458 2391 1628 2431 praesertim
1654 2392 1785 2427 Parenti
1815 2419 1826 2434 ‚
1853 2408 1949 2438 quem
1973 2401 2083 2434 omnis

1203 2439 1260 2471 sub
1287 2438 1372 2471 coelo
1411 2437 1551 2470 Ecclesia
1586 2441 1708 2483 semper
1741 2444 1915 2486 appellavit
1947 2447 2081 2483 Patrem

1203 2491 1339 2523 Patrum
1358 2512 1365 2519 .
1395 2487 1448 2520 De
1479 2487 1623 2522 Diabolo
1651 2492 1806 2526 verissime
1833 2496 1950 2538 scripsit
1972 2498 2006 2531 in
2044 2499 2081 2532 li-

1203 2540 1266 2571 bris
1302 2537 1343 2570 de
1380 2537 1523 2571 Civitate
1551 2538 1616 2573 Dei
1669 2542 1800 2575 Santstus
1850 2544 2079 2589 Augustinus.-

264 2598 503 2640 Episcoporum
528 2593 560 2624 in
582 2590 654 2633 ipfis
676 2589 815 2622 decisivo
838 2585 991 2630 suffragio
1009 2609 1019 2623 ,
1046 2596 1083 2618 a:
1104 2584 1143 2616 de
1202 2589 1313 2621 Videas
1333 2586 1472 2620 Diabolus
1500 2590 1611 2629 templa
1632 2593 1802 2624 Doemonum
1825 2593 1921 2636 deseri
1938 2621 1948 2637 ,
1987 2600 2021 2631 (5
2044 2605 2079 2632 in
2099 2612 2253 2650 L·18·c51

264 2646 375 2690 Papali
422 2643 573 2677 omnium
612 2637 934 2674 Chalcedonensium
982 2635 1142 2668 Astorum
1204 2649 1306 2671 nomen
1329 2637 1481 2670 liberantis
1506 2640 1684 2674 Mediatoris
1711 2653 1826 2676 currere
1851 2657 1947 2688 genus
1973 2647 2078 2681 huma·
2210 2638 2212 2642 ¹

263 2696 517 2731 confirmatione
543 2717 550 2723 ‚
593 2691 674 2723 Non
713 2689 852 2732 spectant
889 2685 929 2719 ad
959 2670 1164 2727 pra-sentem!
1205 2700 1274 2721 num
1298 2712 1307 2727 ,
1332 2693 1490 2721 Haereticor
1518 2696 1611 2721 movit
1633 2714 1644 2729 ‚
1670 2697 1721 2733 qui
1742 2691 1798 2734 sub
1825 2696 1964 2728 vocabulo
1986 2698 2078 2730 Chri·

266 2748 434 2782 matef'ffim
461 2767 470 2782 ‚
508 2741 647 2784 ideoque
696 2741 771 2772 sunt
808 2736 887 2770 alibi
924 2735 1143 2769 discutienda.
1188 2738 1295 2783 'sttano
1319 2737 1458 2769 docqrinae
1488 2737 1645 2779 resisterent
1670 2741 1850 2782 christiana.-
1873 2769 1883 2784 ,
1912 2746 1996 2788 quasi
2012 2746 2079 2790 pos-

266 2798 422 2832 Eruditus
444 2795 490 2826 vir
510 2791 663 2834 dignetur
687 2789 738 2822 his
763 2787 980 2829 acquiescere.
1010 2785 1142 2818 Etenim
1187 2787 1269 2838 {sent
1299 2786 1504 2825 indifferenter
1529 2785 1590 2828 fine*
1625 2790 1686 2823 ulla
1713 2799 1888 2834 correptione
1913 2796 2015 2829 baberi
2041 2804 2075 2830 in

265 2847 415 2881 existimo
441 2843 550 2876 mein
577 2841 646 2883 ipfis
667 2839 684 2871 a
711 2840 901 2872 Sant‘iorum
915 2835 1047 2868 Patrum
1068 2846 1143 2868 con·
1189 2839 1339 2869 ³C1‘01‘tate
1366 2838 1420 2867 Dei
1434 2859 1443 2874 ,
1464 2835 1534 2877 ficut
1553 2845 1667 2872 civitas
1689 2842 1854 2883 confufionls
1875 2846 2076 2887 indifferenter

266 2897 419 2934 scffione,
449 2904 484 2926 ac
509 2902 663 2936 perpetuo
686 2888 833 2922 Ecclefiae
845 2886 938 2920 sensu
962 2896 1029 2918 non
1043 2885 1145 2917 reces-
1206 2885 1305 2920 lubuit
1332 2885 1517 2928 Philosophus
1542 2913 1552 2928 ‚
1579 2894 1657 2922 inter
1682 2889 1715 2933 se
1741 2892 1861 2936 diversa
1887 2897 1921 2929 (ν’
1942 2895 2076 2940 adversa

264 2948 330 2981 sisse
347 2970 354 2977 ⁶
1196 2934 1356 2976 ‚inuentos
1369 2961 1376 2968 .
1406 2936 1538 2970 Etenim
1558 2939 1686 2973 Divinae
1707 2941 1888 2984 Maiestatis
1909 2946 2074 2981 essentiam

317 2992 417 3038 Quod
450 2993 594 3034 Magnus
628 2991 697 3024 Leo
727 2986 982 3022 retrastatorium
1006 2983 1143 3018 revestiti
1200 2996 1253 3026 per
1276 2985 1527 3021 sceleratiffimos
1549 2989 1726 3024 Gnosticos
1748 3016 1758 3030 ,
1785 2994 1981 3030 Divinarum
2007 3007 2075 3039 per.

268 3048 286 3081 ὲ
313 3047 342 3078 se
373 3041 581 3076 Theodoreti
613 3040 770 3082 ‘judicium
799 3035 1058 3071 Chalcedonenfi
1086 3035 1143 3075 Sy-

269 3096 360 3131 nodo
383 3091 600 3135 delegaverit,
626 3091 723 3123 etiam
756 3088 900 3131 Vigilius
921 3082 1077 3118 Pontifex
1099 3084 1136 3117 di·

269 3146 348 3181 ferte
370 3144 500 3178 tessatur
525 3143 557 3173 in
592 3140 649 3172 sno
679 3139 868 3171 Constituto
892 3134 932 3168 de
953 3133 1054 3168 tribus
1077 3133 1133 3165 Ct-

269 3196 409 3240 pitulis:
437 3196 488 3223 Ne
519 3194 583 3230 quir
609 3189 737 3230 forsitan
768 3188 929 3220 arbitretur
954 3184 1132 3227 ambtgmm,

269 3248 347 3289 quod
371 3248 491 3286 Legaris
513 3249 599 3281 atque
622 3243 744 3271 Vicariis
770 3239 851 3269 Sedis
864 3235 1028 3278 Apostollcae
1040 3230 1133 3288 &Bra-

270 3298 463 3338 tiffimoPapa
476 3294 570 3324 Leone
581 3289 699 3322 tantiam
718 3285 904 3330 fidetcaufh,
929 3286 963 3319 (ς
987 3286 1131 3318 nonetzam

1199 3036 1347 3068 sonarum
1377 3036 1586 3078 proprietates
1621 3050 1676 3083 per
1704 3041 1867 3078 Praxeam
1904 3058 1943 3080 ac
1968 3045 2074 3080 Sabel-

1197 3085 1300 3123 lium,
1328 3085 1459 3118 Divinae
1481 3089 1613 3122 Naturae
1631 3091 1792 3126 unitatem
1817 3105 1872 3137 per
1896 3095 2011 3129 Arium
2034 3107 2072 3129 ac

1197 3134 1458 3176 Macedonium,
1484 3139 1742 3176 sacrosanctam
1765 3144 1950 3179 Dominicae
1970 3147 2071 3178 Incar-

1196 3185 1339 3218 nationis
1358 3185 1579 3230 integritatem
1604 3201 1658 3232 per
1680 3191 1925 3234 Apollinarium
1946 3206 1982 3227 ac
2006 3195 2071 3229 Eu-

1196 3233 1363 3276 tychetem
1398 3258 1409 3275 ‚
1445 3237 1510 3279 ejus
1542 3236 1810 3282 Hypostaticarn·.
1825 3245 1984 3278 unitatem
2015 3257 2070 3288 per

1197 3284 1336 3320 Paulum
1365 3285 1619 3324 samosatensem
1645 3302 1684 3326 ac
1713 3291 1902 3328 Nestorium
1925 3319 1936 3334 ‚
1970 3296 2068 3329 sacras

1905 3344 2017 3387 JESU
