2326 3718
685 140 962 189 Ronanus
994 128 1588 183 Aoint‘tnno'uuus.
1889 152 1979 195 125

228 233 377 272 elucidat·
391 244 402 266 .-
427 233 511 276 ,Quia
533 231 667 266 nonnulli
693 228 832 273 Episcopi
847 253 859 270 ,
885 238 972 261 morae
992 226 1101 266 iaedio,

228 285 289 329 post
301 289 431 327 primum
441 280 656 325 aursecundum
672 281 773 323 synodi
789 287 964 312 conventum
976 277 1014 309 ab
1022 275 1103 309 ‘Urbe

231 332 412 378 discesserant
422 357 430 364 .
456 333 509 366 Ex
522 331 586 368 hoc
598 331 703 375 capite
710 329 830 373 praefati
842 326 1025 362 Adversarii
1037 336 1103 359 teu-

230 382 338 419 taruut
348 383 535 426 persuadere
552 383 726 426 palmarem
749 388 807 423 pro
829 385 1010 413 memorato
1021 373 1107 409 Pon-

228 432 319 468 tifice
328 432 501 476 synodum
520 427 588 467 non
599 430 690 466 fuisse
714 428 843 473 plenam
854 453 866 470 ‚
892 426 1033 469 ideoque
1045 425 1106 459 effe

229 481 477 526 circumscriptae
497 480 718 518 authoritatis.
747 478 869 513 Eadem
891 476 1016 512 ratione
1037 474 1108 515 Do-

228 532 339 567 minus
351 530 646 575 Archi-Episcopus
654 528 872 564 Sardicensem
883 524 1054 572 Synodum
1067 535 1107 556 ex

229 580 422 625 Apostatica
431 579 619 616 Eusebianae
626 579 788 614 Fastionis
798 581 874 624 fuga
886 577 955 611 vult
966 586 1034 609 non
1046 573 1108 628 esse

229 631 494 672 OEcumenicam,
521 628 660 672 ideoque
686 630 719 663 ὃς
741 640 808 663 non
828 627 918 672 pleni
938 624 1107 670 ponderis.

228 681 326 729 Quid
337 681 438 717 simile
458 679 572 714 docuit
583 679 785 713 Theodorus
794 678 965 713 Balsamon
979 699 991 715 ,
1016 673 1112 717 perti-

228 743 295 767 nax
305 729 480 766 Michaelis
491 729 649 764 Cerularii
661 729 795 763 sectator
803 750 815 766 ,
835 734 931 771 atque
942 723 1020 758 inde
1031 734 1110 757 con-

227 780 332 816 cludit
353 778 554 815 Sardicenses
574 790 633 823 pro
655 777 820 812 Romanis
840 772 1110 820 appellationibus

225 830 385 865 Canones
408 829 531 865 sancire
552 840 591 863 ae
607 827 710 863 valere
729 838 790 872 pro
810 826 878 862 sola
900 822 1109 860 Occidentali

228 875 379 916 Romani
397 876 635 914 Patriatchatus
647 878 786 912 Ecclesia
797 901 809 918 ,
833 887 902 910 non
923 886 982 919 pro
994 874 1111 909 Orien-

228 929 289 964 tali
303 954 310 962 .
321 928 409 964 Istud
420 929 525 973 ipsum
536 929 644 962 censet
654 925 875 962 schismaticus
887 924 945 957 ille
956 925 1112 966 Scriptor,

229 989 331 1024 quem
349 980 466 1013 refutat
476 975 670 1010 catholicus
687 983 800 1009 contra
821 973 955 1007 Graecos
977 972 1112 1006 Trana-

229 1036 285 1063 tus
294 1050 308 1068 ‚
332 1026 415 1061 oliin
426 1034 569 1068 repertus
589 1023 623 1057 in
636 1023 1011 1068 Constantinopolitano
1024 1022 1113 1056 Con-

227 1084 331 1110 ventu
350 1074 486 1108 Patrum
505 1072 772 1109 praedicatorum.
800 1074 968 1109 Dominus
988 1071 1114 1107 Archi-

226 1124 411 1169 Episcopus
425 1122 493 1158 haec
504 1123 708 1160 Commenta
730 1124 951 1160 transcendit.
978 1122 1114 1158 Etenim

224 1185 299 1210 non
310 1174 451 1209 solarum
463 1173 735 1210 Patriarchalium
747 1200 758 1217 ‚
775 1175 829 1211 sed
841 1175 1027 1220 quatumvis
1039 1173 1115 1208 Pro·

227 1223 421 1259 vincialium
430 1224 639 1268 Synodorum
650 1225 823 1261 Canonica
835 1225 960 1270 Judicia
971 1225 1040 1258 vult
1053 1225 1116 1259 esse

227 1274 377 1318 suprema
390 1298 402 1315 ,
426 1274 569 1318 ideoque
589 1286 648 1309 nec
658 1276 699 1310 ab
721 1275 772 1310 his
783 1276 872 1320 posse
894 1275 1063 1319 provocari
1076 1273 1116 1308 ad

229 1323 431 1359 Pontificem
452 1323 645 1359 Romanum
657 1351 664 1358 .
692 1325 793 1360 Hanc
811 1325 1008 1370 dignitatem
1021 1333 1118 1369 negat

228 1384 288 1418 per
299 1373 399 1408 hosce
409 1372 564 1409 Canones
578 1374 716 1409 adscribi
726 1374 794 1418 ejus
809 1373 982 1408 Cathedrae
993 1399 1001 1407 .

276 1421 472 1458 Balsamoni
484 1424 670 1458 consonant
681 1436 798 1459 omnes
816 1423 950 1459 Affeclae
960 1422 1119 1457 Photiani

229 1472 413 1509 schismatis
436 1497 445 1505 .
473 1472 583 1508 Etiam
609 1475 775 1519 Georgius
801 1475 972 1508 cedrenus
993 1499 1000 1506 .
1027 1472 1118 1507 Audi

228 1521 303 1566 eius
313 1522 469 1557 rationes.
498 1522 627 1557 Laudat
640 1524 693 1557 sex
705 1522 871 1568 generales
882 1522 1056 1565 Synodos,
1083 1532 1121 1556 ac

231 1571 438 1618 prosequitur
449 1583 460 1604 .-
487 1572 658 1606 Tenendum
666 1571 704 1613 est
714 1571 887 1615 aliasfuiffi’
910 1575 998 1605 certis
1009 1577 1041 1604 in
1051 1572 1120 1605 locis

231 1622 358 1661 synodos
369 1645 381 1661 ,
406 1632 534 1663 quarum
556 1625 682 1654 Decreta
707 1621 847 1654 habemus
857 1643 869 1660 ,
895 1619 1011 1661 tametsi
1027 1632 1071 1654 eae
1088 1626 1121 1653 in

229 1680 353 1705 numero
373 1668 428 1711 sex
450 1667 565 1707 morum
588 1670 782 1703 conciliorum
805 1680 863 1701 non
886 1669 1023 1709 exstent.
1050 1671 1121 1703 Tale

228 1719 296 1762 fuit
315 1718 396 1761 quod
415 1721 533 1757 Ancyra·
553 1717 650 1752 as‘ium
674 1719 733 1760 est.
759 1723 835 1752 Item
858 1717 1122 1761 Neo-Caesaraeae‚

233 1771 371 1813 Gangris
384 1791 396 1809 ‚
423 1766 584 1802 Antiochia
603 1793 615 1810 ,
641 1770 806 1803 Laodicaeae
834 1793 846 1809 ,
871 1769 1028 1809 Sardicae‚'
1045 1773 1120 1802 Car·

232 1817 376 1863 rhaginc.
403 1824 477 1852 Haec
499 1823 577 1852 enim
599 1819 698 1852 coac‘i'a
713 1818 788 1863 sunt
811 1818 844 1852 ob
854 1818 1022 1861 quaestiones
1031 1824 1124 1865 certis¹

232 1868 305 1903 locis
315 1866 456 1912 subortas
470 1893 481 1909 ,
508 1879 598 1910 neque
613 1869 692 1913 juffu
703 1872 919 1912 Imperatorum
933 1893 944 1910 ‚
970 1880 1063 1913 neque
1080 1874 1120 1902 iis
1141 1886 1144 1889 >

231 1916 431 1963 presentibus
442 1943 449 1951 .
462 1918 598 1953 Labitur
608 1920 643 1953 in
656 1919 758 1954 tribus
769 1945 776 1953 .
788 1919 939 1954 Primum
951 1919 997 1954 est
1010 1945 1021 1961 ,
1031 1920 1120 1963 quod

234 1967 429 2003 Sardicensis
439 1968 591 2012 Synodus
614 1970 710 2004 fuerit
731 1969 853 2005 indicia
877 1979 1007 2014 propter
1026 1968 1122 2004 obor-

1164 234 1232 267 ret,
1255 232 1319 258 tum
1341 224 1379 258 de
1397 223 1618 256 calamitatibus
1654 221 1712 266 suis
1726 246 1735 264 ,
1761 232 1826 258 turn
1856 225 1895 259 de
1930 227 2045 260 calum-

1165 281 1225 309 niis
1251 299 1262 315 ,
1297 286 1373 317 quas
1405 273 1505 317 paffits
1540 271 1604 314 esset
1641 295 1652 310 ,
1688 274 1853 317 auditisque
1886 277 1948 316 ejus
1990 288 2045 309 ra-

1165 325 1291 359 tionibus
1312 324 1454 357 hominem
1477 329 1659 356 innocentem
1682 329 1916 362 pronunciarunt
1937 353 1944 360 ,
1971 325 2047 359 Ha·-

1166 376 1214 410 [σὲ
1241 374 1431 408 Provincias
1456 372 1556 407 edicit
1577 372 1611 405 in
1635 370 1802 414 Apologia
1822 374 1863 407 ad
1875 375 2047 420 Imperato-

1167 437 1233 460 rem
1259 424 1492 460 Constantium
1519 436 1526 455 :
1554 420 1695 461 Nostram
1728 426 1923 456 innocentiam
1944 420 2046 467 plures*-

1167 478 1258 519 queitn
1281 480 1404 511 trecenti
1422 472 1563 517 Epiftopi
1574 470 1640 516 suis
1660 471 1779 504 calculis
1800 474 2024 513 comprobarunt
2035 499 2047 515 ,

1169 533 1269 569 quiex
1281 526 1385 559 multis
1400 528 1567 560 Provinciis
1582 545 1592 561 ,
1618 524 1745 565 AEgypti
1755 543 1767 560 ,
1796 521 1894 559 L5biae
1906 546 1916 561 ,
1944 526 2052 557 Penta-

1167 578 1261 618 poleos
1278 599 1289 616 ,
1314 575 1485 615 Palaestinae
1508 598 1519 614 ,
1542 570 1688 616 Isauria,
1712 574 1824 613 Cypri,
1850 572 2050 614 Pamphiliae,

1173 631 1287 668 Lyciae,
1313 627 1464 664 Galatia,
1488 626 1611 661 Daciae,
1636 619 1763 662 Moefiae,
1788 620 1924 656 Thraciae
1938 647 1947 662 ‚
1972 626 2051 656 Dar-

1173 677 1275 709 dam'ae
1295 700 1306 717 ,
1332 676 1534 715 Maccdoniae‚
1560 676 1653 714 Epyri
1673 696 1685 713 ,
1710 670 1881 715 Tbeffaliae,
1906 672 2050 714 Acbajar,

1175 729 1273 758 Cretae
1286 749 1296 764 ,
1324 725 1486 758 Dalmatiae
1498 746 1509 763 ,
1535 721 1654 766 Sisciae,
1681 724 1926 765 Pannoniarum,
1952 728 2052 757 Nori-

1174 780 1200 808 ci
1223 799 1234 816 ,
1257 776 1376 815 Italiae,
1405 777 1506 808 Piceni
1530 797 1542 813 ,
1569 770 1680 814 Tusciae
1699 794 1711 810 ‚
1735 776 1933 816 Campania,
1961 775 2057 808 cala-

1175 825 1269 864 hrsae,
1294 826 1427 867 Apuliae,
1458 826 1632 857 Brutiorum
1652 845 1663 861 ‚
1688 823 1797 855 Sicilia
1818 847 1830 863 ‚
1858 823 1969 866 Africae
1993 829 2059 858 uni.

1176 873 1271 918 versae
1284 898 1294 914 ,
1320 876 1468 908 Sardinia
1479 898 1490 915 ‚
1517 870 1733 916 Hispaniarum
1747 894 1757 910 ‚
1769 872 1959 915 Galliarum,
1987 877 2058 908 Bri-

1176 930 1349 959 tanniarum
1358 947 1368 964 ‚
1378 927 1407 958 τὸ
1413 923 1447 968 se
1460 925 1503 958 ad
1512 923 1674 957 Concilium
1685 921 1872 956 contulerant
1888 948 1895 956 .
1924 923 2059 967 Utique

1177 976 1218 1009 ad
1239 975 1423 1009 sardicense
1436 973 1627 1009 Concilium
1642 997 1653 1014 ‚
1678 971 1766 1017 quod
1792 981 1922 1017 propter
1933 982 2059 1008 tantam

1175 1024 1426 1058 Provinciarum
1438 1035 1475 1058 ac
1488 1025 1720 1067 Episcoporum
1728 1022 1963 1059 adunationem
1973 1023 2062 1067 idem

1176 1073 1371 1109 Athanasius
1384 1070 1500 1107 merito
1511 1072 1650 1115 appellat
1662 1076 1821 1117 Magnum.
1844 1074 1888 1108 Et
1903 1073 1957 1109 hic
1979 1075 2013 1109 ὃ(
2024 1074 2062 1110 in

1175 1124 1247 1160 aliis
1258 1124 1356 1159 locis.
1383 1123 1458 1158 Nec
1467 1121 1587 1157 obsunt
1599 1121 1665 1164 ejus
1686 1125 1783 1157 verba
1810 1125 1843 1158 in
1860 1124 1998 1159 laudatis
2011 1123 2063 1159 lit-

1177 1175 1252 1211 teris
1262 1175 1302 1209 ad
1315 1173 1503 1210 Solitarios:
1530 1176 1737 1205 Convenerunt
1756 1172 1795 1205 ab
1814 1179 1957 1217 oriente,
1981 1176 2063 1209 &ex

1178 1226 1333 1261 occidente
1354 1230 1386 1258 in
1396 1223 1504 1258 Urbem
1514 1222 1668 1256 sarincam
1688 1221 1763 1263 plus
1786 1223 1884 1255 minus
1893 1233 2009 1257 centum
2016 1223 2067 1267 se-

1175 1281 1336 1320 ptuaginta
1356 1273 1518 1317 Episcopi.
1544 1272 1682 1306 Etenim
1705 1269 1760 1307 hic
1781 1283 1935 1307 numerus
1958 1272 2065 1306 referri

1180 1326 1276 1360 debet
1289 1325 1330 1360 ad
1347 1325 1435 1359 solos
1446 1321 1639 1358 Occidentis
1656 1321 1856 1366 Episcopos.
1885 1322 1994 1357 Etiam
2007 1323 2068 1366 Sy-

1182 1375 1310 1410 nodalis
1325 1374 1365 1409 ad
1379 1372 1612 1408 Alexandrinae
1625 1371 1772 1407 Ecclefiae
1787 1373 1922 1407 Clerum
1942 1372 2068 1416 episto-

1181 1425 1211 1458 la
1223 1423 1321 1459 habet
1332 1423 1417 1458 hanc
1430 1421 1636 1468 Epigraphen
1649 1433 1656 1453 =
1684 1425 1778 1457 Sacra
1789 1424 1915 1461 synodus
1933 1431 1990 1465 per
1993 1434 2069 1468 gra-

1181 1479 1255 1508 tiam
1279 1478 1336 1508 Dei
1354 1475 1486 1507 Sardicae
1506 1480 1680 1516 congregata
1702 1475 1720 1507 e*
1740 1477 1837 1506 Roma
1850 1497 1862 1514 ‚
1888 1472 2069 1518 Hispaniis,

1183 1524 1314 1565 Galliis,
1340 1525 1432 1557 Italia
1458 1548 1470 1565 ,
1495 1527 1668 1565 Campania
1690 1547 1702 1564 ‚
1727 1523 1874 1557 Calabria
1896 1548 1908 1565 ,
1936 1524 2069 1566 Apulia,

1184 1573 1286 1616 Africa
1307 1597 1318 1613 ‚
1345 1574 1488 1606 Sardinia
1510 1596 1521 1612 ,
1548 1575 1714 1605 Pannoniis
1735 1596 1747 1612 ‚
1775 1572 1883 1615 Moefiis
1903 1596 1916 1613 ‚
1941 1576 2070 1615 Daciis,

1182 1627 1312 1663 Norico,
1338 1620 1489 1666 Tbuscia,
1514 1621 1698 1661 Dardania,
1724 1622 1900 1655 Macedonia
1920 1645 1932 1662 ‚
1957 1621 2071 1664 Theffa-

1181 1673 1245 1711 lia,
1272 1670 1407 1710 Achaia,
1433 1675 1548 1712 Epyro,
1577 1669 1706 1702 Thracia
1733 1693 1746 1710 ,
1771 1669 1909 1713 Rhodope
1929 1696 1940 1712 ‚
1967 1673 2070 1705 Palae-

1174 1720 1276 1761 stina,
1303 1718 1434 1758 Arabia,
1458 1721 1553 1750 Creta
1569 1740 1580 1756 ‚
1607 1719 1740 1760 AEgypto
1762 1743 1769 1750 .
1796 1718 1910 1753 Palam
1928 1721 2069 1755 affirmat

1181 1771 1332 1804 omnium
1347 1767 1461 1802 harum
1480 1765 1731 1802 Provinciarum
1742 1766 1924 1813 Episcopos
1935 1768 2072 1804 adfuisse

1172 1818 1361 1854 Concilio.

1231 1870 1312 1904 Hoc
1323 1868 1427 1912 ipsum
1438 1867 1626 1903 constanter
1634 1869 1771 1905 affirmat
1780 1870 1814 1905 in
1822 1870 1941 1915 quinto
1947 1881 2066 1908 eontra

1172 1917 1404 1962 'Eutychetem
1415 1918 1500 1952 libro
1512 1916 1660 1963 vigilius
1672 1920 1852 1966 Episcopus
1869 1921 2044 1965 Tapsensis
2054 1936 2068 1958 .-

1183 1969 1275 2010 Apud
1283 1969 1438 2002 sardicam
1457 1973 1589 2002 omnium
1602 1971 1832 2006 Provinciamm
1843 1969 1984 2015 Episcopi
2001 1983 2069 2007 con-

234 2026 306 2052 tam
317 2018 352 2051 in
365 2028 457 2053 certo
478 2018 554 2053 loco
566 2020 776 2060 quaestionem
788 2045 795 2052 .
826 2019 959 2054 Etenim
980 2019 1121 2054 adunata
1175 2024 1316 2062 gregati,
1340 2019 1376 2051 id
1389 2017 1428 2059 est
1439 2043 1451 2060 ‚
1475 2029 1511 2052 ex
1521 2017 1596 2051 Urbe
1606 2022 1701 2053 Roma
1711 2043 1722 2061 ,
1739 2020 1921 2066 Hispaniis,
1934 2022 2044 2056 Galliis
2056 2047 2070 2064 ‚

233 2068 300 2102 fuit
311 2076 441 2111 propter
449 2067 664 2103 schismaticas
675 2069 862 2104 Eusebianos
874 2070 1037 2104 Fastionis
1046 2080 1123 2103 con-

234 2124 288 2149 tra
298 2116 460 2150 Romanae
479 2117 628 2151 Ecclefiae
637 2118 818 2152 Primatum
836 2119 1032 2159 violentias,
1057 2118 1125 2152 bla-

236 2174 378 2200 terantes
391 2165 643 2201 Ecclesiasticam
655 2165 884 2202 Hierarchiam
897 2168 960 2201 effe
971 2179 1041 2201 non
1051 2168 1126 2201 Mo·

235 2213 449 2254 narchicam,
476 2215 531 2249 sed
551 2215 818 2252 Aristocraticam
830 2241 840 2257 ,
867 2216 1009 2261 ideoque
1029 2218 1048 2252 a
1068 2218 1126 2258 Sy-

235 2263 413 2298 modalibus
437 2264 659 2299 Orientalium
688 2263 950 2300 Patriarcharum
987 2266 1126 2308 Iudiciis

234 2324 308 2348 non
320 2313 408 2357 posse
419 2311 563 2349 Romam
573 2316 742 2358 provocari
753 2339 762 2348 .
787 2314 930 2350 Acceffit
941 2316 1036 2350 causa
1047 2316 1126 2350 San-

236 2363 280 2397 ni
293 2362 487 2404 Athanasii,
507 2364 615 2399 Sansti
627 2364 721 2399 Pauli
732 2364 1097 2408 Constantinopolitani
1110 2389 1122 2405 ,

238 2412 392 2447 Marcelli
414 2411 587 2456 Ancyrani
612 2437 624 2454 ,
647 2414 744 2449 Lucii
765 2414 915 2450 Adriano
931 2414 1123 2455 -Politani‚

239 2460 388 2506 Asclepae
400 2461 571 2504 Gazenfis,
596 2462 801 2507 aliorumque
813 2464 955 2506 plurium
967 2464 1120 2498 Orienta-

237 2511 324 2547 lium
346 2511 605 2555 Episcopotnm,
631 2512 838 2547 clericorum
860 2537 872 2553 ,
898 2524 936 2547 ac
960 2513 1133 2555 Ecclesia-4

240 2572 313 2596 rum
326 2585 334 2593 .
361 2561 443 2596 Item
456 2561 584 2597 acceffit
594 2564 687 2597 causa
698 2562 839 2597 Nicaenae
857 2562 955 2603 fidei,
979 2563 1122 2607 graviffi·

239 2612 295 2646 me
316 2621 371 2655 per
388 2612 550 2654 praefatam
574 2611 761 2647 Factionem
781 2612 955 2656 impetitae,
981 2612 1123 2657 ideoque

239 2660 491 2697 restabiliendae.
518 2661 603 2708 Qae
623 2673 738 2697 omnes
755 2664 856 2697 causae
867 2663 941 2696 sunt
961 2662 1125 2697 universa·

240 2712 306 2746 les.
333 2710 501 2745 Secundus
523 2711 629 2755 lapsus
652 2712 721 2754 est,
747 2712 835 2756 quod
846 2713 1008 2758 generalis
1018 2713 1123 2756 Syno-

236 2760 303 2795 dus
313 2759 430 2795 debeat
441 2762 620 2796 convocari
639 2773 694 2806 per
702 2761 907 2806 Principem.
936 2762 992 2796 Est
1001 2763 1123 2797 vetusta

237 2810 431 2845 Graecorum
440 2810 588 2846 adulatio
600 2837 607 2844 .
632 2812 822 2847 Tertiusest
833 2836 845 2854 ‚
857 2811 946 2856 quod
957 2812 1124 2847 sardicen-

238 2860 281 2894 ἧς
291 2860 442 2904 synodus
462 2871 643 2896 convocata
668 2873 735 2897 non
748 2862 846 2896 fuerit
867 2873 919 2906 per
929 2863 1121 2898 Romanum

242 2907 450 2954 Principem.
477 2911 590 2958 Qare
611 2911 646 2946 hi
658 2912 693 2946 in
706 2912 797 2947 suum
814 2910 998 2947 Authorem
1009 2911 1123 2947 retorti

242 2966 363 2994 errores
373 2960 532 2995 evincunt
542 2962 643 3006 ipsam
666 2962 758 2997 fuine
780 2961 922 2996 omnino
939 2962 1124 2998 chmeni·

240 3017 338 3041 cam.

296 3055 375 3092 Hoc
395 3058 498 3103 ipsum
517 3061 625 3098 lucide
646 3063 784 3099 affirmat
804 3073 843 3097 ac
862 3061 959 3097 docet
979 3062 1124 3108 Magnus

248 3105 468 3151 Athanasius,
491 3112 741 3159 unuseSynodi
753 3111 967 3147 primatibus.
990 3113 1124 3148 Etenim

249 3155 287 3190 in
310 3156 373 3190 suis
396 3158 437 3191 ad
457 3159 529 3195 suos
538 3162 725 3199 Monachos
747 3163 862 3198 litteris
871 3161 978 3206 ample
987 3163 1126 3207 exponit

250 3205 438 3240 Eusebianae
450 3208 612 3247 Faaionis
632 3214 744 3259 fugam
761 3224 803 3247 ex
824 3212 1000 3247 Sardicensi
1014 3213 1126 3257 civita-

251 3264 285 3289 te
298 3279 310 3298 ,
334 3256 370 3290 &
383 3258 488 3302 pergit
510 3258 552 3294 de
570 3263 813 3298 remanentibus
833 3261 919 3307 apud
944 3262 1043 3305 ipsam
1054 3264 1128 3308 Epi-

251 3305 377 3348 scopis:
407 3308 536 3345 synodus
555 3319 655 3344 autem
673 3323 711 3345 ex
726 3311 865 3355 pluribus
887 3314 978 3355 quam
1001 3319 1126 3358 triginta

252 3358 382 3398 quinque
393 3358 560 3392 Provinciis
579 3360 698 3401 coada,
722 3367 837 3406 cognita
858 3366 1032 3396 Arianorum
1043 3365 1126 3397 mali·

1181 2069 1293 2108 Italia,
1321 2073 1517 2110 Campania,
1544 2069 1689 2104 Calabria
1702 2096 1713 2111 ‚
1739 2070 1843 2112 Africa
1863 2095 1875 2113 ,
1901 2074 2069 2113 sardinia,

1183 2119 1361 2158 Pannonia,
1390 2117 1513 2159 Moefia,
1541 2121 1658 2159 Dacia,
1685 2121 1868 2162 Dardania,
1894 2123 1994 2157 altera
2004 2127 2068 2157 Da-

1183 2172 1230 2199 cia
1243 2190 1255 2207 ,
1282 2167 1453 2199 Macedonia
1465 2191 1476 2208 ‚
1502 2167 1651 2211 Thessalia
1663 2193 1674 2209 ‚
1696 2168 1811 2211 Acbaja
1824 2195 1835 2211 ‚
1847 2166 1943 2214 ‘Epyro
1952 2197 1963 2214 ,
1975 2172 2070 2206 Thra-

1183 2221 1250 2257 cia,
1277 2215 1437 2258 Rhodope,
1467 2215 1554 2258 Afia,
1580 2219 1849 2260 Caria,Bitbynia
1863 2245 1874 2261 ‚
1901 2222 2070 2266 Hellespon-

1187 2274 1238 2306 to,
1264 2264 1416 2309 Phrygia,
1442 2265 1576 2309 Pisidia,
1601 2270 1794 2310 Cappadocia
1813 2294 1826 2312 ,
1852 2273 1971 2313 Ponto,
1996 2273 2071 2305 Cili-

1186 2320 1233 2348 cia
1246 2338 1257 2354 ,
1283 2315 1382 2347 altera
1411 2314 1559 2359 Phrygia,
1585 2317 1761 2359 Pamphilia
1781 2342 1793 2359 ,
1820 2322 1935 2361 Lydia,
1961 2322 2072 2366 Infulis

1187 2363 1363 2403 Cycladibus
1375 2388 1387 2405 ‚
1413 2367 1543 2409 AEgypto
1555 2390 1566 2407 ‚
1581 2365 1731 2402 Thebaide
1741 2392 1753 2409 ,
1778 2369 1871 2408 Lybia
1881 2395 1891 2411 ‚
1919 2373 2045 2406 Galatia
2057 2396 2071 2413 ,

1188 2413 1370 2455 Palaestina,
1396 2414 1566 2449 &Arabia
1593 2415 1733 2452 Easdem
1750 2418 1942 2455 Provincias
1952 2421 2072 2457 adfuis-

1186 2464 1240 2504 se‘,
1260 2464 1295 2497 ἀ
1304 2474 1346 2496 ex
1359 2464 1431 2507 ipsis
1442 2465 1643 2509 septuaginta
1653 2468 1708 2500 sex
1718 2467 1878 2503 Primates
1889 2470 2070 2515 Episcopos

1187 2510 1305 2548 diserte
1315 2512 1454 2547 affirmat
1465 2514 1619 2559 antiquus
1642 2515 1678 2549 ἀ
1691 2515 1900 2553 authenticus
1920 2520 2069 2563 Synodo-

1186 2574 1259 2598 rum
1282 2562 1486 2608 Catalogus‚
1513 2564 1545 2599 δε
1567 2563 1718 2610 adjungit
1739 2563 2069 2612 Philippo-Pelinna

1186 2613 1432 2649 Conventiculo
1453 2613 1590 2649 adfuisse
1613 2615 1782 2662 sexaginta
1803 2617 1973 2654 dumtaxat
1994 2621 2069 2666 Epi-

1185 2663 1317 2706 scopos.
1346 2662 1390 2698 Et
1400 2663 1485 2699 certe
1506 2664 1601 2711 ipsius
1621 2665 1840 2710 Synodalibus
1862 2668 1978 2705 litteris
1997 2671 2066 2706 sub-

1186 2713 1378 2757 scripserunt
1387 2714 1592 2760 septuaginta
1603 2726 1684 2750 tres:
1711 2715 1761 2752 At
1779 2717 1856 2753 vero
1875 2719 1961 2755 inter
1980 2722 2066 2765 ipsos

1185 2762 1248 2797 fuit
1267 2763 1479 2809 imaginarius
1500 2765 1555 2799 ille
1575 2763 1719 2809 ischyras
1736 2790 1748 2807 ,
1775 2769 1810 2803 ἀ
1830 2770 1936 2805 forsan
1959 2772 2066 2815 plures

1185 2812 1367 2848 istiusmodi
1387 2839 1398 2856 ,
1424 2814 1494 2858 jure
1515 2816 1632 2850 merito
1659 2827 1727 2851 non
1747 2819 1961 2864 computandi
1986 2839 2003 2854 .·
2021 2821 2066 2855 Et

1185 2862 1265 2897 hinc
1278 2864 1386 2905 lucet,
1413 2874 1511 2909 quam
1532 2865 1614 2901 male
1624 2866 1793 2903 Dominus
1814 2869 2066 2914 Archi-Episco-

1185 2924 1245 2957 pus
1255 2912 1413 2948 sceleratae
1423 2914 1513 2950 istius
1519 2915 1659 2960 epistolae
1667 2917 1875 2955 Schismatica
1887 2931 2065 2968 nugamen-

1185 2973 1217 2998 ta
1244 2963 1323 2997 velit
1346 2964 1409 2998 esse
1429 2966 1556 3000 sensum
1576 2966 1678 3002 totius
1696 2968 1878 3004 Orientalis
1897 2970 2064 3006 Ecclefiz.

1185 3012 1404 3049 Affertionem
1417 3015 1559 3050 nostram
1571 3017 1768 3052 confirmant
1787 3019 1875 3064 apud
1887 3019 1999 3055 Photii
2010 3020 2063 3055 Bi-

1185 3062 1382 3098 bliothecam
1404 3065 1472 3100 vita
1485 3065 1591 3100 Sancti
1613 3064 1806 3111 Athanasii,
1830 3069 1864 3104 &
1875 3070 1942 3105 vita
1953 3071 2062 3106 Sansti

1186 3114 1282 3148 Pauli
1293 3113 1447 3159 Episcopi
1458 3114 1818 3162 constantinopolitani
1828 3143 1836 3151 .
1861 3119 1979 3156 Ambae
1992 3123 2063 3155 scri-

1186 3162 1284 3198 bunt:
1310 3164 1351 3195 E'
1358 3164 1500 3207 partibus
1511 3166 1677 3200 Occidentis
1691 3166 1788 3211 supra
1806 3178 1947 3205 trecentos
1957 3182 2064 3206 conve·
2077 3179 2137 3211 Lib.
2148 3190 2212 3217 257·

1186 3223 1292 3248 nerum
1300 3212 1460 3258 Episcopi,
1485 3215 1523 3248 'ex
1534 3219 1652 3251 Oriente
1663 3219 1734 3252 veri
1754 3221 1873 3254 tantum
1886 3220 2061 3267 septuagin-

1185 3272 1218 3297 ta
1226 3263 1282 3308 [εκ
1293 3289 1304 3306 ,
1328 3269 1360 3297 in
1372 3264 1475 3307 quibus
1486 3265 1521 3299 Θ
1531 3264 1592 3309 ipse
1603 3264 1732 3310 Ischyras
1738 3269 1823 3313 quafi
1830 3274 1973 3306 Mareotis
1983 3276 2061 3315 Epi-

1180 3312 1283 3357 scopus
1292 3314 1502 3349 numerabatur
1511 3340 1518 3348 .
1534 3315 1596 3350 Per
1603 3317 1832 3356 occidentales
1843 3345 1855 3362 ‚
1877 3323 1935 3364 qni
1951 3321 2059 3357 vIden-

1185 3373 1237 3399 tur
1256 3375 1307 3399 tot
1331 3376 1399 3400 non
1421 3364 1515 3399 fuiffe
1535 3389 1547 3406 ‚
1572 3366 1690 3409 poffint
1715 3369 1898 3416 intelligere
1916 3383 2031 3407 omnes
2048 3393 2061 3412 .

252 3410 300 3439 tia
309 3428 321 3446 ,
341 3405 500 3450 permisere
511 3408 666 3452 Athanafio
684 3420 749 3444 cum
756 3409 821 3454 suis
829 3436 841 3454 ,
866 3420 902 3446 ut
922 3411 1038 3456 causam
1053 3415 1128 3450 dice·
1184 3415 1242 3460 qui
1251 3414 1521 3451 Occidentalibus
1531 3415 1730 3453 adhaesemne
1738 3444 1750 3461 ,
1774 3421 1811 3456 δε
1822 3432 1898 3456 cum
1910 3422 1985 3464 ipsis
1993 3430 2059 3464 per·

370 3455 479 3497 Christ.
491 3462 570 3504 Lupi
579 3465 680 3503 Opera
689 3463 725 3493 T.
737 3463 821 3493 VIII.

1612 3467 1644 3502 L
1694 3478 1717 3517 3
1914 3479 2010 3505 man-
