2326 3718
295 184 340 219 ad
350 182 621 231 ,Quod-vult-Deus
634 180 784 226 epistolam
795 207 807 226 ,
831 183 882 219 ubi
892 182 1087 229 Fuffalensem
1099 180 1189 227 Pres-

294 235 424 274 buerunt
434 233 645 283 commfndans
657 238 756 278 inquit
768 247 776 268 ε
804 235 887 270 Non
898 235 1064 279 possumus
1078 234 1186 267 neces-

293 285 399 321 fitates
408 281 587 319 hominum
597 283 758 327 ejusmodi
770 284 910 321 deserere
922 309 935 326 ,
961 284 1019 329 qui
1041 285 1077 319 in
1086 281 1185 318 chari-

291 342 360 369 tate
371 328 495 370 Christi
517 334 560 369 ad
583 347 693 371 curam
719 336 884 381 pertinent
911 335 1077 371 nostram.
1103 336 1185 378 Ergo

289 387 456 427 inquiunt,
473 382 505 427 fi
521 391 665 421 extremis
690 385 846 431 Augustini
867 385 992 427 diebus,
1021 397 1101 420 anno
1119 383 1186 427 fere*

289 434 575 482 quadringentefimo
588 436 725 481 vigesimo
735 447 810 470 nono
824 459 837 476 ,
862 444 933 469 tunc
954 441 1033 470 enim
1052 435 1116 470 baec
1124 441 1184 478 epi-

280 484 356 526 stola
375 483 493 529 scripta
517 485 576 530 est,
602 486 700 520 adbuc
724 486 768 519 aa
790 487 857 528 ejus
879 496 981 520 curam
1001 484 1185 531 Fuffalenses

281 535 477 578 pertinebant
501 561 514 578 ,
540 538 670 571 nondum
689 543 846 579 proprium
872 535 1052 580 Episcopum
1075 536 1185 571 babere

282 594 435 629 coeperant
451 599 459 620 ε
487 590 571 631 Ergo
592 585 785 628 ducentesima
802 586 986 632 J‘exagefima
1000 593 1104 629 prima
1116 591 1183 629 epi·-

275 635 351 677 stola
371 662 384 679 ‚
410 649 480 681 quae
495 639 568 678 jam
594 646 668 671 ante
690 638 842 676 Caelestim'
867 643 957 671 initia
981 635 1182 681 Fuffalensem

280 685 461 731 Episcopum
466 693 553 729 ponit
566 710 579 727 ,
598 685 685 731 falsa
696 690 816 723 omnino
830 688 868 729 est
889 691 923 723 <it
934 700 973 722 ex
975 686 1127 732 spuenda.

329 740 402 770 Huic
423 738 595 779 difficultati
619 749 671 772 nos
695 741 790 773 aliam
815 744 991 782 opponimus
1014 763 1023 772 .
1051 738 1083 773 Ji
1101 750 1181 772 anno

278 785 564 830 quadringentesimo
585 788 721 833 vigesimo
744 800 819 823 nono
849 790 979 824 nondum
994 790 1114 833 Fuffiila
1126 788 1178 823 ba-

275 837 344 871 buit
360 833 542 880 Episcopum
552 863 563 878 ,
590 839 722 875 babebat
733 850 833 875 autem
853 842 931 874 certe
943 851 1023 874 anno
1034 841 1178 883 quadrin-

271 884 430 931 gentefimo
445 884 604 934 oc‘logefimo
616 900 722 934 quarto
732 916 743 932 ,
770 890 890 934 quando
902 914 913 931 ,
939 889 1040 934 quaeso
1046 901 1076 925 te
1091 914 1102 931 ‚
1123 889 1177 923 ha·

275 938 344 972 bere
367 939 477 981 carpit?
507 945 554 973 An
577 946 657 975 inter
677 942 911 975 Wandalorum
936 941 1015 975 bella
1042 939 1177 984 &saevi-

273 993 337 1021 iias
350 1013 362 1029 ,
386 1000 452 1022 cum
476 987 639 1023 Catholicis
663 997 722 1025 vix
734 997 873 1035 antiquos
886 990 1087 1034 Episcopatus
1097 991 1176 1025 obti-

272 1047 344 1072 nere
353 1041 455 1074 liceret
469 1063 480 1080 ‚
503 1039 553 1073 bic
563 1051 661 1074 novus
672 1040 823 1081 institutus
835 1041 875 1081 ef}
889 1041 903 1076 ἒ
930 1046 991 1076 Vix
1003 1047 1063 1077 erit
1083 1048 1129 1076 cui
1139 1042 1176 1075 id

268 1088 379 1130 probes
391 1112 399 1122 .
435 1090 523 1122 vnde
543 1091 612 1134 ergo
622 1089 670 1126 bae
680 1091 813 1126 tenebrae
821 1091 916 1127 lucem
924 1098 1067 1136 accipient
1079 1094 1092 1128 ἓ
1118 1095 1174 1126 Ex

269 1136 338 1181 ipsa
363 1140 469 1181 nempe
487 1137 685 1182 ducentesima
704 1139 886 1186 sinagefima
905 1149 1011 1185 prima
1034 1141 1175 1186 epistola.

268 1188 318 1224 lbi
333 1195 416 1223 enim
421 1187 462 1232 fic
472 1194 506 1223 in
518 1192 684 1224 Antonium
696 1192 896 1236 Fuffalensem
901 1194 1075 1234 judicatum
1084 1192 1174 1226 babe-

268 1247 359 1280 mus,
389 1249 427 1273 ut
445 1239 607 1284 potestate
617 1241 750 1277 minuta
766 1243 1006 1277 Fuffalenfibus
1016 1254 1084 1276 non
1096 1253 1174 1285 prae·

269 1290 346 1325 esstt
358 1312 370 1329 ,
396 1286 561 1324 honorem
574 1299 686 1326 tamen
697 1292 884 1337 integrum,
897 1292 1088 1336 salvumque
1098 1291 1174 1334 Epi-

266 1339 438 1382 scopatum
461 1339 621 1380 servaret,
649 1341 772 1375 sederet
792 1341 894 1383 etiam
916 1341 953 1376 in
979 1341 1035 1376 sua
1051 1340 1175 1376 Cathe-

265 1387 345 1427 dra,
369 1387 512 1431 locaque
533 1386 590 1422 illa
611 1387 723 1424 eidem
745 1389 877 1426 dimissa
899 1399 1000 1434 atquo
1023 1391 1172 1436 permissa

265 1435 341 1472 sunt
353 1460 365 1478 ,
391 1436 428 1472 in
450 1435 571 1479 quibus
589 1436 725 1481 &prius
747 1435 931 1483 Episcopus
952 1450 1045 1482 erat,
1072 1453 1114 1476 ne
1135 1440 1171 1475 in

262 1488 374 1524 aliena
384 1485 553 1524 Cathedra
564 1497 681 1522 contra
692 1487 823 1523 Statura
835 1488 971 1526 Parrum
998 1490 1172 1526 translatus

261 1535 382 1573 illicite
391 1537 558 1573 diceretur
571 1561 578 1570 .
600 1536 687 1572 Haec
697 1536 880 1583 Augustini
895 1539 992 1576 verba
1004 1553 1013 1573 :
1030 1544 1099 1579 ΙιΕΜ
1107 1548 1173 1584 qui·

261 1586 318 1623 bus
338 1587 375 1622 id
384 1584 483 1630 facile
505 1599 595 1622 eruas
619 1591 780 1623 Antonium
794 1588 925 1632 Fuffalae
940 1599 976 1625 ut
986 1590 1171 1635 Episcopum

259 1637 425 1682 remanfiffe
438 1662 450 1680 ,
476 1643 562 1672 omni
584 1645 684 1672 tamen
700 1637 914 1683 Jurtsdtfflone
934 1640 1060 1675 ablata.
1087 1644 1169 1686 ,Quis

257 1693 327 1736 ergo
349 1688 428 1725 banc
449 1687 609 1731 Ecclesiam
628 1689 822 1734 gubernabas
836 1690 853 1722 ἒ
878 1695 952 1726 Non
980 1698 1060 1725 enim
1067 1699 1169 1734 posuit

258 1740 394 1776 aliusibi
404 1738 571 1782 Episcopus
581 1741 742 1780 ordinari,
767 1751 804 1774 ne
819 1741 878 1774 duo
890 1748 925 1774 in
932 1753 994 1775 una
1008 1741 1168 1777 Catbedra

255 1790 415 1835 sederent.
442 1789 551 1832 Neque
576 1790 612 1823 id
631 1795 773 1833 temporis
785 1789 944 1834 disciplina
962 1792 1167 1834 patiebatur,

257 1850 293 1875 ut
306 1839 363 1884 sub
375 1839 615 1879 presbyterorum
639 1846 781 1885 regimine
795 1863 807 1881 ,
829 1849 903 1884 quot
928 1847 1023 1876 annis
1049 1844 1167 1887 vixiffet

257 1895 431 1932 Antonius,
457 1900 643 1926 remaneret.
671 1890 765 1925 Nihil
787 1894 856 1935 ergo
865 1897 1063 1933 promptius,
1089 1892 1169 1926 nibil

253 1940 441 1985 plaufibilius
453 1965 465 1981 ,
490 1942 584 1983 quim
602 1949 637 1974 ut
662 1942 707 1975 ad
725 1945 843 1984 antiqui
854 1940 996 1984 Episcopi
1008 1952 1111 1975 euram
1121 1953 1166 1976 re·

257 1992 338 2027 diret
351 2016 362 2032 ‚
385 1989 630 2033 praesertimcum
646 1996 672 2024 is
696 1990 763 2034 efflet
772 1988 911 2025 omnibus
935 2001 1058 2025 amatus
1070 1997 1164 2037 Augu·

255 2041 371 2084 stinus.
401 2045 462 2075 Hoc
479 2043 570 2085 ergo,
600 2043 681 2084 quod
698 2041 770 2084 fieri
784 2039 910 2084 debuisse
930 2052 969 2074 ex
979 2048 1107 2084 antiqua
1119 2043 1164 2076 di·

256 2090 389 2137 sciplina
402 2091 632 2132 conjiciebamus
647 2115 658 2131 ,
683 2102 716 2124 re
739 2089 794 2134 ips
787 2103 807 2123 a
810 2090 933 2133 fadum
945 2090 1035 2134 fuiffe
1046 2091 1095 2125 bic
1106 2098 1163 2125 Au·

255 2141 456 2187 gustinilocus
481 2141 526 2173 ad
537 2142 809 2184 ,Quod-vult·Deus
832 2152 885 2174 nos
903 2140 1003 2175 docuit
1017 2164 1026 2173 .
1053 2144 1164 2185 Neque

260 2194 299 2226 id
306 2199 426 2225 tantum
442 2214 453 2231 ‚
473 2188 531 2234 sod
555 2194 590 2225 ὁ·
602 2190 684 2234 quod
703 2191 748 2224 ad
767 2189 917 2233 epistolam
935 2191 1162 2233 ducentefimam

257 2241 474 2286 sexagesimam
483 2246 616 2284 primam
630 2243 765 2275 maximo3
773 2246 906 2283 pertinet
918 2265 929 2282 ,
957 2253 1015 2275 non
1023 2241 1162 2285 obtinuisl

258 2291 293 2337 se
305 2297 466 2326 'Antonium
478 2316 489 2332 ,
517 2300 550 2325 ut
557 2290 626 2334 suae
643 2292 711 2324 sedi
716 2291 925 2333 gubernandae
937 2291 1138 2331 restitueretur
1151 2315 1159 2325 .

263 2345 369 2376 Potuit
393 2342 426 2374 id
450 2342 555 2383 efficere
577 2347 656 2373 ratio
678 2347 863 2381 temporum,
889 2352 959 2383 quae
978 2344 1096 2374 omnino
1118 2341 1157 2373 ab

264 2403 347 2434 qnno
355 2389 638 2435 quadringentefimo
651 2388 785 2434 vigefimo
793 2395 880 2424 tertio
891 2414 903 2431 ,
923 2389 954 2432 fi
960 2391 1159 2434 quadringen-

265 2442 397 2484 ufimum
419 2440 590 2484 vigesimum
608 2438 730 2483 semum
746 2445 882 2482 excipias
897 2463 910 2480 ,
935 2440 1021 2474 bellis
1029 2438 1159 2482 fuerunt

265 2497 397 2526 internis
419 2488 606 2534 externisque
616 2491 744 2523 turbata
753 2514 765 2529 ,
791 2498 826 2523 ut
836 2489 1008 2529 Caelestinus
1027 2489 1093 2525 buic
1103 2502 1159 2524 ne-

263 2547 343 2587 gotio
354 2540 461 2582 instare
484 2546 656 2584 nequiverit
667 2565 674 2572 .
702 2541 801 2574 Potuit
811 2540 862 2574 hoc
873 2540 1079 2583 Africanorum
1095 2550 1160 2574 con—

266 2602 318 2627 tra
330 2589 566 2634 Transmarinas
576 2591 794 2633 appellationes
807 2588 953 2630 obstinata
971 2602 1053 2624 mens
1064 2616 1072 2624 .
1099 2592 1163 2624 Sed

266 2643 371 2677 melius
393 2642 429 2675 id
440 2641 593 2687 Augustini
615 2640 781 2675 rationibus
791 2640 979 2684 precibusque
993 2641 1135 2674 tribuitur
1147 2665 1159 2681 ‚

265 2692 371 2735 quibus
381 2691 496 2726 evinas
510 2690 656 2734 Pontifex
682 2690 722 2725 ab
735 2693 860 2724 Antonio
871 2689 1062 2732 defendendo
1072 2690 1158 2731 absti-

265 2749 385 2777 nuerit.
415 2744 524 2785 Neque
547 2743 583 2776 id
607 2738 732 2781 mirum,
758 2751 824 2774 eum
848 2751 914 2775 tam
930 2737 1039 2784 sanila
1057 2765 1068 2781 ‚
1093 2750 1159 2774 tam

266 2798 325 2836 pia
339 2817 350 2833 ,
368 2800 432 2825 tam
453 2790 561 2826 humili
571 2816 584 2832 ,
609 2801 673 2826 tam
690 2790 794 2834 forti,
819 2800 885 2825 tam
897 2791 1050 2835 Augustino
1064 2792 1158 2834 digna

265 2843 382 2887 epistola
393 2853 507 2876 morum
513 2840 600 2887 fuisse
615 2867 626 2882 ,
652 2842 839 2885 maluiffeque
852 2841 1039 2885 Augustinum
1056 2839 1159 2883 serva-

265 2905 298 2928 re
306 2891 520 2936 Episcopatui,
546 2896 639 2936 quam
659 2895 838 2926 Antonium.
865 2894 957 2926 Certe
978 2893 1092 2925 nullam
1114 2891 1154 2935 of-

260 2942 425 2986 fenfionem
444 2949 478 2977 in
488 2945 556 2987 ejus
579 2949 682 2977 animo
702 2951 805 2976 contra
822 2942 1012 2986 Augustinum
1025 2939 1156 2984 resedss'e

266 2992 374 3031 constat
388 3018 399 3035 ‚
426 3004 490 3027 cum
511 3004 579 3028 eum
588 3002 654 3028 tam
673 2992 828 3037 magnifice
839 2999 870 3026 in
883 2994 1154 3036 semi-Pelagium«

268 3053 335 3076 rum
345 3040 432 3086 causa
452 3044 635 3086 depraedicet
647 3068 657 3077 .

319 3092 518 3135 Respondeo
527 3095 569 3130 de
592 3092 658 3130 hoc
669 3093 831 3138 Scriptore
841 3093 929 3137 posse
937 3091 1023 3127 dici:
1052 3090 1153 3125 Adbuc

266 3140 414 3177 modicum
432 3144 529 3178 lumen
554 3151 586 3178 in
608 3144 697 3180 vobis
715 3144 754 3186 est
771 3169 779 3177 .
808 3144 963 3178 Ambulare
979 3144 1050 3178 dum
1059 3143 1154 3176 iucem

269 3191 386 3226 habetis
396 3214 408 3233 ,
435 3202 468 3226 ut
486 3203 544 3228 non
556 3207 609 3229 vos
620 3194 752 3230 tenebrae
763 3194 1015 3238 comprehendant
1025 3217 1032 3226 .
1059 3192 1153 3227 Licet

267 3242 441 3278 Romanas
462 3244 695 3286 appellationes
717 3246 847 3287 oderit,
873 3255 1005 3290 propter
1015 3243 1097 3288 ipsas
1108 3252 1154 3278 ta-

268 3303 348 3328 men
368 3292 388 3327 ὲ
407 3291 519 3327 nescio
538 3295 657 3337 quibus
677 3295 818 3332 turbidis
842 3296 988 3341 ingeniis
1008 3293 1153 3329 invasam

269 3341 379 3379 Sancti
390 3341 572 3388 Augustini
590 3344 760 3388 epistolam
783 3347 871 3382 videt
883 3349 947 3382 effe
968 3356 1023 3391 per
1040 3344 1153 3379 omnia

270 3391 457 3441 legitimam
488 3393 524 3431 ὅ(
548 3390 770 3431 authenticam
792 3420 804 3437 ,
829 3397 972 3442 ideoque
995 3393 1154 3431 erubescit

826 94 915 149 DE
946 104 1273 150 Arm-cim:
1307 98 1621 147 Ecc1.ES1AEv

1249 178 1447 223 proscribere
1467 207 1476 216 .
1501 182 1616 218 Etiam
1642 181 1725 219 reae
1744 183 1887 231 ostendit
1913 187 2135 232 Fuffalensem

1250 231 1484 276 Episcopatum
1502 233 1598 270 fuisse
1611 235 1752 269 ereetum
1763 235 1781 270 ὲ
1792 235 1910 273 Sancto
1921 239 2113 285 Augustino
2122 269 2133 279 .

1249 280 1354 317 Porro
1365 282 1460 319 locus
1469 284 1504 319 in
1515 284 1762 331 Augustiniana
1771 286 1813 321 ad
1825 287 2134 336 Quod-vult-Deus,

1251 331 1516 381 Carthaginenfis
1525 335 1676 372 Ecclefiae
1686 346 1766 371 tunc
1776 336 1967 377 Diaconum
1978 366 1991 383 ‚
2017 343 2135 387 episto-

1250 382 1282 418 la
1294 382 1387 420 locus
1409 385 1451 419 fic
1460 384 1557 422 habet
1567 401 1580 422 .·
1607 392 1684 422 cum
1694 385 1770 421 mibi
1790 385 2009 432 baecfiribende
2018 392 2134 435 offerre.

1249 443 1300 468 tur
1311 434 1411 479 occasio
1428 444 1485 477 per
1499 438 1699 483 Fuffalcnsem
1711 436 1916 477 Presbyterum
1926 464 1938 481 ,
1965 453 2049 484 quem
2059 455 2132 478 com.

1249 486 1354 520 mendo
1363 510 1375 526 ‚
1401 486 1467 521 &c-
1488 486 1531 522 Et
1543 490 1625 525 infra
1636 504 1648 524 .-
1676 490 1855 523 commendo
1874 495 1983 530 iterum
1994 495 2132 529 perlato·-

1248 547 1312 570 rem
1326 561 1339 578 ‚
1362 538 1552 582 &negotium
1565 548 1692 584 propter
1715 540 1794 584 quod
1813 543 1845 574 eo
1860 543 2002 583 perrexit
2026 567 2034 575 .
2058 547 2132 580 Non

1247 592 1323 621 enim
1329 588 1478 632 prffumus
1489 592 1663 630 nereffitates
1673 590 1823 625 bominum
1835 589 1976 634 ejusmodi
1987 590 2133 635 deJ'erere,

1246 644 1298 680 qui
1308 638 1395 678 nostri
1414 650 1473 672 non
1484 642 1610 680 Coloni,
1631 639 1688 682 sed
1709 642 1788 684 quod
1805 644 1908 682 majus
1931 641 1969 682 est
1984 667 1996 684 ,
2009 642 2134 684 fratres

1240 687 1312 731 sunt
1323 713 1335 730 ,
1363 691 1438 724 &in
1459 688 1606 724 charitate
1620 690 1731 731 Christi
1747 693 1790 724 ad
1809 703 1908 727 curam
1915 700 2074 735 pertinent
2084 706 2134 728 no-

1238 737 1335 778 stram
1347 764 1355 772 .
1382 738 1531 787 Qaestio
1540 738 1586 775 est
1597 765 1609 781 ,
1636 740 1821 788 Qomodo
1829 743 1964 778 Sanctus
1976 742 2134 789 Augusti-

1247 799 1307 822 nus
1318 791 1344 823 F
1347 789 1510 825 ussalenfis
1521 791 1669 826 Eccleliae
1681 815 1692 832 ,
1717 791 1740 825 si
1753 794 1918 835 proprium
1940 803 2021 829 tunc
2034 794 2135 829 habe-

1246 837 1299 874 bat
1310 838 1511 885 Episcopum
1523 864 1534 882 ,
1556 839 1788 885 Presbyterum
1799 842 1914 878 scribat
1924 845 1964 884 ad
1977 846 2066 879 suam
2077 856 2133 879 cu-

1243 899 1311 924 ram
1335 890 1498 934 spectare?
1522 889 1664 926 Praesens
1685 893 1829 936 Scriptor
1840 895 2070 939 conglomerat
2080 907 2134 930 va-

1243 939 1291 975 ria
1326 941 1436 976 Sancti
1456 940 1639 987 Augustini
1662 942 1704 978 de
1728 940 1907 984 Antonio,
1932 955 1970 979 ae
1990 945 2032 979 de
2051 945 2133 980 dato

1241 989 1277 1024 in
1299 989 1404 1034 ipsum
1429 990 1562 1035 Judicio
1584 991 1704 1034 verba,
1730 993 1764 1028 δε
1786 1005 1828 1028 ex
1844 993 1918 1037 ipsis
1937 994 2133 1030 concludit.-

1239 1043 1310 1087 Iiaec
1320 1040 1472 1086 Augustini
1482 1042 1576 1077 verba
1585 1067 1592 1075 .
1619 1045 1674 1076 Ex
1684 1042 1792 1086 quibus
1813 1044 1948 1086 idfacile'
1969 1056 2059 1080 eruas
2071 1049 2134 1079 An-

1237 1096 1351 1125 tonium
1375 1092 1504 1135 Fuffalae
1524 1102 1559 1127 ut
1580 1091 1758 1138 Episcopum
1779 1092 1961 1137 remanfiffn
1985 1101 2067 1129 omni
2085 1105 2132 1129 ta-

1238 1152 1305 1175 men
1310 1141 1531 1185 jurisdictione
1551 1143 1655 1178 ablata
1665 1167 1672 1176 .
1701 1145 1783 1188 ,Quis
1803 1146 1872 1188 ergo
1882 1143 1960 1181 banc
1971 1144 2132 1186 Ecclefiam

1233 1191 1445 1234 gubernabat?
1471 1191 1566 1225 Nihil
1578 1199 1749 1234 promptius
1761 1216 1774 1234 ,
1797 1195 1892 1236 quam
1911 1202 1945 1228 ut
1955 1195 2002 1228 ad
2008 1200 2130 1239 antiqui

1238 1239 1382 1282 Episcopi
1392 1251 1496 1274 curam
1505 1241 1616 1274 rediret
1628 1266 1635 1273 .
1661 1241 1757 1275 Errat
1782 1242 1818 1275 in
1836 1242 1986 1278 duobus.
2013 1244 2131 1281 Primi}

1240 1289 1274 1323 in
1297 1289 1370 1333 ipsis
1395 1290 1524 1325 verbis.
1551 1290 1600 1325 Ea
1612 1289 1726 1325 alterat
1740 1314 1752 1330 ‚
1773 1290 1888 1331 addit,
1914 1291 2132 1329 transmutet.

1237 1339 1364 1376 Nescio
1383 1351 1452 1385 quo
1476 1339 1654 1385 privilegio
1667 1364 1675 1373 .
1703 1340 1840 1375 Sanctus
1856 1340 2067 1386 Augustinus
2085 1342 2132 1378 fic

1237 1387 1336 1424 habet
1345 1402 1357 1424 .·
1383 1392 1558 1426 sententias
1572 1389 1682 1432 nostras
1688 1389 1730 1432 fic
1738 1397 1978 1433 temperavimus
1989 1416 2001 1433 ,
2027 1390 2132 1436 ursas.-

1236 1451 1276 1473 ω
1286 1438 1470 1483 Episcopatu
1492 1453 1551 1480 non
1561 1450 1662 1475 tamen
1685 1443 1803 1475 omnino
1813 1446 1962 1483 impunita
1981 1443 2132 1486 relinque-

1234 1498 1340 1523 rentur
1349 1514 1361 1531 ,
1376 1502 1445 1533 quae
1454 1501 1513 1524 non
1524 1491 1667 1526 deberent
1683 1514 1689 1522 .
1713 1495 1859 1526 Honorem
1869 1496 1974 1534 itaque
1984 1498 2132 1537 integrum

1229 1539 1429 1582 servavimus
1433 1544 1466 1586 J
1469 1546 1560 1575 uveni
1580 1542 1750 1585 corrigendo
1761 1565 1774 1583 ,
1793 1538 1852 1585 sed
1863 1544 2046 1585 corripiendo
2068 1548 2131 1576 mi-

1234 1596 1354 1624 nuimus
1371 1591 1543 1634 porssatem
1555 1605 1566 1625 :
1594 1596 1647 1626 Ne
1654 1589 1766 1635 scilicet
1786 1597 1829 1626 eis
1836 1587 1977 1636 praefflses
1979 1592 2106 1627 ulterius
2116 1611 2132 1635 9

1231 1651 1300 1674 cum
1324 1642 1432 1684 quibus
1447 1641 1615 1687 ficegerat.
1643 1642 1687 1676 Et
1711 1641 1819 1677 infra:
1848 1645 1975 1685 Propter
1998 1642 2131 1677 boc-'Ioco

1233 1690 1288 1725 illa
1301 1693 1396 1725 eidem
1406 1692 1523 1736 dimiffa
1542 1701 1635 1735 atque
1641 1691 1780 1735 permiffa
1798 1690 1871 1735 [unt
1882 1716 1896 1732 ,
1919 1697 1955 1725 in
1966 1693 2073 1735 quibus
2094 1692 2131 1727 ὰ

1228 1742 1319 1784 prius
1332 1740 1499 1785 Episcopus
1521 1752 1588 1776 erat
1601 1767 1613 1783 ‚
1637 1753 1675 1776 ne
1695 1747 1729 1776 in
1740 1743 1838 1776 aliena
1848 1741 2004 1776 Catbedrae
2022 1751 2129 1777 contra

1231 1794 1355 1826 statuta
1367 1795 1497 1826 Parrum
1508 1794 1679 1827 translatus
1700 1793 1802 1828 illicite
1825 1794 1974 1826 diceretur
1987 1814 1995 1823 -
2020 1791 2130 1829 Ααεοε·

1232 1842 1308 1877 nius
1332 1843 1436 1888 igitur
1448 1855 1518 1878 non
1531 1844 1595 1878 fuit
1607 1843 1752 1887 privatus
1767 1842 1864 1877 omni
1875 1841 2106 1885 iurisdictione
2115 1860 2128 1884 2

1231 1892 1287 1928 sed
1298 1893 1408 1937 aliqua
1422 1893 1491 1937 ejus
1503 1893 1658 1938 portione
1668 1892 1839 1928 dumtaxat
1851 1902 2021 1928 truncatus
2032 1916 2040 1925 .
2054 1891 2131 1929 Per·

1230 1942 1349 1978 mansit
1367 1953 1460 1977 verus
1474 1943 1656 1987 Episcopus
1667 1966 1679 1984 ,
1705 1954 1774 1978 non
1791 1953 1915 1978 vanum
1928 1953 1966 1978 ac
1979 1943 2079 1979 inane
2089 1942 2128 1978 fi-

1228 1992 1413 2027 mulacrum
1425 1993 1629 2037 Episcopalis
1650 1991 1797 2029 nominis
1809 2017 1817 2026 .
1846 1992 1937 2027 Nam
1950 1991 2126 2036 postmodo

1227 2041 1412 2086 subscripsit
1433 2043 1662 2086 synodalibus
1681 2041 1722 2077 ad
1749 2043 1902 2077 Sansstum
1914 2042 2126 2079 Caelestinum

1217 2090 1429 2127 Pontificem
1453 2092 1548 2129 Astis
1573 2091 1760 2135 &litteris,
1785 2093 1869 2128 &in
1893 2092 1985 2127 istius
1995 2092 2126 2137 synodi

1222 2140 1371 2176 consessu
1394 2140 1510 2178 habuit
1532 2143 1595 2178 suae
1618 2140 1853 2178 ordinationis
1878 2142 2009 2178 locum.
2037 2144 2126 2193 Qua

1221 2193 1338 2227 omnia
1349 2204 1419 2228 non
1439 2194 1596 2237 potuisset
1609 2193 1703 2228 omni
1719 2193 1905 2238 Episcopali
1918 2192 2125 2236 Jurisdittio-

1221 2253 1263 2276 ne
1284 2253 1404 2277 exutus
1423 2266 1431 2276 .
1472 2244 1514 2277 Ei
1537 2244 1713 2277 dumtaxat
1735 2243 1799 2276 fuit
1823 2243 1989 2277 diminuta
2011 2266 2019 2275 .
2046 2243 2122 2277 Nec

1221 2291 1331 2335 quoad
1353 2292 1496 2326 formam
1515 2293 1549 2326 ἀ
1562 2291 1800 2330 substantiam,
1826 2290 1882 2324 sed
1905 2291 2121 2326 solummodo

1220 2340 1329 2385 quoad
1349 2342 1520 2375 materiam
1547 2341 1670 2375 &loca
1689 2364 1697 2372 .
1724 2338 1882 2375 Omnino
1900 2341 2119 2382 perseveravit

1222 2392 1346 2434 praeesse
1356 2391 1384 2424 F
1387 2389 1595 2425 uffalensibus
1606 2415 1612 2422 .
1629 2386 1815 2436 Quomodo
1826 2388 1906 2423 aliis
1919 2387 2029 2424 fuisset
2040 2390 2121 2425 Fus-

1221 2440 1349 2474 salenfis
1360 2440 1566 2484 Episcopus?
1592 2439 1681 2474 Rem
1701 2448 1874 2482 exponunt
1894 2438 2027 2476 laudata
2048 2440 2119 2476 Au·
2183 2484 2191 2490 .

1221 2489 1347 2535 gustini
1359 2489 1477 2524 verba:
1505 2494 1651 2524 Honorem
1663 2495 1812 2533 integrum
1819 2487 2039 2532 servavimus,
2060 2488 2118 2533 sed

1181 2540 1184 2546 “
1220 2545 1380 2574 minuimus
1387 2539 1560 2583 potestatem
1570 2564 1582 2582 ,
1609 2549 1645 2573 ne
1650 2538 1759 2582 scilicet
1769 2544 1813 2573 eis
1821 2539 1956 2583 praeeffet
1967 2541 2091 2575 ulterius
2105 2563 2118 2581 ,

1220 2601 1284 2625 cum
1295 2589 1450 2634 quibussic
1458 2598 1575 2635 egerat.
1603 2589 1688 2624 Non
1713 2588 1823 2624 omnis
1845 2588 2002 2626 Dioecesis
2025 2600 2116 2634 pote-

1221 2641 1293 2676 stati
1304 2641 1373 2685 ejus
1387 2640 1451 2674 fuit
1461 2639 1621 2675 subtradh
1634 2663 1646 2681 ,
1672 2639 1726 2674 sed
1748 2639 1807 2674 ista
1818 2639 2052 2675 tantummodo
2065 2640 2116 2675 lo-

1220 2703 1258 2726 ca
1270 2715 1280 2731 ,
1297 2692 1332 2725 in
1344 2703 1414 2735 quae
1426 2690 1629 2734 Tyrannum
1640 2699 1752 2734 egerat
1762 2713 1772 2723 .
1798 2689 1891 2725 Loca
1903 2690 2025 2735 reliqua
2037 2691 2115 2726 sunt

1221 2742 1271 2776 illi
1282 2742 1409 2776 dimissa
1428 2750 1524 2785 atque
1545 2739 1718 2784 permiffa,
1745 2739 1853 2775 &isto
1875 2739 1977 2775 modo
1994 2741 2114 2776 mansit

1220 2793 1255 2826 in
1268 2792 1323 2825 sua
1338 2790 1502 2826 Cathedra
1517 2815 1529 2831 ,
1553 2791 1589 2826 ὅ(
1603 2802 1672 2825 non
1696 2790 1760 2825 fuit
1775 2790 1947 2825 translatus
1959 2815 1966 2822 .
1996 2790 2113 2825 Priora

1218 2842 1293 2877 loca
1305 2841 1425 2886 poffint
1452 2839 1579 2876 rediisse
1601 2840 1642 2876 ad
1653 2851 1765 2876 curam
1785 2840 1894 2876 Sancti
1906 2839 2110 2885 Augustini,

1216 2903 1254 2927 ac
1276 2892 1364 2936 apud
1389 2891 1518 2936 ipsum,
1544 2892 1578 2927 &
1599 2891 1669 2936 eJus
1690 2889 1909 2924 Success'orem
1928 2889 2085 2925 Eradium
2099 2915 2113 2931 ,

1216 2943 1327 2987 quoad
1337 2941 1511 2977 Antonius
1524 2943 1608 2976 vixit
1619 2965 1631 2982 ,
1641 2939 1842 2984 permansisse
1855 2963 1863 2972 .
1891 2939 2027 2975 Etenim
2041 2941 2114 2976 Cae-

1216 2993 1372 3034 lestinus,
1400 2993 1478 3028 licet
1505 2990 1670 3026 Bonifacii
1694 3000 1753 3033 pro
1770 2988 1928 3025 Antonio
1942 2991 2111 3034 Judicium

1216 3055 1285 3078 non
1297 3042 1551 3079 circumduxerit
1562 3066 1573 3082 ,
1599 3051 1708 3074 tamen
1723 3049 1855 3084 propter
1875 3040 1983 3075 Sancti
1994 3041 2113 3086 Augu-

1215 3094 1291 3129 stini
1303 3094 1445 3129 rationes
1456 3093 1490 3127 δε
1501 3101 1611 3135 preces
1623 3102 1691 3124 non
1706 3089 1792 3124 misit
1807 3090 1842 3124 in
1853 3092 2085 3126 executionem
2094 3115 2109 3132 ‚

1214 3155 1311 3188 atque
1332 3145 1377 3178 ita
1400 3140 1575 3186 synodalis
1598 3138 1821 3175 Numidarum
1849 3138 2046 3176 Antistitum
2069 3140 2107 3175 in

1215 3194 1312 3229 istum
1322 3193 1483 3229 sententia
1495 3190 1632 3234 perstitit
1642 3191 1833 3226 inconcuffa
1845 3190 1882 3225 in
1893 3192 1952 3226 suo
1964 3191 2079 3226 robore
2094 3211 2102 3221 -

1217 3245 1261 3280 Et
1274 3252 1471 3279 memoratus
1484 3239 1657 3285 Presbyter
1669 3241 1765 3285 poffit
1778 3240 1874 3277 fuisse
1882 3253 1926 3278 ex
1936 3237 2104 3277 subtractis

1218 3294 1373 3330 Antonio
1388 3292 1488 3328 locis.

1262 3343 1368 3379 Aliud
1382 3343 1634 3379 fundamentum
1646 3367 1657 3385 ,
1685 3354 1729 3378 ex
1749 3354 1820 3388 quo
1839 3338 2104 3381 istePresbyter,

1213 3395 1447 3441 cujuscumque
1464 3393 1530 3429 loci
1545 3394 1642 3429 fuerit
1652 3416 1664 3438 ‚
1688 3392 1797 3430 adbuc
1808 3394 1957 3439 spectaret
1968 3389 2105 3474 adgan-

2043 3451 2055 3474 ι
