2326 3718
815 144 1500 197 DEDJCATORIA.
1965 157 1984 200 5

242 237 298 270 bus
308 231 462 276 fratribus
482 232 527 266 ad
544 235 753 274 Imperatorem
775 227 1023 271 Constantinopoli
1039 226 1160 270 J'crtpsi.
1185 225 1378 260 Facundum
1397 225 1520 267 semper
1544 221 1717 265 aestimavi,
1744 226 1778 261 ἅς
1795 225 1842 261 fui
1857 235 2047 260 veneratus.

240 274 293 318 Ex
310 283 422 318 animo
441 279 535 317 dolui
559 291 686 317 tantum
698 279 817 313 Virum
840 289 896 322 pro
919 279 1031 322 iniqua
1057 279 1090 315 ὁ(
1103 277 1220 311 frivola
1232 277 1326 311 causa
1340 273 1525 319 expendisse
1545 284 1691 317 tempuS,
1719 274 1752 307 δε
1771 277 1856 317 quasi
1877 287 1935 320 pro
1956 274 2052 309 schis-

239 344 328 368 mate
352 332 529 378 gloriosam
550 333 668 367 famam
688 329 869 364 decoxisse.
898 328 999 363 Hinc
1014 338 1056 362 ex
1081 329 1151 372 ipso
1173 327 1296 363 deduxi
1320 324 1507 369 exemplum
1523 338 1533 358 :
1560 326 1593 358 Si
1619 336 1677 367 pro
1700 324 1765 356 suis
1787 325 1971 360 infelicibus
1993 326 2054 360 Ca-

240 384 353 428 pitulis
374 383 548 418 Facundus
569 406 580 422 ,
606 393 675 415 non
700 380 806 414 solum
828 380 894 414 fine
914 378 1049 415 sanitate
1075 379 1109 413 δε
1130 377 1220 412 libris
1246 401 1257 418 ‚
1294 375 1346 410 sed
1372 375 1406 408 &
1430 375 1496 408 fine
1517 374 1638 408 Divini
1666 373 1801 406 luminis
1823 374 1962 409 subsidio
1984 385 2054 409 tan-

239 446 313 470 tum
336 433 467 478 valuit„
485 443 550 478 qur·
564 442 622 476 pro
642 431 765 466 Divina
789 428 984 473 Apostolicae
1006 427 1096 464 Sedis
1114 429 1208 471 causa
1231 426 1435 475 tantumdem
1458 425 1531 469 quis
1555 436 1625 459 non
1653 423 1770 458 audeat
1794 448 1806 466 ,
1832 424 1939 457 Sancti
1962 425 2052 460 Petri

239 485 367 519 meritis
392 482 556 518 &coelesti
579 480 673 516 radio
689 479 859 515 ducendus
881 475 1042 517 omnino,
1069 490 1165 523 atque
1188 476 1418 520 adjuvandus?
1445 474 1477 509 A
1501 475 1622 518 Spiritu
1647 474 1766 508 Sansto
1787 498 1798 515 ,
1823 484 1922 516 quem
1947 478 2055 510 vestrae.

240 534 444 571 Beatitudini
465 533 570 576 adesse
591 532 697 566 cuncti
720 531 865 565 videmus
887 527 1066 562 manifestis
1092 529 1222 564 indiciis
1242 552 1253 568 ‚
1284 526 1465 571 praesumpsi
1482 525 1599 561 ,omnia
1625 523 1708 561 mihi
1730 524 1931 569 suggerenda
1947 549 1963 564 .,

290 583 491 619 διηὲὶίίῖίωι
504 584 604 617 vestra
616 593 712 625 opera
724 582 786 616 alte
797 581 938 616 clamant
951 577 993 613 ad
1004 589 1138 612 omnem
1151 576 1328 612 Ecelefiam
1341 589 1348 609 :
1376 579 1506 619 spiritus
1519 579 1577 609 Dei
1589 575 1626 615 est
1637 574 1683 608 hic
1692 601 1699 607 .
1731 574 1864 608 Etenim
1890 573 1968 618 quid
1984 563 2075 607 sanss

240 633 322 671 &ius
332 633 389 669 siah
400 632 498 668 Coelo
508 658 519 674 ,
544 631 633 675 quod
645 624 800 674 Romano
811 629 975 663 Pontis-icc
987 628 1090 672 magis
1099 627 1240 672 dignum
1252 622 1354 672 opus,
1379 627 1477 672 quam
1492 625 1720 672 Apostolicam
1739 624 1989 673 sanstimoniam
2013 634 2059 656 re-

239 694 358 719 vocare
367 683 402 717 in
417 683 552 717 Clerum
564 706 575 722 ,
600 692 697 726 atque
709 683 752 715 ita
763 691 838 715 cum
850 681 881 714 S.
895 679 1020 722 Ioanne
1032 678 1177 722 Baptista
1188 678 1287 712 corda
1299 678 1434 711 Parrum
1447 677 1597 711 reducere
1618 677 1653 710 in
1666 676 1754 710 filios
1767 674 1783 706 ?
1794 672 1797 673 ⁷
1810 673 1923 708 Exstat
1935 672 2057 718 Magni

238 733 428 769 cardinalis
439 732 559 776 Juliani
572 731 723 768 Caesarini
736 755 751 771 ,
772 729 879 767 adhuc
893 728 1224 775 legitimoBasileensi
1238 728 1395 762 Concilio
1406 727 1600 767 praefidentis
1613 750 1624 767 ,
1647 727 1688 760 ad
1703 725 1894 772 Eugenium
1906 735 2058 766 quartum

237 783 442 819 Pontificem
453 782 634 829 graviffima
645 780 779 824 epistola
791 804 802 819 ,
814 791 878 821 qua
892 775 1133 824 nervose-docet
1144 777 1364 816 neceffitatem
1375 766 1466 813 istius
1478 777 1583 821 operis
1596 801 1603 815 ,
1620 787 1681 822 nec
1694 776 1791 820 aliam
1807 773 2059 819 superesse'viam

239 845 299 869 aut
309 835 397 879 spem
409 859 420 875 ,
445 845 508 877 qua
529 829 800 871 in‘Christia'num
819 829 984 873 Populum
1010 831 1088 863 tunc
1109 825 1326 863 restitueretur
1350 825 1533 862 be'nedic'tio
1544 827 1675 860 Divinae
1686 825 1895 859 Clementiae.
1921 826 2061 873 Quantae

239 885 343 929 plagae
352 895 392 918 ex
407 884 493 927 lapsa
518 882 552 915 ὃ(
563 881 709 924 neglesta
723 880 812 914 Cleri
825 880 1007 922 Disciplina
1019 880 1053 913 in
1069 879 1245 913 Ecclesiam
1259 879 1403 918 irruant,
1429 879 1463 912 ὅ(
1475 877 1566 912 vario
1578 887 1726 920 tempore
1739 877 1892 910 irruerint
1905 901 1915 916 ‚
1945 875 2059 908 malim

239 935 309 979 legi
319 933 355 967 in
367 931 508 975 Regesto
519 930 626 963 saneti
637 929 789 974 Gregorii
805 929 930 972 septimi
943 928 1116 963 Pontificis
1128 954 1139 969 ‚
1165 930 1199 964 ὅ(
1212 928 1446 972 Ιῐςῑετίς;,8;ιηᾶ“ι
1460 928 1645 967 Cardinalis
1659 927 1749 960 Petri
1761 926 1916 961 Damiani
1932 950 1942 966 ,
1963 926 2062 967 quam

237 980 376 1016 scrihere
386 1004 394 1013 .
421 978 547 1017 Abista
559 978 768 1014 Praelatorum
779 979 1000 1014 somnolentia
1012 979 1189 1022 Ecclesiam
1201 979 1288 1021 quasi
1303 978 1338 1010 in
1351 977 1540 1011 afflictionis
1548 977 1718 1021 sepulchro
1728 976 1885 1011 concludi
1905 974 2063 1009 constan-

237 1040 290 1066 ter
299 1030 405 1066 asserit
417 1030 475 1064 ille
486 1029 665 1074 Gregorius
675 1055 682 1061 .
709 1029 772 1064 Per
783 1029 876 1064 istam
890 1040 1017 1074 portam
1029 1029 1180 1065 Saraceni
1197 1054 1208 1070 ,
1226 1028 1333 1062 Turci
1345 1051 1357 1068 ,
1367 1026 1572 1060 Nortmauni
1583 1051 1594 1066 ,
1607 1023 1748 1062 'Barbari
1761 1033 1876 1061 omnes
1886 1048 1896 1064 ‚
1914 1024 2064 1062 Huffitae,

237 1079 423 1116 Lutherani
434 1104 446 1121 ‚
471 1079 605 1123 aliaeque
625 1077 764 1114 humani
788 1081 917 1125 generis
927 1081 1119 1124 pestilentias
1129 1080 1331 1114 intraverunt
1351 1078 1386 1111 in
1401 1074 1565 1110 mundum
1576 1099 1584 1106 .
1611 1075 1707 1123 Quin
1726 1071 1767 1111 ’δε
1780 1076 1970 1111 Gentilium
1982 1075 2065 1108 olim

236 1130 489 1169 Persecutiones
500 1131 627 1164 intrasse
638 1142 693 1174 per
703 1129 796 1164 istam
808 1140 934 1175 portam
946 1131 1081 1165 testatur
1091 1129 1252 1176 gloriosus
1264 1128 1394 1169 Martyr
1406 1124 1595 1169 Cyprianus
1608 1124 1642 1157 in
1656 1124 1813 1158 Sermone
1824 1125 1863 1159 de
1875 1126 1967 1168 lapsis
1980 1151 1985 1157 .
2016 1124 2066 1157 ln-

238 1175 398 1217 clioatum
408 1179 427 1214 a
437 1181 539 1216 vestra
551 1179 717 1217 sanstitate
727 1191 811 1225 opus
819 1206 830 1223 ‚
842 1181 938 1226 quam
950 1181 985 1214 fit
996 1191 1167 1225 acceptum
1181 1179 1314 1214 Divinae
1323 1176 1500 1220 Maii-stati,
1513 1175 1596 1209 olim
1611 1173 1646 1206 in
1659 1173 1846 1211 Germaniae
1857 1173 2073 1207 Monasteriis

238 1231 506 1266 demonstrarunt
527 1231 717 1265 Sanstorum
741 1231 921 1275 Reliquiae:
949 1231 987 1265 In
1012 1231 1192 1266 restauratae
1215 1228 1406 1272 Disciplinae
1418 1224 1571 1260 Ecclefiis
1591 1234 1757 1267 coeperunt
1776 1224 1862 1258 intra
1875 1223 1947 1258 suas
1958 1222 2068 1256 thecas

239 1281 404 1320 exultare,
433 1282 467 1316 &
477 1280 701 1325 frequentibus
728 1282 895 1316 comscare
917 1281 1082 1315 miraculis
1094 1306 1101 1312 .
1123 1281 1172 1315 lta
1185 1279 1343 1316 habemus
1365 1278 1399 1311 in
1414 1276 1585 1310 Chronico
1600 1274 1813 1319 Augustensis
1829 1273 1976 1308 Ecclefiae
1989 1297 1997 1304 .
2024 1273 2071 1305 Et

237 1331 329 1367 hanc
338 1331 402 1366 effe
411 1331 574 1375 propriam
586 1331 786 1375 Apostolicae
813 1331 906 1366 Sedis
917 1332 1122 1366 functionem
1136 1355 1148 1371 ,
1174 1330 1255 1364 licet
1279 1340 1330 1363 res
1354 1328 1422 1372 ipsa
1436 1327 1573 1366 clamet,
1602 1324 1775 1372 insiguiter
1798 1334 1909 1359 tamen
1927 1323 2070 1366 obque-0

238 1381 394 1417 rumdam
412 1392 529 1416 contra
551 1380 763 1416 BenediRum
784 1381 1022 1417 duodecimum
1046 1380 1247 1416 Pontificem
1270 1378 1430 1423 obloquia
1443 1402 1454 1418 ‚
1481 1376 1743 1412 demonstrarunt
1766 1373 1932 1420 Magnum
1961 1372 2069 1417 Belgii

238 1430 435 1467 Chronicon
446 1456 458 1472 ‚
485 1432 521 1467 δε
532 1432 700 1467 Henricus
708 1430 901 1478 Monachus
919 1431 1172 1466 Rebdoiffiensis
1182 1457 1190 1463 .

290 1482 493 1518 Sanctiffima
503 1481 605 1517 vestra
616 1482 828 1518 Providentia
838 1481 931 1524 juxta
939 1481 1060 1517 S.Petri
1069 1480 1226 1518 Damiani
1238 1480 1410 1515 confilium
1419 1477 1587 1514 reuiffime
1596 1477 1772 1514 exordium
1783 1475 1874 1512 ducit
1885 1476 1903 1511 :¹1
1920 1476 2069 1518 supremo

240 1531 346 1565 elem
355 1533 520 1564 Romwae
531 1531 680 1562 Ecclesiae
691 1552 698 1558 ·
726 1528 856 1569 Nempe
868 1528 1006 1568 Spiritus
1016 1532 1049 1559 S·
1074 1531 1133 1560 Te
1142 1530 1239 1565 docet
1251 1530 1446 1567 Christianae
1470 1530 1702 1565 Sanetimoniae
1722 1538 1932 1574 unguentum
1954 1524 2071 1559 debere

237 1578 339 1612 randi
348 1579 385 1605 ³¹¹
396 1584 496 1614 eaput
506 1576 635 1610 Aaron,
645 1575 736 1614 ‘1⁰⁰³
748 1574 826 1605 inde
836 1585 892 1614 per
901 1573 1035 1606 barbam
1045 1575 1174 1610 diffluat
1185 1580 1284 1621 usque
1295 1579 1336 1611 ad
1347 1590 1420 1611 oras
1429 1580 1533 1612 totius
1544 1579 1741 1614 vestimenti.
1771 1579 1815 1612 Et
1828 1577 1915 1612 certe
1931 1578 1959 1610 A
1964 1574 2073 1619 posto-

237 1623 299 1658 lici
307 1620 505 1662 patrimonii
517 1631 588 1655 non
614 1621 696 1654 tedia
708 1619 906 1664 dispensatio
917 1630 1078 1663 quantum
1091 1626 1250 1663 percutiat
1272 1627 1414 1654 &eladae
1425 1626 1570 1656 infirmas
1582 1627 1735 1665 simplicis
1745 1628 1822 1658 fidei
1833 1625 2046 1658 conscientias
2061 1646 2072 1661 ,

239 1673 341 1710 docet
350 1680 509 1716 concepta
520 1670 555 1705 in
567 1669 806 1714 Symmachum
818 1670 1016 1705 Pontificem
1043 1670 1202 1713 suspicio.
1230 1668 1309 1703 Erat
1321 1667 1490 1704 temeraria
1514 1668 1549 1702 <Sc
1559 1668 1656 1702 falsa.
1685 1665 1921 1704 Nihilominus
1941 1673 2071 1706 tanturn

239 1723 348 1759 valuit
359 1747 371 1764 ‚
384 1732 420 1757 ut
431 1722 585 1757 Romana
595 1720 686 1765 plebs
698 1720 804 1765 ipsum
818 1721 968 1764 lapidarit
981 1745 989 1753 .
1016 1720 1118 1768 Qod
1134 1721 1240 1764 quisq3
1253 1720 1437 1763 Episcopus
1450 1718 1597 1752 Ecclefiae
1609 1718 1670 1752 suae
1681 1717 1891 1753 substantiam
1903 1743 1914 1759 ,
1938 1730 2004 1752 non
2022 1731 2075 1762 per

241 1774 332 1819 filios
344 1782 401 1808 aut
410 1772 559 1819 Nepotes
571 1797 582 1813 ,
592 1769 645 1805 sed
658 1781 712 1815 pet
723 1770 936 1815 Presbyteros
946 1781 1001 1805 aut
1015 1770 1191 1806 Diaconos
1203 1769 1429 1805 administsare
1441 1768 1554 1804 debeat
1563 1793 1574 1811 ,
1603 1769 1637 1803 &
1649 1769 1739 1813 quod
1751 1769 1823 1812 ipsis
1834 1795 1844 1810 ,
1871 1768 1929 1804 nifi
1941 1770 2073 1813 forsitan

241 1822 459 1868 Pauperibus,
467 1832 504 1856 ut
515 1822 624 1857 minus
634 1831 767 1867 egeant,
779 1821 863 1855 nihil
874 1821 969 1866 possit
979 1820 1120 1866 elargiri,
1132 1821 1177 1855 est
1190 1820 1363 1854 altisiimus
1378 1820 1504 1869 clamor
1514 1821 1688 1865 Sacrorum
1696 1818 1875 1854 Canonum
1889 1845 1896 1852 .
1924 1819 1997 1854 Nec
2009 1820 2074 1854 sine

242 1873 491 1921 gravivindifflt
501 1871 652 1907 dantium
665 1882 763 1916 atque
775 1872 1019 1916 accipientium.
1033 1882 1035 1884 ·
1048 1871 1241 1916 Episcopos,
1255 1872 1311 1915 qui
1323 1869 1512 1919 Nepotibus
1525 1871 1728 1916 Dignitates,
1741 1871 1813 1905 licet
1828 1883 1895 1904 non
1908 1881 1948 1904 ex
1961 1870 2073 1905 Eccle-

242 1926 294 1959 fiae
305 1922 517 1960 facultatibus
527 1947 538 1963 ,
557 1922 611 1957 sed
621 1922 639 1955 a
654 1922 817 1966 Principis
826 1923 929 1967 gratia
943 1921 1105 1956 ambirent
1119 1946 1130 1962 ,
1156 1920 1338 1966 graviffinie
1350 1920 1494 1964 culpavit
1505 1921 1534 1954 S.
1543 1921 1729 1966 Gregorius
1742 1919 1972 1955 Nazianzenus
1985 1946 1992 1952 .
2021 1921 2076 1954 Ex

243 1974 365 2011 eodem
374 1985 474 2020 opere
480 1971 711 2017 Theophilum
722 1972 932 2007 Alexandriae
942 1971 1164 2007 patriarcham
1177 1970 1261 2007 male
1272 1971 1358 2016 apud
1370 1981 1486 2005 omnes
1498 1972 1613 2006 oluiffe
1624 1972 1763 2005 affirmat
1779 1971 1917 2006 Palladii
1929 1970 2076 2004 Heleno·

243 2025 388 2071 politani
401 2024 560 2069 Episcopi
570 2022 734 2069 Dialogus
745 2034 820 2057 cum
832 2022 1019 2057 Theodoro
1031 2022 1189 2057 Diacono
1200 2024 1360 2057 Romanae
1372 2022 1530 2056 Ecclesiae.
1552 2020 1644 2069 Qid
1656 2023 1687 2057 S.
1700 2021 1822 2066 Cyrilli
1836 2023 1871 2057 N
1873 2020 2024 2066 epotibus
2034 2031 2077 2055 ex

244 2075 309 2111 isto
320 2077 413 2111 fonte
427 2074 609 2109 manaverit
621 2099 632 2115 ‚
642 2072 818 2108 ostendunt
833 2073 915 2107 Aeta
927 2072 1202 2111 Chalcedonensis
1217 2072 1374 2107 Concilii.
1402 2073 1537 2108 Crimen
1551 2071 1635 2106 istud
1649 2071 1732 2107 adeo
1744 2074 1904 2107 aversatus
1916 2072 1960 2106 est
1973 2071 2076 2114 Impe-

245 2135 335 2160 rator
345 2125 547 2169 justinianus
559 2148 570 2164 ‚
595 2134 632 2157 ut
643 2135 701 2158 eos
711 2124 768 2167 qui
782 2123 928 2167 Nepotes
939 2120 1095 2157 haberent
1107 2133 1162 2157 aut
1175 2122 1262 2157 filios
1272 2148 1283 2165 ‚
1311 2123 1352 2158 ad
1364 2122 1598 2168 Episcopatutn
1623 2121 2003 2169 reddiderit‘inidoneos,
2032 2121 2075 2169 Et

245 2175 323 2209 istas
333 2174 416 2209 olim
427 2174 515 2219 leges
525 2172 607 2208 adeo
620 2182 769 2208 venerata
781 2174 825 2208 est
841 2174 995 2209 Romana
1008 2173 1151 2209 Ecclesia
1160 2197 1172 2215 ,
1193 2183 1230 2207 ut
1244 2183 1372 2216 propter
1396 2174 1477 2216 ipsas
1488 2173 1639 2219 Pelagius
1649 2174 1673 2207 1.
1700 2172 1859 2208 Pontifex
1872 2167 2077 2217 Syracusanae

244 2225 399 2261 Ecclefiae
412 2224 562 2259 Electum
573 2249 584 2266 ‚
595 2225 686 2268 quod
698 2223 784 2258 filios
794 2222 927 2258 haberet
934 2223 1130 2267 superstites,
1143 2235 1204 2259 nec
1215 2223 1255 2257 ad
1271 2222 1413 2268 Cethegi
1422 2222 1554 2262 Patritii
1568 2233 1674 2266 preces
1684 2224 1782 2257 fuerit
1792 2226 1888 2258 ausus
1898 2223 2076 2256 confirma-

245 2287 281 2311 re
292 2300 301 2308 .
327 2275 373 2310 Et
384 2274 460 2310 sane
472 2275 572 2310 vestra
585 2274 743 2323 Sandisitas
755 2273 936 2317 novit'plen
943 2285 994 2308 am
1007 2273 1378 2308 Sacrorumcanonum'
1396 2273 1578 2308 custodiam
1604 2272 1646 2307 ad
1659 2273 1784 2307 nullam
1806 2273 1924 2308 atstius
1937 2272 2076 2315 specstare

245 2325 363 2366 Sedent
371 2350 383 2368 ,
395 2325 493 2370 quam
505 2323 546 2359 ad
558 2325 710 2371 primam-
734 2320 1013 2371 Novitillospsse
1023 2324 1145 2371 Spiritu
1156 2323 1222 2360 Dei
1235 2323 1388 2359 conditos
1397 2349 1409 2365 ,
1434 2323 1575 2368 ideoque
1588 2324 1686 2358 etiam
1699 2322 1899 2367 Apostolicae
1911 2322 2003 2357 Sedis
2011 2322 2074 2357 Re-

246 2377 393 2411 verentia
404 2374 663 2421 consecrandos<
737 2378 740 2382 ⁴
900 2383 905 2393 ³
987 2380 991 2385 ’
1006 2380 1013 2393 ·-
1178 2390 1187 2395 -

297 2426 373 2472 Qa
384 2427 420 2459 in
431 2437 465 2460 re
476 2426 643 2460 aemulatur
656 2426 846 2471 Eugenium
859 2425 914 2459 111.
928 2425 1050 2469 Pipam
1062 2449 1073 2465 ‚
1099 2425 1156 2471 qui
1169 2425 1336 2470 Nepotem
1350 2426 1443 2460 suum
1455 2425 1651 2460 Gratianum
1663 2426 1824 2467 Romana:
1835 2426 1982 2460 Ecclesiae
2003 2423 2073 2458 sub-

246 2475 440 2511 Diaconum
454 2476 581 2517 ‚virum
595 2476 689 2510 omni
701 2477 862 2511 virtutum
873 2471 1042 2519 splendore
1051 2470 1209 2510 illustrem
1222 2500 1233 2515 ‚
1246 2487 1417 2518 nunquam
1430 2476 1547 2515 voluit,
1559 2476 1610 2512 vel
1620 2476 1654 2509 in
1663 2476 1858 2510 Diaconum
1873 2478 1964 2517 suum
1978 2473 2074 2518 subli-

245 2536 335 2561 mare
346 2550 355 2558 .
383 2523 493 2559 Unde
503 2525 602 2566 utriq·‚
615 2535 705 2559 tanta
717 2526 818 2559 crevit
829 2525 1022 2566 authoritas,
1034 2537 1070 2560 ut
1080 2529 1178 2560 etiam
1191 2524 1262 2569 post
1277 2524 1453 2558 Pontificis
1465 2536 1605 2558 mortem
1618 2526 1785 2558 Henricus
1797 2527 1835 2559 11.
1855 2526 1986 2570 Angliae
2000 2526 2073 2567 Rex

244 2577 282 2610 in
296 2575 362 2610 suis
374 2584 489 2610 contra
504 2574 758 2609 Ecclefiasticam
772 2574 952 2610 libertatem
964 2576 1147 2616 insultibus,
1161 2576 1267 2620 magis
1279 2573 1422 2608 timuerit
1434 2574 1531 2608 istum
1543 2575 1676 2615 unicum
1687 2574 1963 2622 sub-Diaconum,
1973 2575 2072 2619 quam

245 2636 361 2661 ornnes
375 2625 581 2659 Eminentiss.
596 2626 639 2658 D.
654 2625 846 2659 Cardinales
856 2649 864 2657 .
893 2625 946 2659 Ex
958 2626 1071 2659 eadem
1082 2626 1190 2660 radice
1203 2625 1374 2660 Sanstitati
1388 2624 1494 2658 vestrae
1509 2625 1593 2669 apud
1606 2620 1721 2658 omnes
1737 2619 1830 2667 liujus
1846 2620 2073 2668 Mundi'pote-

245 2676 343 2710 states
355 2687 423 2708 non
439 2676 548 2709 minor
561 2675 606 2708 est
618 2675 818 2715 authoritas,
842 2675 939 2719 quam
952 2676 988 2708 B.
999 2675 1062 2709 Pio
1074 2676 1117 2710 V.
1134 2675 1291 2712 Pontifici
1309 2673 1539 2709 ,Elisabetham
1553 2673 1687 2719 Angliae
1700 2675 1865 2719 Reginam
1887 2686 2073 2710 excommu-

246 2724 373 2760 nicanti
384 2726 479 2759 fuisse
492 2723 600 2759 scribit
613 2726 648 2759 in
662 2724 842 2770 Anglicani
856 2724 1035 2760 schismatis
1045 2725 1176 2759 historia
1186 2724 1272 2759 Ven.
1285 2725 1445 2759 Nicolaus
1456 2726 1630 2760 Sanderus.
1658 2723 1758 2770 Qd
1770 2729 1802 2770 J
1805 2727 1933 2758 udicium
1962 2726 2073 2759 Haere-

246 2777 334 2811 ticos
345 2780 378 2809 in
384 2780 496 2818 primis
507 2775 584 2809 mal&
594 2775 702 2808 babuit
711 2801 722 2816 ‚
734 2777 816 2818 quod
824 2786 881 2809 non
891 2775 931 2810 ab
942 2777 1000 2809 alto
1013 2775 1153 2818 Pontifice
1159 2774 1383 2820 profec‘lumfit‚
1394 2778 1486 2818 qucim
1499 2775 1538 2808 ab
1550 2787 1590 2815 eo,
1602 2781 1652 2816 qui
1661 2781 1791 2812 omnium
1803 2775 1939 2808 bonorum
1951 2776 2071 2809 calculis

241 2824 435 2872 sanc‘lifflmus
450 2850 461 2866 ‚
484 2827 519 2860 Θ
530 2850 541 2865 ,
562 2825 687 2869 ipsorum
700 2825 929 2874 Prqtpstqntdum
939 2832 1073 2878 oglng'enq
1080 2836 1090 2867 ς
1100 2831 1134 2882 ἔνι’
1145 2831 1275 2870 optimi!
1281 2828 1439 2871 multorum
1446 2824 1621 2869 saculorume
1632 2829 1674 2863 Ro
1695 2825 1821 2867 tificibus
1837 2821 2019 2864 habebaturjt.

298 2875 466 2919 Ceterum,
477 2877 533 2920 qui
544 2876 695 2911 Vestram
703 2873 911 2921 SanZii'tatem
924 2887 994 2929 tam
1002 2874 1198 2922 gloriosis&
1211 2876 1392 2911 necessariis
1401 2877 1481 2911 citra
1493 2874 1635 2921 quietem
1645 2872 1675 2910 la
1702 2875 1810 2910 oribus
1820 2871 1907 2910 videt
1918 2870 2072 2915 distendi,

246 2925 420 2970 quomodo
433 2926 527 2970 possit
541 2927 647 2960 feriari
660 2928 672 2960 ?
700 2927 780 2961 Haec
793 2928 883 2961 enim
898 2929 973 2962 sunt
981 2935 1082 2971 'opera
1094 2952 1106 2969 ,
1126 2938 1198 2972 quae
1207 2927 1350 2961 omnino
1362 2929 1579 2970 consequetur
1589 2937 1729 2972 magnus
1741 2926 1926 2969 illesi-ustus
1935 2950 1943 2964 ‚
1959 2926 2068 2970 ‚Quem

249 2975 406 3011 similibus
418 2976 459 3010 ab
470 2975 683 3011 Antecessore
697 2977 800 3011 vestro
811 2977 937 3020 Ioanne
948 2975 991 3012 11?
1000 2977 1169 3022 postulatis
1180 2989 1216 3011 ac
1230 2973 1375 3020 praestitis
1384 2977 1538 3022 operibus
1548 2976 1696 3020 promisit
1709 2975 1895 3019 Imperator
1913 2976 2070 3019 'Justinisr-

251 3034 312 3059 nus
323 3040 333 3060 .·
347 3028 421 3060 Plus
432 3032 478 3059 ita
488 3027 521 3060 (Ὗ
531 3033 608 3061 clrca
619 3039 675 3061 vos
689 3034 818 3060 omnium
828 3041 922 3068 amor,
934 3030 968 3070 ὰ
978 3028 1180 3070 vestzae'Sedts
1192 3026 1298 3073 cresi-‘n
1307 3027 1488 3073 euthoritasf
1512 3028 1605 3073 Hinc
1618 3028 1650 3060 ὅ(
1661 3026 1669 3058 i
1674 3027 1728 3070 pse
1740 3024 2053 3077 apprehendi-insitu
2061 3044 2070 3051 -

251 3085 360 3109 menta
369 3076 521 3111 litteraria
533 3102 543 3118 ‚
556 3077 590 3111 ὅ(
601 3089 661 3122 pro
673 3078 864 3121 Apostolica
876 3072 1032 3113 sedaifeei
1042 3071 1134 3119 ‚⁹n'on
1145 3068 1523 3122 qudddebuiiiie‘zolui
1533 3101 1544 3117 ‚
1556 3078 1606 3111 set!
1621 3067 1717 3120 qub'd
1727 3071 1818 3122 Βοΐύῑ
1833 3071 1850 3110 ἶ
1868 3080 1906 3110 Ut
1917 3075 2016 3118 defini
2024 3083 2068 3109 m·-

250 3134 299 3156 ’Ἠ
309 3146 322 3162 9
347 3132 443 3160 tamen
454 3127 491 3167 est
504 3129 662 3161 laudanda
673 3129 815 3161 voluntas
829 3155 835 3161 .
863 3130 963 3163 Hanc
977 3129 1066 3172 spero
1079 3130 1273 3172 placituram
1288 3128 1528 3173 Benignissimae
1540 3129 1569 3162 S.
1584 3127 1627 3161 V.
1640 3149 1652 3166 ‚
1676 3137 1775 3171 quam
1787 3124 1826 3160 ad
1850 3128 1910 3161 suae
1923 3126 2067 3161 Ecclesiae

249 3171 537 3214 solatiumDivina
549 3178 735 3213 Clementia
747 3178 900 3223 dignetur
915 3180 948 3212 in
965 3180 1068 3213 multa
1083 3190 1227 3222 tempora
1239 3178 1400 3213 custodire
1413 3203 1419 3209 .

248 3228 249 3231 ’
353 3221 476 3257 Dabam
485 3225 596 3270 Roinae,
605 3230 651 3261 ad
665 3231 709 3261 D.r
719 3228 881 3273 Augustini,
892 3235 925 3263 ln
939 3229 1021 3270 Festo
1030 3231 1078 3263 55.
1094 3229 1285 3272 Apostolorum
1299 3232 1428 3267 Petr1·‚ac
1442 3230 1527 3261 Pauli
1535 3252 1545 3268 ,
1564 3227 1664 3273 1679.

929 3280 1130 3319 §anninus
1146 3280 1268 3313 Vestrae

1026 3325 1028 3327 ¹
1151 3329 1477 3365 MinimusFamulus

1222 3392 1260 3414 ac
1271 3379 1374 3414 Filius
1386 3404 1397 3419 ‚

1252 3435 1308 3464 Fr.
1334 3433 1605 3464 CHRlsTlANUS
1632 3434 1769 3467 LUPU5.

350 3474 461 3516 christ.
473 3478 553 3520 Lupi
562 3482 662 3520 opera
674 3482 707 3510 T.
722 3483 804 3513 Vm.
1609 3484 1639 3516 Α
1695 3492 1713 3530 3
1936 3479 2023 3515 N01

2092 2754 2175 2786 Libro
2187 2765 2212 2790 3.
