2326 3718
92 400 177 441 Epist.
186 412 230 438 77.

879 122 918 167 S.
992 118 1482 168 Ptavtrtm.

311 205 649 253 *Apollinaristarum,
674 217 817 250 quorum
827 204 946 240 author
968 206 1002 241 in
1021 203 1159 239 exordio

270 269 338 294 non
360 258 424 291 fuit
445 257 647 301 Episcopus,
674 257 908 301 Episcoporum
938 256 1100 302 originem
1121 268 1158 290 ac

270 307 437 344 traducem
458 309 595 351 exponit
618 309 653 342 in
678 307 796 342 litteris
816 307 858 341 ad
879 307 1037 342 illustrem
1052 306 1156 344 virum

266 357 466 401 Olympium
478 358 612 393 Sanetus
624 358 805 403 Gregorius
817 358 1063 394 Nazianzenus:
1086 358 1147 398 Pre

266 418 313 442 ter
322 407 384 440 alia
391 414 492 441 omnia
502 412 534 442 eo
545 416 637 442 etiam
650 410 784 441 audaciae
794 416 994 450 proruperunt
1014 409 1086 440 mali
1108 405 1154 439 bo-

265 463 361 493 mines
372 482 384 498 ‚
408 467 445 492 ut
457 458 618 501 Episcopor
628 464 720 493 eiiam
744 458 889 501 quosdam
901 483 912 499 ‚
938 458 1044 500 quibus
1062 459 1156 500 digni-

265 517 314 542 tas
334 508 561 552 abUniversali
574 510 815 545 orientalium&
827 509 1058 544 occidentalium
1081 513 1156 541 Con-

263 559 328 593 cilio
338 558 481 602 abrogata
491 559 617 600 fuerat,
642 558 839 602 accersentes,
868 566 922 592 aut
932 556 1156 601 transeuntibus

262 609 439 649 abutentes,
462 611 582 642 cuidam
607 614 698 651 impio
719 608 763 653 sui
778 616 878 653 gregis
901 607 1039 652 Episcopi
1052 619 1156 643 nomen

262 657 454 702 imposuerint
469 682 476 690 .
510 659 562 693 De
587 659 767 694 damnante
794 662 880 703 ipsos
898 658 1044 693 Damaso
1066 659 1154 692 idem

264 708 446 753 Gregorius
465 709 623 743 scribitin
648 710 787 744 secunda
815 709 951 753 epistola
974 708 1015 743 ad
1035 708 1155 743 Cledo-

262 759 355 799 nium
367 781 377 798 ‚
405 757 636 802 Presbyterum
648 759 826 794 Iconienfis
840 759 1005 795 Ecclefiae:
1034 763 1087 793 Ne
1105 769 1154 791 au-

261 816 322 841 tem
334 819 385 840 nos
396 806 446 841 boc
457 814 574 844 nomine
583 808 670 853 accus
665 818 714 843 ent
725 834 737 853 ‚
761 811 839 853 quod
861 812 972 845 Vitalis
983 835 996 851 ,
1021 814 1083 844 viri
1108 821 1156 843 no·

261 857 310 891 bis
321 856 476 899 cbartffimi
487 883 498 899 ,
519 860 613 902 fidem
628 885 639 901 ‚
664 872 756 904 quam
767 866 812 895 ita
814 860 982 903 postulante
996 858 1129 902 Damaso
1141 883 1152 900 ‚

261 911 365 941 Romae
377 907 521 951 Episcopo
532 933 544 951 ‚
570 912 681 944 litteris
696 909 894 954 consignatam
916 911 1015 945 edidit
1026 934 1038 953 ,
1059 914 1151 953 prius

260 959 384 1001 quidem
402 959 627 1000 probaverimus
640 984 650 1000 ,
675 972 752 993 nunc
771 963 844 994 vero
867 961 1057 1002 repudiemus
1078 981 1090 998 ,
1115 960 1152 994 de

261 1007 318 1040 bac
328 1019 439 1050 quoque
449 1021 481 1042 re
487 1017 588 1050 pauca
599 1011 736 1052 differam
750 1033 756 1040 .
786 1010 999 1045 Demonstrat
1023 1002 1152 1052 Apolli·
1194 1029 1196 1031 —

259 1058 397 1090 narisias
416 1059 510 1092 fuiffe
535 1059 725 1097 versutosiu
739 1058 839 1092 ovina
849 1059 923 1093 lana
947 1060 1068 1103 lupos,
1094 1059 1151 1103 qui

258 1104 475 1140 ambidextris
496 1107 539 1140 uli
557 1108 693 1142 vocibus
715 1106 804 1145 aliud
825 1109 910 1152 apud
940 1110 1037 1151 suos,
1062 1107 1152 1145 aliud

257 1155 346 1198 apud
357 1155 741 1202 nostrosintelligerent,
766 1159 801 1192 δε
825 1159 1046 1202 prosequitur:
1073 1162 1151 1204 ,Quo

256 1212 345 1240 niam
354 1211 445 1250 igitur
457 1208 568 1240 eaedem
579 1219 663 1243 voces
676 1232 687 1249 ,
707 1207 819 1252 fi-rec‘le
827 1210 1036 1253 intelligantur
1050 1233 1062 1250 ,
1087 1221 1152 1245 cum

253 1261 371 1300 pietate
390 1257 552 1298 conjundiae
570 1256 641 1301 sunt
664 1282 676 1299 ,
694 1257 724 1299 fi
751 1266 912 1301 perperam
939 1268 1154 1302 exponantur,

259 1311 416 1349 impietate
439 1318 495 1340 non
519 1318 643 1349 carent,
670 1310 747 1350 quid
754 1315 862 1342 mirum
865 1309 897 1351 fi
911 1310 1020 1344 Vitalis
1043 1321 1155 1354 quoque

259 1357 358 1391 verba
368 1369 420 1390 nos
429 1358 551 1399 quidem
564 1382 574 1399 ,
603 1365 648 1394 ita
655 1357 804 1400 suadente
818 1360 974 1396 voluntate
986 1384 997 1401 ‚
1023 1366 1056 1395 in
1064 1366 1153 1403 pium

255 1405 378 1450 sensum
398 1413 583 1450 accepimus,
611 1410 664 1442 alii
676 1417 777 1447 autem
785 1411 831 1444 ad
841 1421 939 1444 eorum
951 1422 1019 1453 quae
1033 1409 1153 1454 scripta

254 1453 329 1501 sunt
349 1468 478 1492 mentem
488 1457 708 1502 exasperantur
733 1457 1034 1501 &inflammantu'r3
1060 1462 1156 1505 ,Quod

260 1512 354 1542 etiam
371 1513 404 1541 in
415 1507 503 1552 causa
508 1509 599 1552 fuiffe
609 1521 673 1543 reor
684 1534 694 1551 ,
720 1521 770 1546 cur
783 1509 845 1554 ipse
855 1523 967 1554 quoque
978 1510 1130 1555 Damafits
1141 1538 1153 1554 ,

256 1564 325 1592 cum
340 1558 440 1601 postea
449 1559 560 1593 rellius
577 1559 681 1605 fuiffet
692 1561 807 1595 edotius
817 1585 828 1603 ,
849 1561 992 1604 fimulque
1013 1568 1046 1596 in
1053 1561 1152 1606 prmi-

256 1613 311 1642 uis
323 1620 372 1643 eos
382 1609 606 1652 expeditionibus
616 1610 747 1653 perstare
758 1611 893 1654 audiisset
906 1636 917 1651 ,
942 1624 990 1647 eos
1001 1612 1039 1645 ab
1051 1613 1151 1647 Eccle-

253 1654 306 1698 fiae
317 1663 406 1692 coetu
415 1661 586 1700 abdicarit,
608 1660 739 1704 fideique
748 1661 877 1697 libellum
899 1674 965 1698 cum
975 1661 1153 1697 anathema-

255 1705 346 1751 aeismo
356 1710 502 1745 deleverit
514 1722 521 1742 :
549 1713 625 1744 Tum
635 1717 727 1747 etiam
735 1714 816 1755 quod
819 1712 964 1754 fraudem
976 1738 986 1753 ,
1014 1718 1046 1745 in
1057 1724 1151 1756 quam

253 1765 313 1801 per
325 1757 545 1802 simplicitatem
567 1763 713 1796 inciderat
725 1787 735 1803 ,
758 1763 927 1810 permoleste
939 1762 1039 1805 ferret
1057 1787 1064 1795 .
1092 1764 1152 1797 Ea-

257 1807 336 1843 dem
361 1810 402 1844 de
413 1822 446 1844 re
461 1810 569 1846 scribit
585 1813 650 1856 ipse
661 1812 821 1848 Damasus
841 1813 880 1848 ad
894 1813 1072 1849 Paulinum
1085 1811 1154 1846 An-

256 1857 392 1894 tiochiae
403 1859 626 1896 Patriarcham
640 1888 651 1903 ,
678 1864 983 1898 communicantem
999 1863 1153 1907 Romane

257 1907 430 1943 Ecclefiae:
458 1913 517 1944 Per
534 1910 632 1952 filium
644 1924 738 1945 meum
760 1915 889 1946 Vitalem
901 1916 946 1944 ad
953 1923 983 1946 te
999 1911 1154 1956 Rescripta

256 1957 429 1993 direxeram
439 1985 450 2003 ,
477 1970 537 1993 tuae
549 1961 746 1996 voluntati&
758 1970 807 1994 tuo
812 1963 926 2001 judicio
950 1966 1049 1994 omnia
1064 1962 1153 1995 dere-

261 2007 399 2050 linquens
420 2033 431 2048 ,
459 2012 493 2043 Co·
515 2018 571 2051 pet
593 2014 767 2043 Petronium
791 2012 995 2049 Presbyterum
1021 2012 1153 2044 brevIter

258 2059 469 2091 indicaveram
487 2070 533 2092 me
559 2063 591 2091 in
604 2062 727 2092 articulo
730 2062 800 2098 jam
809 2060 1002 2100 profellionis
1017 2061 1083 2099 ejus
1098 2060 1153 2091 ali-

259 2117 322 2150 qua
340 2119 379 2141 ex
396 2116 489 2150 parte
502 2118 693 2142 commotum.
720 2111 803 2142 Unde
816 2120 851 2143 ne
867 2117 921 2142 aut
933 2109 988 2142 tibi
993 2107 1153 2152 scrupulus

258 2156 416 2199 resideret,
445 2160 479 2192 (5
502 2160 633 2193 volentes
648 2160 778 2201 fhrfitan
800 2158 935 2200 Ecclefiae
947 2159 1076 2200 copulari
1100 2168 1154 2192 tua

257 2212 356 2241 cautio
372 2207 533 2249 probanda
557 2208 682 2250 diferret
702 2232 711 2248 ,
733 2209 828 2251 fidem
850 2209 978 2249 nostram
1002 2208 1130 2250 misimus
1143 2235 1153 2250 ‚

257 2264 318 2290 mn
338 2264 402 2289 tam
424 2257 481 2290 tibi
494 2281 505 2297 ‚
531 2264 583 2299 qui
605 2259 691 2291 nobis
706 2258 778 2299 fidei
802 2265 996 2292 communione
1006 2258 1129 2301 sociaris
1142 2281 1152 2298 ,

258 2308 352 2348 quam
364 2305 412 2339 his
426 2330 437 2346 ,
462 2312 558 2349 quiin
570 2319 605 2342 ea
609 2306 825 2351 subscribentes
841 2308 896 2341 tibi
907 2333 919 2350 ,
943 2310 980 2342 id
988 2309 1025 2347 est
1036 2332 1047 2350 ,
1069 2309 1154 2343 nobis

256 2362 353 2398 perte
362 2357 512 2389 voluerint
528 2355 653 2399 ficiari.

309 2404 460 2444 vitalis,
485 2406 565 2440 licet
582 2408 600 2441 a
624 2408 715 2442 nulla
740 2409 913 2443 damnatus
925 2410 1082 2453 Synodo,
1109 2419 1154 2444 ta·

258 2466 337 2490 men
360 2455 378 2488 a
391 2456 504 2490 multis
526 2455 709 2492 defamatus
730 2459 764 2492 ἀ
778 2460 945 2493 accusatus
970 2460 1011 2494 de
1024 2459 1151 2499 haerefi,

260 2506 391 2541 acceffit
402 2506 601 2548 Damasum,
631 2508 664 2542 ἀ
676 2509 751 2543 suos
766 2507 979 2544 Adversarius
998 2520 1154 2552 provoca-

260 2556 310 2591 vit
334 2556 375 2591 ad
389 2555 770 2601 TribunalApostolicae
781 2559 892 2594 Sedis.
921 2559 1055 2594 Obtulit
1078 2559 1153 2593 fidei

260 2606 410 2641 libellum
422 2632 432 2648 ,
459 2609 566 2650 ipsum
580 2609 698 2643 Romae
707 2609 754 2643 est
771 2610 960 2645 solemniter
973 2611 1129 2653 professus
1141 2634 1152 2651 ‚

259 2656 294 2691 ἃ,
309 2658 504 2701 supplicavit
527 2658 714 2694 abinfamia
739 2660 845 2700 solvi,
871 2673 909 2695 ac
931 2660 965 2694 in
980 2661 1155 2704 Episcopa-

257 2715 296 2741 tu
317 2708 351 2742 &
364 2707 517 2742 Romana
540 2709 791 2745 Communione
806 2710 962 2745 stabiliri.
989 2710 1154 2754 Supplica-

259 2759 308 2793 vit
321 2770 390 2792 non
403 2760 538 2802 quidem
560 2759 686 2794 absolvi
711 2760 753 2795 ab
765 2762 879 2805 aliquo
892 2760 1053 2804 synodali
1065 2760 1151 2805 Judi·

259 2807 336 2849 cio,
363 2810 418 2843 sed
441 2809 613 2843 adversum
638 2810 752 2850 illam,
779 2823 848 2854 quae
869 2810 1057 2852 metuebat,
1082 2811 1154 2845 Ro-

257 2869 360 2892 mana
378 2858 578 2894 authoritate
601 2861 740 2894 muniri.
769 2862 857 2895 Eum
879 2862 1060 2907 Gregorius
1086 2862 1152 2895 Na-

261 2906 438 2942 zianzenus
449 2910 590 2953 appellat
602 2910 721 2945 Virum
745 2911 800 2945 fibi
813 2913 896 2945 olim
907 2911 1124 2946 chariffimum
1140 2936 1150 2951 ‚

261 2967 362 3001 quem
386 2958 450 2993 fide
472 2959 642 2994 crediderit
654 2960 893 2996 Orthodoxum
907 2986 918 3002 ,
944 2961 1085 3005 ideoque
1096 2962 1152 2995 de-

256 3007 458 3050 diffespoffit
481 3009 595 3043 Rornae
617 3010 808 3046 invocandae
828 3012 1019 3046 confilium.
1050 3012 1149 3046 Forsi-

261 3066 320 3091 tan
343 3057 669 3095 &commendatitias
693 3073 731 3096 ac
754 3061 987 3097 testimoniales
1009 3061 1148 3096 litteras.

262 3106 334 3143 Uti
353 3107 580 3150 Apollinarius
603 3108 817 3145 Athanasium
831 3136 842 3152 ,
869 3113 915 3146 ita
927 3112 1050 3147 Vitalis
1060 3110 1149 3146 dece-

262 3157 313 3201 pit
323 3157 543 3202 Gregorium‚
568 3159 857 3206 &circumscripsit
882 3163 917 3196 in
941 3161 998 3196 ista
1020 3161 1076 3195 fibi
1096 3162 1149 3195 ad-

262 3207 382 3250 jutoria
396 3232 402 3240 .
430 3208 524 3241 Hinc
536 3209 698 3243 Damasus
707 3210 835 3247 admisit
848 3214 977 3247 causam
990 3236 1001 3252 ,
1028 3211 1149 3255 &judi-

261 3258 349 3292 cavit
363 3257 422 3291 tria
434 3282 441 3289 .
468 3256 582 3291 Primo
595 3282 606 3298 ,
624 3258 772 3294 Vitalem
785 3261 1001 3298 Antiocheno
1016 3261 1147 3305 Episco-

261 3317 339 3352 patu
353 3308 445 3341 exuit
460 3332 470 3347 ,
496 3316 552 3342 aut
577 3309 649 3342 sane
672 3309 806 3344 induxit
827 3312 868 3346 ad
890 3312 1123 3356 deponendum
1141 3336 1146 3342 .

264 3357 399 3392 Etenim
421 3368 489 3391 erat
505 3358 647 3392 Paulino
668 3360 702 3393 ἀ
715 3359 857 3396 Meletio
879 3363 1145 3405 superordinatus

263 3408 376 3444 tertius
385 3432 397 3452 ,
426 3407 567 3454 ideoque
578 3409 732 3455 Episcopi
744 3411 836 3446 fucus
849 3436 863 3452 ,
886 3423 955 3448 non
968 3423 1061 3447 verus
1075 3412 1146 3456 Epi·

1942 140 2034 184 335

1217 204 1333 246 scopus
1350 229 1357 236 .
1384 202 1479 237 Hinc
1499 205 1603 247 ipsum
1628 206 1786 246 Pontifex
1803 207 1946 254 appellat
1954 209 2077 246 Filium
2090 237 2101 253 ,

1219 265 1287 287 non
1300 255 1443 288 Fratrem
1456 278 1464 286 .
1491 254 1664 299 Secundo,
1686 258 1757 304 ejus
1775 259 1926 305 libellum
1946 257 2103 303 judicavit

1217 302 1456 345 Catholicum,
1487 303 1630 348 ideoque
1650 308 1756 350 ipsum
1780 309 1922 346 absolvit
1941 309 1984 345 ab
2008 311 2103 345 omni

1217 353 1353 391 infamia
1365 379 1372 388 .
1401 354 1557 396 Tertio,
1567 355 1675 400 ipsum
1684 366 1793 394 tamen
1806 358 1989 396 Catholicae
2001 360 2103 396 Com·

1217 405 1369 439 munioni
1391 406 1499 440 noluit
1525 406 1680 446 reddere,
1705 407 1760 442 sed
1779 409 1944 455 delegavit
1965 410 2105 446 Patriar-

1215 454 1282 489 chae
1302 454 1467 495 Paulino,
1494 454 1561 497 ejus
1584 456 1747 492 voluntati
1770 468 1808 492 ac
1825 459 1954 501 :judicio
1974 463 2104 504 permit·

1216 515 1287 539 tens
1300 506 1431 539 omnia.
1460 505 1517 542 Ob
1534 506 1614 542 duas
1625 506 1918 555 praesertimicausas
1929 535 1948 545 ..
1964 511 2080 546 Primo
2091 534 2113 550 ‚,

1216 555 1305 598 quod
1319 554 1585 591 Paulinusisthic
1599 559 1735 601 praesens
1754 558 1870 592 omnia
1897 558 2018 595 vitalis
2031 563 2104 598 nos-

1215 606 1259 639 set
1279 606 1422 650 penitius
1444 631 1456 647 ,
1494 606 1636 652 ideoque
1661 610 1739 643 effer
1760 607 1781 645 ὲ
1805 609 2105 653 circumscriptione

1217 658 1358 691 securior
1377 682 1386 690 .
1413 656 1586 697 secundo,
1611 658 1705 701 quod
1724 669 1806 695 cum·
1823 657 1889 695 suis
1905 659 2113 705 Sequaeibus*

1217 705 1364 742 Vitalem
1378 706 1529 743 nolletin
1542 708 1676 746 Meletii
1688 733 1700 751 ‚
1725 707 1780 746 sed
1801 709 1837 746 iu
1860 708 1961 746 solius
1971 709 2117 747 Paulini„

1215 757 1489 794 communionem
1513 755 1675 803 adjungi,
1702 757 1846 803 idedque
1862 770 1918 804 per
1937 758 2027 796 hunc
2050 770 2107 793 vo·

1215 805 1277 840 luit
1289 805 1421 843 admitti
1443 808 1477 842 ἀ
1490 808 1717 844 reconciliari.
1744 809 1789 845 Et
1800 808 1868 844 haec
1888 809 2007 844 omnia.
2021 820 2105 853 pere÷

1215 858 1264 901 git
1291 858 1378 891 solus
1405 858 1569 893 Damasus
1591 883 1599 892 .
1629 858 1673 892 Et
1696 860 1811 893 contra
1840 858 1925 893 istud
1945 858 2104 902 judicium

1217 918 1315 941 nemo
1337 908 1485 953 unquam
1506 909 1637 945 Graecus
1658 908 1790 956 excepit
1811 908 1857 944 ob
1873 908 2031 944 defectum
2046 920 2117 949 aua.

1216 955 1404 993 thoritatis.

1262 1006 1400 1042 Interim
1412 1008 1574 1047 Damasus
1597 1009 1661 1046 fuit
1673 1008 1939 1054 circumscriptus
1985 1008 2105 1054 Neque

1215 1055 1352 1093 mirum.
1381 1058 1516 1093 Etenim
1540 1070 1593 1103 per
1606 1057 1758 1095 Vitalem
1783 1059 1917 1095 oblatus
1928 1059 2005 1095 fidei
2019 1060 2118 1095 libel-

1215 1104 1266 1140 lus
1289 1107 1325 1141 in
1347 1109 1480 1152 proprio
1495 1109 1669 1147 verborum
1689 1110 1787 1145 sensu
1800 1119 1868 1146 etat
1881 1109 1975 1155 plene
1986 1110 2120 1148 Ort-hor.

1214 1154 1341 1191 doxus.
1369 1156 1469 1192 Adeo
1481 1158 1702 1194 Orthodoxus
1714 1184 1727 1201 ‚
1750 1159 1904 1205 utipsum
1915 1184 1926 1200 ,
1937 1160 2016 1200 licet
2028 1171 2122 1198 tunc

1216 1205 1311 1250 plene
1322 1205 1486 1243 detectum
1498 1231 1510 1249 ,
1536 1208 1671 1243 Sanetus
1682 1208 1830 1253 Cyrillus
1843 1210 1878 1244 in
1891 1211 1977 1245 libro
1996 1210 2036 1245 ad
2048 1211 2111 1245 Re-

1217 1256 1313 1302 ginas
1335 1255 1511 1293 adduxerit
1534 1258 1620 1292 inter
1639 1255 1828 1292 authentica
1850 1260 2034 1294 sanctorum
2053 1259 2122 1294 Pa-'

1217 1316 1302 1341 trum
1313 1305 1498 1342 testimonia
1509 1305 1728 1349 ‚destruentia
1740 1307 1954 1343 Nestorianas
1969 1307 2115 1352 blasphe-

1216 1357 1316 1391 mias.
1345 1355 1388 1393 Ei
1399 1355 1489 1391 dedit
1515 1355 1606 1393 hunc
1629 1356 1791 1391 titulum.-
1819 1358 1930 1392 Vitalis
1946 1357 2090 1402 Episcopi
2102 1383 2114 1399 ,

1215 1418 1254 1443 ex
1259 1405 1393 1450 sermone
1404 1408 1442 1441 de
1448 1405 1509 1450 fide
1521 1431 1528 1439 .
1548 1406 1680 1450 Cyrillo
1690 1406 1846 1443 debemus
1855 1408 1976 1452 gratias
1991 1433 2001 1449 ‚
2023 1409 2113 1452 quod

1218 1457 1368 1492 libellum
1392 1456 1489 1493 nobis
1510 1456 1738 1492 custodiverit.
1770 1458 1820 1492 Ex
1846 1458 1916 1501 ipso
1938 1458 2118 1493 Nestorius—-

1219 1507 1351 1552 sumpfit
1371 1506 1540 1543 materiam
1574 1508 1608 1544 ὃ(
1627 1508 1740 1544 ansam
1757 1508 1949 1543 calumniae.
1978 1508 2112 1543 Etenim

1218 1569 1300 1593 mox
1325 1557 1398 1604 post
1424 1557 1692 1604 degradationem
1709 1559 1827 1599 suam,
1849 1558 1957 1593 adhuc
1972 1559 2112 1593 existens

1220 1607 1335 1653 Epheli
1364 1633 1376 1650 ,
1403 1609 1444 1643 ad
1472 1608 1572 1654 Regii
1601 1607 1756 1643 Cubiculi
1784 1608 1972 1645 Praefesium
2002 1609 2116 1643 Eunu-

1217 1658 1319 1694 chum
1335 1659 1456 1703 scripsit
1477 1660 1640 1704 prolixam
1655 1659 1896 1703 querimon-iam
1911 1683 1921 1699 ‚
1948 1659 2114 1702 Cyrillum

1218 1710 1370 1744 accusans
1390 1709 1481 1752 quod
1508 1709 1549 1743 ad
1574 1709 1802 1744 confirmanda
1826 1710 1880 1743 sua
1891 1708 2048 1753 dogmata
2062 1710 2117 1743 ad-

1217 1758 1351 1794 duxerit
1374 1759 1485 1795 Basilii
1509 1759 1703 1804 Ancyram,
1732 1759 1854 1793 Ariani
1872 1758 2118 1794 hoministesli·

1218 1810 1331 1844 monia
1344 1834 1355 1850 ,
1382 1809 1540 1852 tanquam
1556 1809 1653 1845 verba
1675 1810 1795 1854 Magni
1812 1809 1918 1843 Basilii
1930 1834 1940 1849 ,
1968 1811 2001 1844 ἀ
2015 1809 2115 1843 Vita-

1219 1860 1258 1894 lis
1275 1859 1429 1895 Haeretici
1444 1860 1568 1904 Scripta
1591 1872 1650 1905 pro
1667 1859 1772 1895 verbis
1793 1857 1959 1894 Catholici
1972 1859 2114 1896 Vitalis:

1219 1909 1351 1943 Abusus
1364 1911 1532 1952 aequivoca
1549 1911 1764 1944 similitudine
1778 1911 1972 1944 nominum.
2004 1910 2115 1944 Exstat

1217 1957 1352 2001 epistola
1378 1959 1413 1992 in
1441 1957 1617 1992 Caffinenfi
1641 1959 1768 1993 Codice
1792 1984 1799 1991 .
1827 1959 1933 1994 Porro
1953 1960 2114 1993 Damasus

1220 2019 1288 2040 non
1314 2007 1377 2040 fuit
1399 2008 1655 2051 circumscriptus
1676 2019 1715 2042 ex
1728 2008 1880 2053 integro.
1910 2009 2043 2044 Etenim
2057 2010 2115 2043 sub

1218 2055 1324 2097 ipsum
1338 2055 1461 2090 Vitalis
1473 2067 1514 2090 ex
1530 2056 1608 2089 urbe
1620 2057 1812 2102 Regreffum
1824 2061 1976 2102 concepit
1990 2061 2116 2102 scrupu-

1218 2104 1289 2139 los:
1317 2106 1361 2139 Et
1374 2115 1505 2150 propter
1519 2107 1604 2150 ipsos
1629 2108 1734 2143 voluit
1755 2105 1796 2141 ab
1806 2107 1875 2150 ejus
1890 2110 1921 2140 in
1937 2109 2112 2143 Ecclesiam

1218 2154 1367 2189 redituris
1379 2156 1579 2200 Sequacibus
1590 2156 1679 2202 exigi
1693 2167 1761 2191 non
1778 2156 1876 2191 solius
1890 2157 1931 2192 ab
1944 2159 2012 2202 ipso
2025 2159 2114 2193 obla-

1218 2205 1242 2240 ti
1261 2204 1364 2240 libelli
1375 2207 1604 2249 profeffionem
1619 2232 1629 2247 ‚
1657 2207 1708 2242 sed
1725 2207 1866 2242 aliorum
1885 2208 2017 2252 insuper
2039 2211 2112 2243 arri-

1218 2256 1392 2297 culomm,
1420 2266 1502 2301 quos
1527 2255 1628 2291 habes
1650 2257 1685 2291 in
1710 2257 1851 2293 laudatis
1871 2258 1911 2294 ad
1932 2258 2109 2294 Paulinum

1218 2305 1334 2340 litteris
1351 2331 1358 2337 .
1386 2308 1487 2340 Fraus
1501 2307 1657 2350 paulatim
1672 2309 1703 2342 se
1716 2307 1811 2351 plene
1823 2309 1947 2352 aperuit
1960 2334 1967 2341 .

1270 2355 1314 2390 Et
1327 2364 1408 2390 tunc
1423 2356 1584 2392 Damasus
1594 2357 1737 2401 explevit
1747 2358 1837 2402 quod
1848 2358 1913 2401 jam
1925 2359 2110 2394 audivimus

1220 2405 1237 2439 a
1253 2405 1469 2441 Nazianzeno
1491 2406 1657 2450 Gregorio
1670 2432 1681 2447 ,
1708 2407 1842 2451 &quod
1864 2407 1932 2451 ipse
1952 2408 2110 2444 Pontifex

1219 2455 1330 2490 scribit
1348 2454 1389 2489 ad
1404 2456 1592 2490 Orientales
1606 2456 1786 2500 Episcopos
1799 2470 1809 2490 .·
1836 2459 1942 2490 Sciatis
1954 2460 2046 2491 velim
2059 2472 2111 2492 nos

1217 2504 1404 2539 Timotheum
1429 2505 1513 2539 illum
1537 2504 1726 2549 prophanum
1737 2507 2110 2552 ApollinariiDiseipulum

1218 2567 1284 2589 cum
1310 2561 1400 2598 impio
1416 2554 1471 2599 suo
1493 2556 1630 2601 dogmate
1644 2558 1716 2598 jam
1733 2557 1854 2598 pridem
1875 2557 2037 2601 abdicaffie.
2064 2560 2110 2595 Et

1217 2604 1336 2640 exinde
1347 2615 1527 2641 contentus
1542 2616 1609 2640 non
1622 2605 1811 2642 fuitdoloso
1827 2606 1949 2642 Vitalis
1970 2608 2084 2644 libello
2095 2634 2108 2651 ‚

1218 2668 1278 2691 nec
1304 2656 1396 2692 factis
1419 2656 1460 2691 ad
1482 2657 1589 2700 ipsum
1608 2655 1839 2692 additamentis
1853 2682 1864 2699 ‚
1893 2658 1947 2693 sed
1969 2659 2109 2704 lingula-

1216 2718 1285 2742 rem
1308 2731 1320 2748 ,
1346 2707 1380 2741 in
1404 2718 1468 2751 qua
1490 2717 1607 2741 omnes
1625 2707 1659 2741 δε
1673 2706 1792 2752 finguli
1819 2708 1962 2752 ipsorum
1986 2720 2108 2745 errores

1216 2758 1472 2798 damnarentur,
1499 2757 1730 2802 profeffionem
1753 2759 1821 2802 ipse
1837 2758 2022 2803 composuit
2036 2785 2047 2800 ,
2072 2761 2108 2795 dc

1218 2808 1362 2843 Paulino
1386 2807 1562 2842 transmisit
1581 2831 1594 2848 ,
1617 2806 1779 2843 mandans
1800 2808 1867 2844 fine
1889 2808 1957 2853 ipsa
1977 2810 2106 2847 nullum

1215 2858 1369 2902 deinceps
1382 2856 1511 2893 admitti
1538 2858 1573 2893 in
1587 2857 1759 2894 Ecclefiam
1771 2883 1779 2892 .
1806 2858 1956 2894 Similem
1973 2871 2014 2894 ex
2037 2860 2106 2904 ejus

1215 2908 1357 2952 Imperio
1376 2907 1525 2943 libellum
1546 2908 1690 2943 confecit
1712 2909 1814 2944 etiam
1835 2909 1971 2944 sanctus
1985 2909 2107 2946 Hiero·

1215 2969 1357 3002 nymus.
1385 2957 1442 2992 An
1453 2959 1491 2993 fit
1512 2958 1569 2994 ille
1581 2959 1668 3004 ipse,
1695 2958 1738 2993 est
1751 2959 1884 3005 quaestio
1902 2960 2036 2995 alterius
2058 2961 2106 2996 lo-

1215 3010 1262 3043 ci.
1284 3006 1460 3055 Qidquid
1471 3009 1507 3042 lit
1519 3032 1531 3049 ‚
1556 3009 1598 3044 de
1622 3008 1683 3044 hac
1707 3020 1740 3043 re
1752 3008 1865 3044 scribit
1880 3010 2035 3055 antiquus
2047 3010 2105 3054 Sy·

1214 3059 1377 3093 nodotum
1391 3060 1593 3104 Catalogus:
1617 3062 1728 3094 Petrus
1741 3059 1954 3096 Alexandriae
1962 3062 2104 3095 Patriar-

1213 3109 1290 3149 cba,
1317 3108 1436 3152 eiestus
1460 3108 1503 3144 ab
1513 3110 1667 3149 Arianis,
1693 3113 1823 3144 Romam
1844 3111 2008 3146 contendit.
2037 3114 2104 3144 Eo-

1214 3171 1267 3203 que
1289 3167 1402 3201 recepto
1427 3157 1580 3203 Damasus
1607 3163 1699 3202 Rome
1727 3163 1885 3195 Divinam*
1903 3162 1939 3195 Θ
1960 3160 2102 3196 sannam

1214 3211 1353 3250 synodum
1372 3215 1547 3244 convocavit
1559 3234 1571 3251 ,
1597 3221 1653 3253 que
1675 3218 1826 3246 amentem
1848 3211 1933 3246 ilium
1952 3210 2105 3253 Apollina-

1213 3267 1290 3295 rium
1305 3283 1316 3299 ,
1340 3258 1583 3303 stephanumque
1606 3262 1672 3302 ejus
1699 3259 1885 3305 Discipulum
1898 3284 1910 3300 ,
1937 3261 1972 3294 ὁ·
1996 3263 2101 3293 Lam·

1214 3322 1279 3346 nem
1299 3313 1444 3352 Lucium,
1471 3310 1707 3347 Alexandtioae
1728 3311 1819 3347 Sedis
1830 3310 2098 3345 Arianuminva-

1214 3363 1339 3401 sorem,
1365 3359 1559 3395 anathemate
1585 3367 1723 3396 notavit.
1755 3361 1809 3397 Est
1832 3360 1927 3395 tertia
1944 3359 2100 3394 Romana

1213 3411 1342 3446 Damasi
1356 3410 1510 3454 Synodus
1519 3434 1531 3453 ,
1555 3412 1718 3450 cele-brata
1731 3421 1820 3449 anno
1834 3409 2032 3455 sexagefimo
2042 3419 2101 3444 Μ·

2001 3469 2050 3494 no
