2326 3718
89 996 167 1036 ΟΡ·
179 1008 229 1043 39·

694 175 979 225 RoMAle
1016 172 1602 217 APPELLATIONIBUS.

441 327 794 378 CAPUT
863 331 964 383 V„

241 469 460 534 Exponitur
483 465 641 536 potestas
653 462 859 530 sacrarum
885 461 986 536 apud
1008 460 1126 528 Afros

478 535 483 541 ⁴
517 534 817 585 *Ordinationum
833 571 847 587 ,

247 656 374 742 DE
386 657 446 692 hac
457 655 615 701 potestate
640 655 757 698 scripfit
781 654 820 689 ad
831 655 966 690 Petrum
984 660 1023 686 ac
1035 651 1129 699 Joan-

343 719 441 747 nem,
455 700 644 740 'Africanos
668 707 848 749 Episcopos
869 728 881 744 ,
906 704 1039 737 Sanctus
1057 701 1128 735 Leo

246 768 356 793 nonus
364 771 380 794 ,.·
390 755 631 801 carthaginensis
645 753 906 798 Archi-Epiftopus
911 750 989 795 solus
1001 756 1034 784 in
1047 750 1128 793 Afri-

252 819 288 841 ca
298 808 427 843 Polliam
438 807 477 843 ab
490 806 645 848 apostolica
654 807 729 843 Sede
749 805 856 839 babere
863 803 936 846 solet
946 827 955 836 .
978 803 1068 839 Unde*
1092 801 1130 834 ,δ’

247 856 408 900 Epist-opos
429 856 616 899 consecrandi
634 856 802 901 principale
843 855 881 891 ,ά
897 858 1059 899 antiquum
1069 852 1129 894 jus

245 913 374 943 retinete.
403 908 447 941 Et
465 906 625 943 Pontifex
649 905 735 940 istud
758 904 874 948 probat
895 915 937 937 ex
947 903 1042 938 tertia
1053 902 1139 939 Car<

244 956 428 1002 thaginenfi
439 956 575 999 Synodo
586 976 597 995 ,
619 954 663 990 ad
674 965 773 996 quam
791 953 879 987 dixit
891 951 1128 995 Carthaginen-

245 1008 328 1045 fium
340 1006 466 1042 Primas
478 1004 631 1038 Aurelius
642 1017 653 1036 .-
677 1006 717 1038 In
734 1001 796 1035 *bac
805 1000 934 1042 Ecclefia
944 1024 956 1041 ,
979 1002 1130 1042 adquam

247 1058 296 1099 dig
301 1063 373 1087 nata
381 1054 416 1093 est
427 1053 527 1093 vestra
537 1053 690 1088 Sanctitas
699 1058 857 1088 convenire
868 1075 878 1091 ,
903 1050 1008 1087 crebro.
1024 1062 1060 1083 ac
1069 1058 1130 1092 pe·-

247 1107 286 1139 ne
291 1113 346 1146 per
352 1105 435 1139 diem
445 1106 632 1138 Dominicam
653 1103 839 1137 ordinandos
854 1100 997 1136 habemus
1009 1098 1128 1143 Episco-

246 1163 318 1198 pos.
349 1153 394 1187 Et
417 1153 537 1190 iterum
552 1165 559 1186 :
584 1154 752 1190 5ermonem
769 1163 868 1188 meum
883 1153 1036 1187 admittite
1050 1154 1130 1187 Fra·

245 1214 310 1239 tres
320 1229 327 1236 .
354 1206 509 1247 Contingit
522 1213 734 1245 nonnunquam
745 1227 756 1243 ,
782 1201 1005 1244 utpostulentur
1015 1200 1054 1234 ab
1067 1203 1126 1234 Ec·

246 1253 339 1297 clefiis
352 1277 364 1295 ‚
388 1265 455 1296 quae
470 1252 636 1295 Praepofitis
647 1262 732 1296 egent
748 1277 759 1293 ,
768 1254 820 1287 vel
829 1249 968 1294 Episcopi
980 1253 1032 1285 vel
1046 1249 1130 1294 Pres-

248 1305 338 1344 byteri
347 1328 358 1345 ‚
384 1305 418 1338 <⁰5
428 1312 529 1337 tamen
546 1314 656 1336 memor
679 1306 866 1336 statutorum
886 1303 923 1334 id
933 1300 1040 1344 sequor
1054 1324 1075 1342 „
1095 1310 1131 1335 ut

249 1358 424 1389 conveniam
434 1357 497 1395 Epi
496 1352 614 1395 fiopum
627 1355 691 1394 ejus
700 1377 712 1393 ,
736 1362 829 1394 arque
841 1357 868 1385 ei
880 1352 1023 1385 inculcem
1032 1376 1043 1392 ‚
1055 1352 1133 1393 quod

248 1407 316 1446 ejus
334 1405 464 1437 clericus
471 1405 493 1437 ἃ
504 1402 636 1445 qualibet
647 1401 776 1442 Ecclefia
798 1401 957 1445 postuletur
965 1425 974 1434 .
1000 1403 1021 1437 5
1021 1402 1061 1435 ed
1061 1400 1132 1442 for-

247 1456 282 1488 te
292 1459 325 1487 in
334 1452 474 1487 hodierno
497 1464 556 1487 non
567 1451 704 1486 reludiati
721 1451 794 1495 sunt
805 1477 814 1486 ,
842 1455 889 1487 Et
900 1452 1057 1495 nequando
1064 1461 1132 1486 con-

249 1510 352 1548 tingat
362 1511 394 1537 ut
403 1503 584 1539 reluctemur
596 1527 606 1542 ,
630 1501 822 1546 cumfuerint
839 1503 861 1537 ἃ
873 1512 920 1536 me
941 1507 977 1536 in
990 1499 1047 1535 bac
1067 1511 1132 1535 cau·

1903 180 1992 228 165

1183 250 1287 301 Qod
1299 251 1406 295 ipsum
1424 249 1575 284 latiffime
1598 250 1708 288 scribit
1717 251 1752 288 in
1764 253 2013 290 Commentario
2026 254 2069 289 ad

1185 302 1417 345 sexagessmum
1430 301 1608 335 —Canouem
1630 301 1780 338 Africani
1793 304 1950 340 Codicis.
1977 303 2071 339 Addi

1184 351 1303 387 debent
1324 350 1393 386 duo
1406 376 1413 384 .
1437 349 1555 386 Primo
1567 375 1580 392 ,
1605 350 1697 396 'quod
1711 352 1976 399 carthaginensis
1991 354 2073 399 Epi-

1186 404 1300 446 scopus
1313 402 1436 437 alienos
1449 401 1597 436 Clericus
1604 401 1750 445 potuerit
1771 413 1839 437 non
1851 404 2024 440 dumtaxat
2036 405 2073 439 in

1186 454 1274 487 suam
1285 453 1454 487 transferre
1465 450 1644 486 Ecclefiam
1656 475 1666 491 ‚
1690 451 1745 486 sed
1759 451 1886 495 insuper
1908 454 1942 487 in
1952 465 2074 498 quam·

1187 504 1235 537 vis
1246 503 1345 537 aliam
1358 527 1365 534 .
1387 501 1539 537 elericos
1549 502 1609 536 uni
1621 500 1773 538 Ecclefiae
1785 502 1963 545 superfluos
1975 505 2075 538 trans·

1187 554 1268 587 ferre
1299 553 1334 586 in
1357 553 1505 596 quamvis
1526 553 1626 589 aliam
1648 551 1856 597 indigentem
1872 575 1885 585 ,
1919 552 2074 588 Debebat

1179 606 1278 637 enim
1289 603 1451 636 suffulcire
1460 613 1576 638 ornnes
1599 602 1775 638 Ecclesms.
1801 600 1959 642 Deinde,
1984 602 2075 646 quod

1187 662 1314 697 poterat
1333 652 1489 687 omnibus
1509 665 1566 696 per
1589 652 1741 688 Africam
1765 651 1936 697 plebibus,
1954 664 2029 697 quae
2041 651 2077 686 id

1190 704 1367 746 petierant,
1387 703 1545 738 *ordinare
1563 702 1790 747 presbyteros.
1817 702 1939 738 Canon
1957 701 2080 747 princi·

1189 751 1304 796 paliter
1323 752 1427 788 sancit
1443 752 1489 788 >de
1512 752 1727 788 Electionum.
1750 765 1788 788 ac
1810 751 2080 787 Postulationum

1185 802 1496 840 confirmationibus
1504 828 1516 845 ,
1535 815 1580 838 ac
1591 802 1778 838 Elestorum
1789 804 1822 838 &
1835 802 2082 838 postulatorum

1188 852 1458 888 translationibus
1479 866 1492 888 2
1518 852 1564 888 Et
1584 852 1836 898 Carthaginensi
1862 853 2008 897 impertit
2029 853 2082 887 al-

1188 913 1258 937 tam
1269 903 1493 939 anctoritatem
1504 928 1516 938 ‚
1543 903 1693 938 Eandem
1704 914 1816 938 tamen
1826 902 1927 937 etiam
1939 904 2082 938 omnino

1187 951 1338 989 donatio
1348 953 1540 988 eorumdem
1551 953 1831 991 consecrationem
1847 978 1855 985 .
1882 952 2083 998 Presbyteri,

1188 1002 1313 1045 aliique
1331 1003 1457 1038 Clerici
1479 1006 1624 1039 omnino
1641 1013 1814 1048 poterant,
1840 1002 1957 1051 immo*
1973 1003 2008 1037 δί
2028 1003 2084 1036 de·

1192 1051 1314 1086 bebant
1325 1052 1470 1087 ordinari
1484 1053 1503 1087 ὲ
1515 1054 1574 1088 suo
1587 1054 1752 1098 Episcopo
1764 1079 1771 1087 .
1797 1052 1932 1088 Etenim
1950 1052 2085 1087 sanctus

1192 1101 1396 1147 Augustinus
1419 1103 1627 1145 Hipponenfi
1655 1104 1742 1145 plebi
1765 1104 1830 1138 fuit
1849 1103 2023 1139 ordinatus
2043 1101 2088 1136 ab

1190 1151 1260 1197 ejus
1272 1151 1437 1196 Epistopo
1451 1152 1605 1186 Valerio.
1630 1152 1784 1189 <Plurima
1802 1154 1878 1188 sunt
1900 1153 1963 1188 alia
1974 1161 2088 1187 exem-

1192 1202 1246 1248 pla
1259 1226 1267 1234 .
1293 1202 1350 1236 Est
1371 1213 1420 1236 res
1431 1200 1602 1236 manifesta
1614 1226 1621 1234 .
1652 1200 1803 1236 Proinde
1821 1202 2089 1246 Carthaginensis

1194 1251 1273 1287 huie
1285 1252 1374 1293 reLse
1386 1251 1519 1286 miscere
1542 1262 1613 1286 non
1635 1260 1763 1295 poterat
1775 1274 1787 1290 ,
1813 1250 1873 1284 nisi
1889 1251 2065 1294 postulatus
2077 1263 2090 1283 ·.

1195 1302 1409 1338 Consecratio
1417 1310 1487 1336 erat
1497 1301 1694 1337 alternativa
1709 1314 1717 1335 :
1745 1298 1871 1337 verum
1885 1300 2002 1335 elestio
2024 1302 2091 1346 spe-

1192 1352 1301 1387 stabat
1328 1351 1371 1386 ad
1386 1351 1516 1396 plebem
1526 1377 1538 1385 .

1247 1401 1373 1437 Eadem
1396 1403 1460 1436 fuit
1479 1402 1565 1437 ratio
1586 1400 1882 1437 consecrandorum
1907 1400 2092 1445 Episcopo-

1195 1464 1267 1487 tum
1281 1476 1290 1484 .
1318 1452 1460 1487 Videtur
1479 1452 1516 1487 in
1541 1452 1700 1497 eligentis
1715 1452 1864 1487 Ecclefiae
1878 1476 1890 1492 ,
1912 1461 1972 1485 aut
1994 1451 2095 1485 etiam

1196 1504 1231 1538 in
1243 1502 1346 1536 Electi
1360 1503 1454 1538 fuisse
1468 1502 1606 1537 arbitrio
1630 1503 1684 1537 vel
1699 1504 1761 1537 suae
1775 1501 1958 1536 Provinciae
1971 1500 2097 1535 Prima·

248 1552 288 1598 sa
305 1552 465 1596 POstulatt'>
489 1563 576 1597 quem
593 1550 679 1594 scitis
697 1553 860 1588 multarum
886 1549 1077 1592 Ecclefiarum
1099 1552 1133 1587 (τ
1195 1562 1264 1589 tem
1286 1552 1438 1587 accedere
1462 1577 1475 1594 ,
1500 1553 1554 1587 vel
1580 1551 1901 1597 Archi-Episcopum
1925 1549 2100 1596 Carthagi-¹

251 1604 500 1639 ordinandorum
519 1600 637 1645 causam
651 1600 792 1644 sustinere
807 1627 815 1635 .
836 1601 962 1646 justam
985 1600 1023 1641 est
1044 1613 1130 1644 ergo,

244 1661 288 1687 vt
296 1652 453 1695 quemlibet
465 1650 708 1693 Consacerdotum
721 1657 898 1684 conveniam
907 1661 971 1685 cum
989 1651 1105 1684 duobus
1117 1652 1134 1685 ἑ

249 1700 391 1749 consortio
400 1700 511 1742 nostro,
539 1702 591 1735 vel
600 1700 693 1733 tribus
716 1700 834 1739 testibus
850 1725 857 1733 .
883 1703 992 1744 siergo
1011 1702 1134 1734 indevo-

252 1762 305 1786 tus
326 1750 470 1791 exstiterit
491 1774 501 1790 ‚
527 1752 603 1793 quid
620 1749 715 1793 censet
735 1750 882 1783 Charitas
908 1750 1006 1789 vestra
1020 1750 1135 1794 facien-

251 1802 348 1836 dum?
375 1804 440 1846 Ego
460 1807 538 1835 em'm
557 1801 727 1834 cunctarum
746 1800 938 1843 Ecclest‘arum
950 1825 961 1840 ,
987 1801 1136 1845 dignatio·

253 1863 291 1885 ne
313 1854 371 1885 Dei
380 1875 392 1892 ‚
418 1860 452 1884 ut
466 1849 551 1894 scitis
575 1856 702 1886 Fratres
714 1876 725 1891 ,
746 1848 971 1896 sollicitudinem
992 1849 1116 1894 sustineo
1127 1875 1134 1882 .

253 1902 300 1937 Et
313 1899 493 1937 Numidius
505 1901 736 1937 Maxulitanus
757 1902 791 1935 in
805 1900 1033 1936 proconsulari
1057 1898 1134 1934 Pro-

253 1951 364 1987 vincia
377 1951 556 1996 Episcopus
570 1953 711 1996 reposuit
724 1964 732 1984 :
743 1953 862 1994 semper
864 1951 931 1992 fuit
942 1950 1006 1985 baec
1015 1952 1135 1984 licentia

254 2001 319 2037 huic
328 2004 348 2036 5
350 2002 399 2036 edi
410 2026 422 2044 ‚
447 2011 483 2038 ut
498 2003 577 2036 unde
586 2003 694 2041 vellet,
720 2003 758 2035 de
767 2002 925 2043 cujuslibet
938 1998 1135 2043 nominefuis·

249 2050 298 2097 set
308 2061 471 2087 conventus
483 2074 494 2091 ‚
513 2061 571 2097 pro
580 2052 714 2094 defiderio
724 2050 862 2095 cujusque
873 2050 1007 2093 Ecclefiae
1019 2051 1135 2085 ordina·

256 2110 303 2135 ret
325 2100 522 2144 Episcopum.
553 2101 739 2145 Epigonius
762 2102 940 2144 Episcopus
964 2099 1135 2142 adjunxit.-

258 2152 390 2187 Bonitas
393 2148 551 2195 sequestrat
556 2150 773 2195 poffibilitatem
783 2174 791 2182 .
818 2153 922 2185 Minus
940 2154 1018 2183 enim
1027 2148 1138 2192 praesu-

256 2204 318 2234 mis
328 2203 442 2234 Frater
453 2225 461 2233 .
487 2204 533 2235 Et
543 2211 608 2233 cum
616 2209 645 2234 te
653 2200 760 2235 bonum
771 2201 805 2234 6·
815 2202 987 2234 clementem
999 2200 1137 2234 omnibus

257 2250 385 2287 reddis,
408 2249 502 2282 babes
521 2249 664 2284 enimboc
693 2254 727 2283 in
737 2249 880 2289 arbitrio,
902 2248 982 2293 satis
1003 2249 1082 2291 estut
1089 2247 1139 2292 sa-

256 2296 498 2341 tisfiatpersonae
510 2295 730 2341 uniuscujusque
742 2297 883 2340 Episcopi
904 2304 938 2331 in
944 2303 1048 2342 prima
1070 2307 1138 2330 tan·

255 2349 409 2386 summodo
431 2354 630 2382 conventione.
660 2349 693 2381 Si
711 2356 811 2384 autem
830 2348 978 2391 quodlibet
988 2347 1056 2383 huic
1068 2349 1139 2382 Sed}

259 2398 478 2436 vindicandum
490 2396 588 2439 fuerit
593 2396 648 2439 fibi
668 2397 838 2431 arbitratus
849 2421 861 2438 ,
886 2397 988 2440 neceffe
997 2398 1090 2431 habes
1107 2407 1139 2430 tu

261 2458 361 2481 omnes
373 2445 515 2488 Ecclefias
530 2445 697 2489 suffulcire.
724 2448 810 2481 Unde
830 2447 886 2480 tibi
903 2447 1139 2488 nonpoeestatem

258 2499 366 2531 damus
374 2521 385 2538 ,
394 2495 452 2540 sed
460 2505 544 2529 tuam
553 2497 725 2540 affignamus
737 2521 749 2537 ‚
773 2505 807 2530 ut
816 2497 905 2530 liceat
916 2498 1067 2530 voluntati
1079 2507 1139 2530 tuae

258 2544 373 2592 semper
394 2547 428 2583 (θ’
439 2555 538 2581 tenere
548 2557 634 2588 quem
645 2548 726 2581 voles
735 2570 747 2587 ,
775 2554 811 2580 ut
824 2544 994 2588 Praepofitos
1000 2547 1139 2589 plebibus

257 2599 313 2631 vel
322 2594 457 2638 Ecclefiis
467 2595 624 2637 constituas
635 2621 646 2639 ,
667 2602 716 2643 qui
722 2595 1003 2640 postulatifuerint:
1029 2600 1077 2632 Et
1086 2608 1138 2631 un·

256 2648 297 2685 de
305 2648 403 2681 voles.
747 2676 752 2679 .
1005 2662 1010 2680 2

309 2697 424 2734 Hosce
437 2695 594 2731 Canones
604 2721 616 2737 ‚
641 2698 695 2732 seu
709 2696 767 2734 has
779 2697 1016 2742 Episcoporum
1037 2697 1140 2731 inter-

258 2746 447 2783 locutiones
465 2748 594 2791 respicit
615 2747 650 2781 in
664 2748 913 2783 Commentario
924 2748 966 2785 ad
975 2748 1140 2782 decimum

259 2798 390 2838 sextum
409 2797 647 2840 Apostolorum
661 2796 836 2834 Canouem
846 2798 1048 2834 Theodorus
1067 2797 1140 2831 Bal-

261 2849 399 2887 samon:
430 2844 566 2892 Praesens
586 2852 693 2881 Canon
709 2846 846 2892 segregat
867 2847 1065 2892 Episcopum,
1088 2854 1140 2892 qut

262 2895 315 2939 suo
331 2897 418 2934 clero
436 2906 662 2932 connumeravit
684 2899 810 2932 alterius
838 2898 970 2942 Dtoecefis
993 2900 1141 2934 clericum

264 2943 375 2988 absque
386 2946 434 2990 sul
444 2948 583 2992 Epist-opi
604 2948 770 2992 dimissoriis
781 2950 892 2982 litteris
903 2974 910 2982 .
937 2950 1021 2983 Solus
1041 2958 1140 2984 autem

263 2993 427 3038 Episcopus
437 2997 678 3043 Cartbaginenfis
688 2997 777 3041 potest
787 2996 912 3041 insuam
923 3001 1042 3034 elerum
1053 2999 1140 3041 refer»

266 3057 300 3079 re
320 3047 443 3082 alterius
461 3054 552 3085 etiam
564 3047 693 3090 Dioecefis
706 3050 834 3084 clericos
855 3048 965 3091 absque
974 3050 1139 3094 dimifforii:

267 3095 376 3128 litteris
395 3106 513 3141 eorum,
537 3097 679 3143 quiipsos
700 3100 934 3133 ordinaverunt.
961 3102 1070 3134 Etiam
1086 3104 1140 3133 Ar-

268 3143 492 3188 chi-Episcopus
504 3148 841 3194 Constantinopolitanae
848 3148 939 3192 potest
942 3149 1079 3191 fimtlim
1090 3150 1142 3192 fa-

268 3205 348 3230 cere.
381 3196 490 3231 Etiam
502 3197 535 3230 in
548 3198 796 3235 Commentario
813 3201 854 3234 ad
866 3202 1038 3244 septimum
1058 3201 1142 3237 deci-

269 3256 364 3280 mum
375 3245 548 3284 Canonem
559 3247 760 3285 Trullanum
769 3249 878 3285 scribit
887 3251 1032 3286 alienum
1043 3252 1143 3287 Cleri-

269 3307 347 3330 cum
360 3306 427 3330 non
441 3296 527 3338 poffe
536 3295 577 3331 ab
590 3297 757 3342 Episcopis
767 3300 881 3345 suscipi
894 3324 906 3341 ,
931 3301 966 3336 &
975 3301 1142 3347 adjungit:

269 3348 388 3388 Excipe
408 3345 483 3378 mibi
511 3345 860 3389 Constantinopolitanum
883 3351 1143 3396 &Carthaginem

268 3394 349 3439 sem.
377 3400 418 3429 Hi
428 3401 505 3430 enim
513 3397 632 3441 poffunt
649 3398 760 3431 alienos
771 3400 895 3433 clericos
910 3399 1052 3444 suscipere
1066 3410 1147 3444 prae-

272 3453 319 3485 ter
344 3448 527 3482 voluntatem
561 3459 659 3482 eorum
679 3471 690 3488 ,
727 3454 782 3490 qui
802 3447 880 3491 ipsos
902 3452 1142 3486 ordinaverunt·

1198 1603 1331 1637 nenstm
1347 1628 1354 1635 .
1383 1602 1548 1637 Hincille
1558 1602 1693 1646 fingulis
1715 1601 1780 1636 fere
1798 1601 1989 1636 Dominicis
2010 1611 2092 1635 con-

1198 1653 1342 1688 secrabat
1357 1653 1537 1696 Episcopos
1550 1678 1558 1686 .
1585 1652 1687 1699 Qod
1700 1652 1790 1686 enim
1804 1651 1919 1686 Africa
1939 1649 2091 1686 habuerit

1197 1702 1356 1746 plurimos
1377 1702 1559 1745 Episcopos
1579 1724 1590 1740 ‚
1618 1702 1664 1735 est
1691 1702 1783 1745 supra
1808 1701 2090 1735 demonstratum.

1198 1752 1243 1785 Et
1266 1752 1333 1785 sola
1357 1775 1368 1792 ,
1391 1751 1487 1794 cujus
1507 1750 1676 1785 ordinatio
1698 1750 1856 1793 privative
1881 1751 2036 1794 spe-flabat
2050 1748 2092 1784 ad.

1198 1800 1494 1847 Carthaginensem
1504 1825 1517 1842 ,
1543 1800 1788 1836 Proconsularis
1800 1799 1977 1835 Provincia
1993 1799 2093 1834 habe-

1198 1851 1253 1886 bat
1274 1853 1360 1887 ultra
1380 1862 1514 1887 centum
1536 1877 1545 1886 .
1572 1850 1708 1886 Sanetus
1732 1850 1896 1885 Poffidius
1919 1851 1953 1884 in
1981 1850 2093 1884 Sancti

1198 1953 1356 1993 Valerius,
1379 1948 1476 1994 sciens
1482 1949 1518 1993 se
1526 1959 1642 1993 corpore
1671 1952 1706 1985 &⁸
1732 1959 1824 1987 aetate
1847 1950 2094 1993 infirmissimum,

1198 2008 1257 2047 egit
1266 2001 1387 2046 secretis
1397 2004 1505 2035 litteris
1515 2003 1602 2043 apud
1612 2004 1780 2036 Primatem
1790 1999 2003 2045 Episcoporum
2014 2004 2092 2034 Car-

1199 2051 1405 2096 thaginensem
1419 2076 1430 2092 ,
1457 2052 1592 2095 allegans
1613 2052 1844 2086 imbecillitatem
1876 2057 2002 2094 corporis
2017 2050 2092 2094 sui,

1199 2101 1357 2144 aetatisque
1371 2107 1563 2145 gravitatem
1582 2125 1593 2141 ,
1608 2103 1651 2146 ιθ
1675 2100 1830 2144 obsecrans
1852 2110 1889 2134 ut
1913 2100 2095 2144 Hipponenli

1201 2150 1335 2194 Ecclefiae
1355 2152 1544 2185 ordinaretur
1565 2148 1730 2193 Episcopus
1742 2173 1753 2189 ,
1776 2157 1830 2194 qut
1846 2149 1912 2194 suae
1923 2151 2089 2187 Catbedrae

1201 2212 1259 2235 non
1269 2210 1333 2234 tam
1340 2199 1526 2244 succederet,
1547 2199 1605 2243 fird
1613 2199 1812 2244 consacerdos
1833 2202 2004 2242 accederet,
2033 2206 2092 2235 Au·

1193 2250 1327 2295 guflinus
1350 2275 1358 2284 .
1398 2253 1445 2283 Ee
1467 2262 1534 2293 quae
1554 2256 1674 2293 optavit
1706 2253 1740 2286 &³
1762 2257 1884 2295 rogavit
1905 2275 1915 2291 ‚
1940 2250 2092 2294 Rescripta

1206 2306 1385 2342 impetravit
1406 2324 1412 2331 .
1452 2300 1518 2340 Posi
1538 2311 1627 2342 quam
1649 2306 1825 2341 petitionem
1845 2303 1890 2335 ad
1909 2301 2092 2342 vist‘randum

1201 2350 1383 2384 adveniente
1402 2350 1446 2382 ad
1456 2348 1613 2391 Ecclesiam
1634 2349 1848 2393 Hipponensem
1871 2360 1941 2384 tunc
1953 2354 2093 2384 Primate

1201 2401 1362 2433 Numtdtae
1383 2401 1510 2443 Megalia
1529 2424 1539 2440 ,
1566 2398 1737 2441 calamensi
1753 2400 1923 2444 Episcopo,
1950 2402 2093 2435 Valerius

1202 2448 1328 2489 antistes
1343 2447 1497 2493 Episcopis
1508 2455 1560 2492 qui
1573 2458 1644 2482 tunc
1650 2449 1734 2490 forte
1743 2452 1872 2483 aderant
1882 2475 1892 2490 ‚
1920 2452 1954 2484 6·
1965 2451 2092 2485 Clerici:

1200 2499 1335 2532 omnibus
1365 2497 1594 2542 Hipponenfibus
1607 2522 1617 2538 ,
1644 2501 1679 2534 Θ
1698 2498 1848 2542 universae
1855 2499 1939 2540 plebi
1957 2504 2092 2542 inopina·

1201 2560 1265 2583 tam
1286 2547 1398 2583 cunctis
1427 2546 1516 2591 suam
1539 2547 1668 2591 infinuat
1689 2558 1762 2583 tunc
1786 2549 1971 2583 voluntatem
1992 2573 2003 2589 ‚
2030 2551 2089 2586 cite.

1202 2600 1283 2634 Haec
1294 2598 1471 2634 ordinandi
1485 2598 1638 2642 Episcopi
1651 2599 1756 2633 forma
1769 2597 1898 2634 videtur
1921 2599 2015 2634 fuisse
2038 2610 2092 2634 or·

1201 2650 1327 2685 dinaria
1337 2672 1357 2691 ,-
1375 2648 1517 2695 ideoque
1537 2659 1653 2682 omnes
1665 2649 1818 2683 videntur
1839 2648 1984 2684 debuisse
2002 2650 2091 2685 ordi·

1204 2700 1271 2734 nari
1290 2725 1302 2741 ,
1327 2706 1385 2734 aut
1407 2709 1462 2742 per
1483 2698 1750 2744 Carthaginensns
1772 2697 1925 2743 Episcopi
1949 2711 2089 2739 manus,

1202 2761 1258 2784 aut
1272 2749 1315 2783 ad
1328 2749 1403 2794 ejus
1425 2749 1630 2792 Rescriptum
1643 2773 1654 2789 ,
1679 2750 1732 2784 seu
1757 2750 1904 2793 praeviam
1917 2750 2090 2785 confirma-

1201 2800 1326 2835 tionem
1344 2825 1354 2835 .
1380 2800 1463 2835 Hoc
1481 2800 1573 2835 enim
1595 2811 1650 2843 per
1670 2799 1828 2834 Nicaenos
1851 2823 1863 2841 ,
1889 2799 2029 2844 ideoque
2054 2801 2089 2835 δε

1203 2863 1256 2896 per
1266 2850 1477 2896 Apostolicos
1488 2850 1644 2884 Canones
1655 2848 1700 2883 est
1710 2847 1930 2885 patriarchale
1938 2849 1987 2893 jus
1997 2874 2010 2890 ‚
2035 2860 2089 2883 cu·

1198 2903 1250 2947 jus
1261 2901 1346 2936 hanc
1357 2909 1480 2945 partem
1491 2899 1756 2944 Carthaginenfis
1780 2897 2089 2943 Archi-Episcopus

1204 2951 1318 2987 habuit
1333 2962 1388 2997 per
1397 2950 1580 2986 universam
1591 2949 1737 2984 Africam
1748 2974 1755 2982 .
1785 2949 1837 2983 Ex
1848 2949 1935 2984 avita
1955 2951 2091 2984 consue-

1201 3004 1337 3043 tudine,
1361 3001 1542 3038 &lndulto
1556 3000 1718 3036 Romame
1730 2997 1840 3034 Sedis.
1870 2999 1915 3034 Et
1935 2996 2001 3034 huc
2024 3000 2088 3034 res-

1202 3054 1289 3098 pexit
1301 3053 1333 3087 in
1345 3050 1474 3086 famofis
1487 3049 1527 3085 ad
1540 3049 1715 3085 Africanas
1736 3048 1891 3084 Ecclesias
1916 3048 2030 3085 litteris
2039 3050 2085 3084 Si-

1203 3105 1301 3140 ricius
1312 3101 1489 3138 Pontifexz
1515 3104 1621 3134 Extra
1632 3097 1835 3145 conscientiam
1844 3101 1929 3134 sedis
1949 3098 2085 3142 Apostoli-

1197 3168 1245 3191 reae
1269 3179 1281 3195 ‚
1305 3153 1358 3187 boc
1380 3150 1418 3192 est
1435 3175 1448 3192 ‚
1476 3153 1625 3186 Primatis
1645 3173 1657 3193 ,
1686 3159 1771 3185 nemo
1790 3151 1901 3184 audeat
1923 3151 2081 3184 ordinare.

1202 3205 1316 3239 Sensus
1325 3202 1369 3239 est
1383 3215 1390 3234 :
1418 3198 1527 3235 Verus
1540 3200 1700 3236 Africanz
1711 3200 1868 3237 Dioecefis
1879 3199 2004 3235 primas
2028 3201 2085 3234 seu

1205 3252 1388 3291 patriarcha
1409 3250 1455 3286 est
1477 3251 1649 3286 Romanus
1668 3250 1846 3292 Pontifex,
1874 3249 2085 3295 ideoqueist—

1208 3306 1261 3341 hic
1281 3307 1345 3340 fine
1356 3302 1468 3348 praevia
1485 3300 1582 3347 ipfius
1598 3300 1854 3336 confirmatione
1878 3312 1978 3335 nemo
1994 3298 2086 3335 dein-

1207 3367 1281 3400 ceps
1291 3354 1456 3391 ordinetur
1467 3351 1669 3395 Episcopus.
1695 3351 1874 3387 Decretum
1898 3360 1965 3384 erat
1987 3348 2086 3393 longe

1207 3405 1464 3443 fundatiffimum
1494 3426 1502 3435 .
1538 3404 1695 3436 Attamen
1724 3402 1853 3436 suarum
1884 3399 2086 3434 consuetudi-

1211 3457 1288 3492 num
1302 3452 1494 3491 tenacissimi
1506 3451 1579 3488 Afri
1591 3463 1659 3488 non
1672 3452 1802 3487 suerunt
1811 3449 1949 3496 permoti
1968 3447 2007 3479 ad
2017 3457 2090 3491 εχει,

1183 3500 1186 3508 ”
1937 3496 2037 3532 cutio·

1198 1901 1379 1947 Augustini
1398 1902 1467 1936 vita.
1492 1912 1562 1935 rem
1584 1901 1732 1935 elucidat
1747 1915 1758 1935 .·
1784 1901 1970 1935 Venerabilis
1994 1904 2091 1935 Senex
2110 1898 2185 1937 Cap·
2205 1900 2233 1929 3·
