2326 3718
692 121 973 169 Romanis
1008 122 1583 168 Appetranomsns.

241 207 403 255 refugium
413 208 452 243 ad
467 205 634 254 Rescripta
647 207 855 252 Principum.
873 209 1002 243 Etenim
1016 220 1033 240 u
1040 208 1115 251 sque
1129 219 1133 254 f

241 259 284 295 ad
295 259 458 304 Magnum
468 259 723 295 Constantinum
732 258 900 301 Principes
912 271 1002 293 erant
1013 257 1116 302 genti·

241 310 286 343 les
308 333 320 350 ,
345 309 474 353 profeffi
496 309 604 345 hostes
628 310 773 345 Ecclefiae
795 333 807 349 ,
840 322 876 344 ac
902 312 1116 352 persecutores

239 357 488 403 Episcopalium
499 360 729 404 synodorum.
756 360 843 408 Qis
853 371 922 394 tum
938 361 1021 401 ipsos
1031 370 1117 391 acce-

238 406 317 443 dere
331 417 455 454 poterat
463 411 504 445 ad
517 410 747 455 postulandam
755 411 909 453 majorem
922 409 1117 453 synodum?

239 458 327 542 φὶς
346 470 491 504 unquam
507 461 655 495 acceffit?
683 461 823 494 Nullum
850 461 990 504 suppetit
1010 468 1116 491 exem-

240 519 263 552 p
276 520 332 543 um
347 534 358 551 ,
383 511 442 545 nifi
452 510 581 545 forfitan
592 509 764 545 facinorofi
777 511 870 545 Pauli
882 508 1117 547 Samosatenfis,

241 558 283 594 dc
293 562 361 604 quo
374 571 429 604 per
439 557 684 595 Antiochenam
698 561 869 604 Synodum
879 561 1035 594 damnato
1048 558 1117 591 scri-

242 607 341 645 bitin
353 609 571 650 Ecclesiastica
589 610 722 644 historia
735 611 891 645 Eusebius
902 606 1118 644 Caesareenfis:

108 657 171 690 Lib·
199 666 226 692 7·
243 661 352 694 Verum
361 671 423 694 cum
433 660 546 693 Paulus
557 672 596 695 ex
607 659 746 703 Epistopi
768 663 870 700 domo,
897 662 960 701 ejus
986 656 1118 698 Ecclefiae

110 699 228 737 C³P·²4
237 716 382 754 propria,
408 714 488 744 exire
499 712 588 745 nollet
599 736 609 752 ,
637 714 801 753 Imperator
814 711 986 744 Aurelianus
998 732 1009 749 ,
1036 720 1074 742 ea
1082 709 1119 740 de

241 771 274 795 re
282 769 402 804 rogatus
409 758 591 803 sententiam
600 784 610 799 ‚
633 760 805 803 sanc‘liffime*
815 762 891 803 quid
898 761 961 804 effit
973 761 1118 803 agendum

241 811 375 844 decrevit
383 835 392 843 .
420 813 566 853 Praecepu
591 816 671 844 enim
681 831 703 851 ,ι
718 820 752 844 ut
779 812 884 844 domus
908 808 1041 850 Ecclefiae
1061 810 1119 841 illis

240 858 420 895 tribueretur
430 885 441 901 ,
466 861 574 904 quibus
586 860 748 902 christiani
758 862 857 895 ltalia
866 885 878 901 ,
905 862 940 894 o·
959 859 1043 891 Urbis
1065 862 1121 890 Ro-

240 921 302 945 mae
313 908 453 953 Episcopi
470 911 652 952 perlitterat-
668 909 858 942 tribuendam
875 907 1101 951 praeftr'iberent
1111 933 1118 940 .

241 962 290 993 sie
313 961 430 999 demum
449 960 563 991 Paulus
574 956 759 1000 cumsicmmo
783 959 921 992 dedecore
933 982 944 999 ,
965 956 1120 1000 saecularis

239 1011 410 1049 temperatae
422 1006 574 1046 Potestatts
588 1007 769 1044 authoritate
780 1032 793 1049 ‚
819 1008 858 1042 ab
869 1008 995 1051 Ecclefia
1004 1013 1121 1050 penitus

238 1058 430 1093 extruditur.
458 1058 530 1101 ,Quo
545 1059 665 1101 quidem
675 1065 802 1101 tempore
813 1060 904 1092 talem
912 1083 924 1100 ,
950 1060 984 1093 ἐν
1002 1066 1066 1092 tam
1077 1058 1123 1092 be-

240 1107 330 1150 teigne=
349 1108 422 1151 erga
448 1118 504 1141 nos
528 1113 694 1142 animatum
707 1110 881 1143 Aurelianus
888 1108 923 1153 se
935 1111 1103 1143 declaravit
1115 1134 1123 1141 .

239 1154 302 1191 An
326 1155 449 1192 Paulus
470 1156 511 1193 ad
527 1158 746 1194 Aurelianum
759 1160 968 1205 confugerit,
997 1171 1066 1194 non
1078 1159 1123 1192 est

239 1205 454 1241 manifestum
475 1221 487 1241 .-
513 1207 610 1244 Certe
630 1209 804 1252 Synodum
829 1210 1013 1254 confugisse
1043 1220 1126 1243 nun·

240 1266 343 1300 quam
352 1255 522 1292 credidero
532 1282 540 1290 .
566 1258 740 1307 Qidquid
750 1260 790 1295 fir
800 1285 813 1301 ,
835 1260 1029 1304 confugium
1043 1259 1126 1293 istud

241 1316 315 1341 non
326 1306 458 1342 servivit
468 1307 510 1343 ad
521 1308 735 1352 appellationi
744 1320 865 1344 novam
890 1310 1125 1353 impetrandam

242 1353 418 1399 Synodum
431 1380 444 1397 ,
470 1356 523 1391 sed
534 1358 574 1392 ad
586 1357 802 1394 obtinendam
814 1359 990 1403 Synodalis
1006 1359 1127 1405 Judicii

240 1405 474 1442 executionem
495 1432 503 1440 .
530 1407 616 1456 Qis
640 1407 854 1453 Apostolicus
878 1410 1000 1445 Canon
1017 1433 1032 1453 ,
1057 1421 1128 1454 quae

243 1453 381 1490 Patrum
392 1457 506 1501 regula
518 1482 530 1498 ,
556 1470 627 1502 quae
639 1459 785 1494 Ecclefiae
795 1460 1000 1495 consuetudo
1012 1484 1024 1501 ,
1039 1457 1128 1504 quod

238 1503 476 1539 authenticum
505 1508 695 1549 exemplum
720 1509 900 1550 Episcopos
922 1509 942 1540 ὸ,
966 1509 1128 1550 Synodali

246 1551 465 1589 damnatione
474 1561 688 1599 provocantes
699 1556 785 1590 misit
797 1557 838 1592 ad
849 1557 958 1601 Reges
969 1565 1026 1590 aut
1037 1555 1129 1591 Prin-

242 1602 358 1645 cipes?
650 1622 654 1636 z

294 1648 442 1684 Nullum
462 1649 508 1684 est
531 1650 723 1696 exemplum
737 1676 748 1692 ,
773 1653 834 1687 nifi
861 1654 1130 1696 Donatistarum,

241 1698 290 1735 ad
320 1708 404 1743 quos
423 1722 436 1740 ,
460 1700 494 1734 &
524 1700 694 1745 adversum
717 1713 799 1745 quos
821 1701 980 1738 declamat
997 1704 1131 1739 Sanctus

238 1751 392 1794 optatus
416 1749 600 1794 Episcopus
623 1746 864 1794 Mileqitanus:
891 1755 986 1798 ‚Quod
1003 1755 1040 1789 de
1049 1755 1131 1788 nobis

242 1801 349 1834 dtcttts
360 1822 373 1840 ,
397 1799 494 1848 Qid
513 1800 709 1838 Christianis
719 1814 796 1837 cum
808 1803 956 1848 Regibus
966 1829 977 1845 ,
987 1815 1043 1839 aut
1053 1805 1132 1847 quid

241 1850 422 1895 -Episcopis
443 1860 520 1885 cum
542 1850 698 1887 Palatio?
723 1855 755 1885 si
777 1861 849 1887 nota
867 1853 905 1894 est
930 1854 1004 1897 noffo
1014 1858 1110 1898 Reges
1122 1880 1132 1896 ,

245 1911 304 1935 vos
325 1909 390 1934 tota
403 1899 566 1943 perfundit
590 1896 712 1941 invidia
724 1927 731 1935 .
758 1907 847 1937 Nam
866 1905 1000 1945 Majores
1023 1904 1133 1946 vestri,

239 1952 400 1985 -Lucianus
418 1973 431 1991 ,
458 1953 577 1996 Dignus
597 1976 609 1994 ,
637 1952 796 1996 Naffutius
820 1978 832 1993 ,
859 1960 989 1997 Capito,
1014 1956 1133 1988 Fiden-

242 2006 312 2036 eius
325 2024 339 2041 ‚
363 2001 398 2035 Θ
408 2007 507 2035 caeteri
521 2005 734 2046 Imperatorem
750 2003 978 2044 Constantinum
990 2028 1001 2044 ,
1026 2003 1132 2038 harum

245 2062 350 2084 rerum
368 2049 468 2084 adhuc
489 2053 629 2094 ignarum
652 2076 663 2093 ,
688 2052 736 2087 his
761 2053 900 2095 precibus
925 2063 1135 2098 rogaverunt,

248 2110 379 2143 quarum
397 2102 564 2141 exemplum
585 2101 822 2144 infrascriptum
832 2103 890 2143 est:
916 2107 1066 2147 Rogamus
1080 2113 1111 2138 te
1124 2127 1135 2145 ,

247 2160 267 2183 ι
288 2147 500 2190 Constantine,
526 2151 653 2195 optime
675 2152 854 2196 Imperator
877 2177 889 2193 ,
913 2154 1074 2197 quoniam
1096 2152 1137 2187 de

244 2208 368 2243 genere
374 2198 463 2241 justo
473 2210 530 2240 es,
555 2199 648 2242 cnjus
674 2198 771 2236 Pater
793 2202 880 2236 inter
892 2212 1022 2237 caeteros
1032 2203 1136 2246 Impe-

248 2257 371 2281 ratores
390 2248 648 2291 persecutionem
667 2260 739 2284 non
761 2252 930 2292 exercuit,
954 2251 990 2285 δε
1012 2251 1053 2286 ab
1069 2251 1136 2285 hoc

244 2298 396 2333 facinore
417 2298 577 2333 immunis
587 2299 632 2333 est
645 2298 755 2334 Gallia
767 2325 775 2333 .
802 2300 893 2335 Nam
914 2300 949 2336 in
962 2300 1075 2336 Africa
1087 2301 1136 2335 in·

244 2357 298 2381 ter
311 2359 370 2381 nos
381 2347 554 2382 &exteros
581 2349 762 2393 Episcopus
783 2350 1017 2386 contentiones
1039 2353 1114 2386 sunt
1126 2377 1134 2384 .

250 2396 400 2430 Petimus
412 2407 447 2432 ut
459 2394 499 2431 de
510 2397 622 2432 Gallia
634 2399 730 2433 nobis
744 2399 876 2443 Judices
886 2399 954 2434 dari
971 2401 1064 2445 praeci
1068 2403 1133 2445 piat

250 2445 361 2481 Pietas
370 2456 445 2481 tua.
470 2448 779 2490 DataeaLuciano,
801 2449 977 2491 Naffutio,
1004 2450 1134 2496 Digno,

122 2522 177 2557 Lib
211 2535 221 2553 ¹
246 2496 440 2540 Capitone,
464 2496 622 2531 Fidentio
636 2522 648 2538 ,
674 2498 709 2533 ἃ
719 2499 842 2533 caeteris
855 2498 1026 2544 Episcopis
1036 2501 1134 2545 partis

179 2545 185 2551 '
229 2545 378 2583 'Donati
394 2571 401 2578 .
427 2546 547 2589 ,Quibus
571 2547 675 2587 leEts,
701 2548 913 2586 Constantinus
931 2551 1018 2591 pleno
1039 2553 1135 2584 livore

247 2595 399 2639 respondit
411 2621 419 2628 .
446 2599 484 2629 In
506 2607 566 2640 qua
576 2596 750 2640 responfione
761 2600 796 2632 &
808 2610 904 2632 eorum
912 2608 1012 2641 preces
1031 2602 1134 2642 prodi·

249 2647 320 2686 dit,
346 2646 417 2678 dum
436 2651 506 2680 ait.-
534 2649 645 2682 Petitis
666 2650 687 2680 ei
708 2660 754 2682 me
775 2654 808 2682 in
825 2648 932 2691 saeculo
947 2653 980 2695 J
983 2651 1133 2691 odicium,

247 2705 312 2729 cum
322 2707 374 2739 ego
382 2693 444 2737 ipse
453 2695 566 2737 Christi
569 2700 602 2743 J
603 2698 733 2732 udtctum
740 2699 899 2741 expettem:
909 2702 955 2732 Et
967 2709 1069 2734 tamen
1079 2701 1128 2733 da>

247 2751 274 2780 ti
280 2743 356 2788 sunt
360 2746 492 2792 Judices
504 2771 512 2779 .
524 2747 569 2781 Et
580 2749 615 2781 in
624 2747 740 2782 litteris
752 2750 792 2783 ad
805 2748 1022 2787 vincentium
1034 2775 1044 2791 ,
1055 2750 1131 2784 Do-

249 2794 440 2830 natistarum
455 2795 711 2831 Cartennensern
724 2799 757 2832 in
771 2799 971 2834 Mauritania
993 2799 1131 2843 Episco-

250 2855 351 2887 pum,
376 2846 509 2880 Sanctus
533 2845 740 2892 Augustinus
753 2862 764 2882 .-
789 2853 848 2883 Vos
859 2849 1065 2884 indubitanter
1085 2862 1131 2883 ar·

82 2903 173 2945 Epist,
189 2900 387 2942 43,guimus‚
413 2896 519 2938 quibus
541 2903 649 2930 crimen
672 2899 797 2932 videtur
819 2901 857 2933 de
866 2905 993 2933 inimicis
1013 2910 1131 2934 commu-

139 2960 144 2965 »
255 2948 347 2977 ntonis
373 2945 475 2985 nostrae
487 2945 655 2987 Christiano
664 2952 840 2991 Imperatori
854 2950 973 2992 aliquid
978 2955 1131 2993 conqueri.

254 2995 332 3025 Cum
352 2994 462 3029 libellus
490 2997 510 3028 ἃ
534 2997 699 3039 Majortbus
711 2998 816 3038 vestris
827 3002 952 3033 Anulino
966 2998 1131 3043 Proconsuli

255 3042 347 3075 datus
367 3067 380 3083 ,
403 3047 438 3078 Θ
458 3047 648 3087 Constantino
664 3052 842 3091 Imperatori
864 3052 1028 3083 mittendus
1050 3074 1062 3091 ,
1087 3055 1131 3083 ita

254 3086 464 3134 superscriptus
467 3095 505 3136 lit
515 3108 522 3128 z
538 3096 684 3133 Libellus
695 3099 846 3134 Ecclefiae
858 3099 1040 3135 Catholicae
1050 3124 1060 3140 ‚
1071 3101 1131 3134 cri-

251 3141 386 3177 minum
409 3143 566 3185 Ceciliani
585 3170 596 3187 ‚
621 3149 758 3183 traditus
791 3149 811 3183 ὲ
832 3160 922 3194 parte
949 3149 1126 3194 Majorini.

254 3190 326 3224 Illos
344 3199 446 3225 autem
468 3202 561 3237 magis
571 3196 638 3232 binc
648 3204 799 3244 arguimus
813 3225 823 3241 ,
849 3205 922 3242 quia
944 3202 1029 3243 apud
1039 3205 1131 3243 Impe-

251 3250 389 3275 '0'07001
402 3242 478 3275 “lira
490 3246 668 3284 cecilianum
677 3249 893 3294 accusaverunt
903 3275 915 3291 ,
941 3262 1028 3294 quem
1041 3251 1130 3294 prius

255 3291 342 3332 apud
359 3291 496 3335 collegas
523 3294 747 3337 Transmarinos
768 3306 938 3335 convincere
950 3301 1110 3335 debuerant
1122 3326 1129 3333 .

254 3338 323 3382 IPfi’
346 3350 446 3375 autem
469 3346 647 3384 Imperatore
658 3348 739 3391 longe
757 3353 927 3385 ordinatius
946 3361 1074 3396 agente,
1099 3359 1132 3383 ut

263 3387 475 3434 Epifioporum
495 3392 611 3437 causam
632 3396 677 3428 ad
691 3396 884 3442 se;·de1atam
905 3403 948 3435 ad
969 3400 1131 3444 Episcopo:

357 3439 461 3482 christ.
471 3444 555 3487 Lupi
565 3449 663 3488 opera
684 3448 718 3479 T.
728 3451 807 3481 rm

1916 137 1976 183 75

1178 211 1306 240 mitteret
1320 229 1329 245 ,
1355 216 1406 239 nec
1414 205 1490 239 ¹01in
1499 205 1717 247 cumfratribus
1722 216 1828 252 paoem
1836 206 1944 245 babere
1953 212 2048 245 volue-

1178 265 1266 290 runt.
1296 255 1402 295 Ecce,
1427 253 1507 299 quid
1518 253 1669 290 Ecclefiae
1678 257 1787 295 Patres
1798 261 1916 296 deisto
1937 261 2052 295 confu-

1179 308 1236 352 gio
1247 306 1386 341 sentiant
1396 331 1403 338 .
1430 306 1475 340 Et
1487 305 1568 352 quid
1578 306 1708 340 senserit
1719 308 1784 350 ipse
1794 310 2032 345 Constantinus
2042 334 2054 350 ‚

1179 356 1285 391 adhuc
1298 354 1579 391 Catechumenus.
1607 355 1813 399 Augustinus
1839 362 1975 396 affirmat
1987 360 2057 397 Cae·

1179 408 1336 441 cilianum
1358 418 1427 441 non
1450 406 1491 440 ad
1517 405 1705 450 Principem
1717 406 1810 440 fuisse
1821 408 2031 450 deferendum
2043 433 2056 450 ‚

1180 456 1432 500 necaPrincipe
1454 455 1665 500 postulandos
1686 455 1815 500 Iudices
1828 481 1840 498 ‚
1867 459 1921 493 sed
1941 455 2057 504 implo-

1179 508 1296 541 randos
1319 507 1410 542 fuisse
1419 506 1673 541 Transmarinos
1684 506 1881 548 Antistires‚
1908 506 1972 542 hoc
1989 510 2032 543 est
2048 535 2060 550 ,
2074 511 2157 552 Epist.
2168 515 2228 541 162.

1181 558 1381 601 Episcopum
1402 557 1595 592 Romanum
1610 581 1618 589 .
1643 555 1773 591 Diserte
1784 558 1990 600 semetipsum
2012 560 2059 594 ita

1180 609 1318 651 exponit
1343 608 1377 641 in
1408 607 1525 642 litteris
1553 607 1594 642 ad
1620 606 1779 651 quosdam
1810 607 2060 642 Donatistarum

1183 658 1380 701 Episcopos.
1408 657 1453 692 Et
1471 656 1553 692 hinc
1574 657 1812 693 Constantinus
1822 658 1970 693 faffiosos
1986 657 2062 692 istos

1181 707 1299 746 remifit
1320 707 1362 742 ad
1385 705 1509 751 Papam
1522 705 1746 743 Melchiadem
1761 733 1769 742 .
1796 707 1937 753 Aliquid
1951 718 2064 743 tamen

1181 756 1287 802 gratiae
1306 756 1420 792 volens
1440 757 1514 800 ipsis
1534 757 1720 800 impendere
1742 781 1754 798 ,
1778 759 1906 802 rogavit
1924 757 2064 804 adjungi

1181 807 1341 851 quosdam
1364 807 1546 851 Episcopos
1567 806 1760 843 Gallicanos
1777 833 1786 841 .
1813 807 1943 854 Nempe
1963 809 2065 845 etiam

1183 867 1261 892 tunc
1274 870 1341 892 non
1356 858 1476 892 Laicus
1486 857 1659 902 Princeps,
1687 857 1742 892 sed
1755 855 1949 902 Apostolica
1965 858 2065 894 Sedes

1182 919 1223 941 ex
1236 906 1357 942 Christi
1370 908 1512 942 Domini
1536 907 1694 942 Instituto
1705 917 1774 942 erat
1791 909 1956 953 rcfiigium
1977 909 2066 943 dam·

1184 966 1335 991 natorum
1360 957 1613 1001 Episcopotum.
1641 956 1697 992 Ad
1707 957 1809 1003 ipsam
1821 959 2010 1003 refugerunt
2025 969 2067 993 ex

1184 1006 1346 1050 Hispania
1368 1004 1520 1041 Basilides
1554 1009 1589 1043 ἀ
1601 1006 1788 1052 Martialis,
1811 1008 1979 1044 eforica
1998 1007 2069 1042 Pri·

1186 1067 1278 1092 vatus
1297 1054 1542 1091 Lambefitanus
1566 1057 1747 1101 Episcopus
1769 1082 1782 1100 ‚
1805 1059 1841 1094 ἀ
1866 1060 2070 1095 Fortunatus

1186 1106 1516 1150 Pseudo-Episcopus
1536 1103 1801 1150 Carthagineniis
1821 1134 1833 1150 ,
1859 1119 1900 1143 ex
1930 1110 2070 1144 Oriente

1187 1159 1322 1192 Sanctus
1333 1155 1574 1191 Athanasius&
1583 1155 1652 1199 ejus
1665 1154 1814 1199 Collegae
1825 1179 1837 1196 ‚
1862 1159 1898 1191 δε
1918 1159 1975 1194 alii
1990 1157 2071 1194 hinc

1192 1207 1268 1242 inde
1280 1208 1405 1252 plures.
1434 1206 1517 1241 Non
1539 1203 1581 1240 ad
1607 1205 1740 1251 Reges,
1764 1204 1817 1240 sed
1840 1205 1959 1241 Sanno
1971 1207 2072 1243 Petro

1188 1258 1310 1292 dietum
1322 1257 1367 1292 cst
1381 1270 1388 1290 :
1416 1255 1696 1299 Confirmafratres
1707 1264 1771 1289 tuos
1784 1276 1804 1288 .Δ
1820 1254 1986 1301 Augustas
1998 1257 2074 1301 Epi-

1190 1308 1369 1351 scopalium
1406 1308 1575 1342 causarum
1596 1306 1833 1351 Delegationcs
1854 1306 1959 1341 fateor
1978 1305 2076 1341 Chri-

1190 1358 1302 1392 stianis
1312 1357 1395 1392 olim
1406 1356 1610 1401 temporibus
1621 1357 1714 1391 fuiss‘e
1724 1357 1906 1400 frequentes
1919 1369 1925 1388 :
1946 1355 2076 1391 Verum

1191 1407 1275 1443 solas
1297 1407 1493 1443 Canonibus
1522 1407 1710 1442 conformes
1735 1405 1888 1450 probavit
1912 1406 2052 1441 Ecclefia
2066 1431 2077 1439 .

1191 1458 1330 1506 Qasvis
1340 1459 1418 1493 alias
1428 1456 1626 1502 improbavit
1636 1482 1648 1498 ‚
1674 1457 1709 1491 δε
1725 1456 1912 1492 constanter
1922 1456 2078 1492 excuffit.

1242 1508 1411 1543 Dominus
1430 1508 1545 1543 Petrus
1565 1508 1607 1542 de
1630 1507 1745 1542 Marca
1770 1506 1973 1551 prosequitur
1993 1518 2002 1539 ε
2032 1509 2078 1539 Et

1193 1555 1370 1589 authoritate
1398 1565 1662 1599 temperamentum
1681 1563 1715 1591 in
1725 1562 1849 1591 oriente
1858 1555 1997 1592 adhibuit
2008 1559 2078 1590 Sar·-

1193 1604 1312 1647 dicenfis
1322 1608 1472 1647 synodus,
1502 1611 1677 1650 ingratiam
1688 1605 1900 1648 Episcoporum
1917 1608 2016 1648 gradu
2021 1604 2080 1648 su·

1194 1654 1373 1693 deiedorum
1396 1677 1407 1692 ‚
1431 1657 1507 1687 data
1530 1656 1672 1688 nimirum
1704 1657 1823 1688 licentia
1843 1656 2018 1696 appellandi
2035 1655 2082 1688 ad

1194 1700 1381 1744 Apostoltcam
1406 1702 1535 1741 Sedem,
1559 1710 1594 1735 ut
1608 1703 1771 1746 judicium
1793 1711 1950 1736 renovetur
1960 1709 1993 1736 in
2007 1706 2080 1736 Pro-

1195 1756 1297 1786 vincia
1318 1775 1330 1792 ,
1347 1750 1379 1793 fi
1394 1755 1548 1785 Romanus
1575 1749 1742 1794 Episcopus
1764 1753 1954 1793 judicaverit
1996 1764 2083 1786 reno·

1193 1802 1330 1836 vandum
1351 1802 1421 1846 effe.
1450 1802 1564 1846 ,Quoad
1584 1803 1655 1835 vero
1668 1801 2016 1840 PresbyterosetLatcos
2026 1814 2079 1837 ex·

1193 1857 1416 1886 communicatos
1428 1851 1507 1885 nibil
1517 1857 1694 1885 innovatum
1704 1875 1715 1891 ‚
1740 1857 1881 1895 quoniam
1903 1864 2001 1886 eorum
2012 1863 2078 1886 cau·

1188 1901 1235 1945 sae
1256 1913 1314 1935 non
1335 1910 1422 1936 erant
1442 1907 1525 1936 tanti
1534 1907 1673 1936 momenti
1687 1926 1699 1943 ,
1725 1910 1758 1934 ut
1769 1906 1921 1936 Romanus
1933 1903 2079 1945 Pontiflm

1191 1952 1340 1995 appellari
1347 1953 1438 1996 poffet
1447 1978 1455 1985 .
1488 1955 1565 1986 Sicut
1579 1957 1673 1986 necin
1683 1956 1805 1987 Oriente
1813 1952 1937 1996 conceffa
1955 1959 1998 1986 eis
2010 1963 2077 1987 erat

1194 2003 1354 2044 appellatio
1378 2003 1422 2036 ad
1449 2002 1648 2036 Patriarcbas
1672 2026 1684 2043 ,
1708 2011 1744 2036 ut
1762 2011 1851 2045 patet
1872 2014 1910 2037 ex
1936 2008 2077 2037 Nica-nis

1195 2052 1368 2086 canonibus
1392 2076 1404 2093 ,
1431 2052 1605 2087 Antiocheno
1622 2051 1708 2096 semo
1729 2077 1741 2093 ,
1766 2055 1800 2087 (tt
1821 2065 1895 2087 nono
1917 2053 2079 2088 Chalcedo-

1197 2101 1279 2143 nenfi
1293 2126 1301 2133 .
1327 2104 1488 2136 Concilium
1500 2127 1511 2143 ‚
1539 2109 1663 2145 inquam
1676 2125 1687 2141 ,
1711 2103 1883 2147 sardicense
1902 2102 1980 2137 nibil
1994 2112 2078 2147 pror-

1198 2152 1251 2184 sus
1280 2151 1427 2191 destruxit
1447 2153 1485 2185 de
1513 2150 1653 2195 suprema
1675 2154 1869 2187 conciliorum
1903 2157 2078 2188 Provincia-

1199 2202 1273 2233 imm
1284 2200 1466 2235 authoritate
1476 2203 1575 2244 quoad
1587 2202 1786 2242 Presbyteros.
1817 2207 1931 2237 Contra
1940 2215 2007 2238 eam
2018 2209 2079 2237 Ca·

1197 2260 1271 2283 none
1280 2251 1389 2284 decimo
1402 2249 1531 2293 septimo
1536 2251 1678 2294 firmavit
1701 2254 1865 2288 adversum
1878 2259 2000 2296 iniquas
2010 2265 2079 2297 quo-

1198 2301 1329 2332 rundam
1341 2298 1550 2343 Epifi‘oporum
1562 2303 1725 2335 molitiones
1734 2327 1746 2342 ‚
1771 2299 1984 2344 quiferre‘non
1996 2312 2079 2346 pote-

1197 2357 1269 2382 rant
1280 2349 1517 2389 Presbyterorum
1535 2360 1590 2384 aut
1610 2353 1807 2385 Diaconorum
1823 2353 2000 2394 dey‘ellorum
2011 2364 2078 2396 que-

1196 2401 1274 2432 relas
1285 2401 1450 2434 adversum
1461 2402 1542 2445 ipsos
1549 2399 1705 2444 propofitas
1720 2403 1804 2444 apud
1813 2413 1932 2437 caeteros
1956 2404 2079 2447 Episco-

1192 2457 1265 2491 ραι.
1292 2449 1425 2483 Habeat
1447 2451 1640 2493 potestatem
1663 2452 1691 2484 is
1714 2453 1771 2495 qui
1792 2452 1932 2495 abjectus
1943 2453 1988 2487 est
2002 2477 2013 2493 ‚
2040 2462 2079 2489 ut

1197 2498 1377 2542 Episcopus
1390 2498 1552 2532 finitimos
1564 2500 1743 2543 interpellet
1755 2525 1766 2541 ‚
1795 2502 1829 2535 ἀ
1839 2503 1932 2536 causa
1944 2502 2013 2546 ejus
2021 2514 2077 2538 au-

1195 2548 1325 2587 diatur,
1349 2558 1386 2581 ac
1397 2546 1768 2592 diligentiustraeietur,
1795 2552 1872 2594 quia
1894 2563 1961 2586 non
1985 2564 2076 2597 opor-

1196 2607 1241 2631 tet
1252 2598 1281 2631 ei
1296 2609 1413 2642 negare
1423 2598 1623 2632 audientiam
1636 2599 1765 2644 roganti
1779 2625 1786 2633 .
1815 2600 1858 2635 Et
1876 2601 1932 2637 ille
1944 2602 2078 2646 Episco-

1196 2659 1276 2691 pus,
1301 2648 1358 2692 qui
1368 2646 1448 2690 juste
1460 2647 1510 2682 vel
1534 2649 1650 2692 injuste*
1660 2661 1735 2683 eum
1755 2649 1893 2694 abjecit,
1918 2652 2077 2695 patienter

1194 2696 1329 2741 accipiat
1341 2707 1378 2732 ut
1400 2698 1572 2742 negotium
1584 2697 1795 2734 discutiatur:
1824 2699 1879 2735 Ut
1898 2702 1948 2736 vel
1967 2702 2078 2746 probe-

1193 2758 1245 2782 tur
1265 2748 1424 2782 sententia
1446 2748 1515 2792 ejus
1541 2748 1560 2783 ὲ
1584 2749 1732 2792 plurimis
1749 2775 1760 2791 ,
1789 2751 1842 2784 vel
1864 2752 2076 2787 emendetur.

1192 2801 1317 2831 Interim
1337 2807 1439 2832 tamen
1457 2803 1618 2832 executioni
1638 2800 1853 2834 demandanda
1877 2801 1915 2842 est
1920 2800 2075 2845 sententia

1192 2846 1344 2890 Episcopi,
1356 2857 1388 2880 ut
1399 2857 1446 2882 att
1456 2852 1561 2882 Canon
1570 2862 1581 2883 .·
1608 2848 1739 2884 Tamen
1754 2849 1842 2894 prius
1852 2862 1950 2893 quam
1961 2852 2075 2886 omnia

1193 2898 1367 2942 diligenter
1377 2898 1411 2932 ὅ(
1422 2897 1559 2934 fideliter
1571 2902 1803 2934 examinentur
1813 2924 1825 2940 ,
1851 2911 1926 2934 eum
1937 2902 1992 2943 qui
2008 2903 2077 2937 fue·

1193 2947 1233 2981 rit
1254 2948 1271 2980 ὲ
1296 2949 1535 2983 communione
1555 2950 1735 2993 separatus,
1760 2949 2074 2995 antecognitionem

1193 2997 1303 3032 nullus
1323 2998 1418 3032 debet
1441 3000 1623 3041 praesumere
1644 3024 1655 3040 ,
1682 3009 1718 3033 ut
1741 3010 1816 3036 eum
1840 3001 2073 3037 communioni

1193 3048 1312 3081 societ.
1340 3051 1438 3089 Hujus
1460 3053 1591 3082 Canonis
1610 3050 1805 3090 praejudtcto,
1829 3060 1918 3092 quem
1940 3054 2074 3095 Legatut

1195 3098 1356 3139 Faustinus
1384 3107 1528 3141 tanquam
1548 3102 1700 3133 Canonem
1711 3103 1850 3134 Nicaenae
1863 3101 2074 3142 Sunodtprotu-

1192 3150 1270 3182 Ierat
1281 3173 1292 3190 ,
1316 3150 1458 3182 Zozimur
1477 3148 1598 3190 firmare
1618 3157 1740 3183 conatus
1761 3149 1999 3194 estcognitionem
2011 3150 2073 3195 ase

1193 3198 1327 3233 habitam
1347 3199 1385 3231 de
1396 3196 1575 3241 accusatione
1587 3202 1704 3241 Aptarii
1727 3199 1891 3238 Presbyteri
1913 3200 2072 3242 Africani,

1191 3251 1211 3282 ἃ
1228 3253 1347 3292 proprio
1360 3246 1507 3291 Epifiopo
1517 3248 1623 3289 dejecit
1635 3272 1646 3289 ‚
1671 3248 1845 3290 existimant
1857 3252 1996 3285 videlicet
2007 3262 2072 3285 eum

1192 3297 1243 3344 effe
1254 3303 1384 3332 Canonis
1395 3298 1472 3332 illius
1477 3297 1616 3342 sensum,
1643 3306 1676 3334 ut
1691 3300 1859 3340 Presbyteri
1879 3306 2072 3335 excommuni-

1192 3355 1251 3383 cati
1269 3350 1394 3383 arbitrio
1414 3349 1560 3391 relinquat
1587 3350 1738 3393 querelam
1755 3348 1844 3394 suam
1856 3350 2011 3391 deferendi
2028 3350 2073 3382 ad

1192 3412 1263 3444 quos
1287 3400 1414 3435 voluerit
1432 3397 1612 3444 Episcopos,
1637 3401 1722 3434 modo
1746 3403 1915 3437 Provintiae
1927 3405 2018 3435 vicini
2029 3396 2072 3442 es·

1626 3450 1660 3484 G
1709 3460 1735 3491 2
1927 3447 2021 3493 sent,
