2326 3718
687 121 774 168 Ro
791 130 969 165 MANIs
1004 108 1600 166 Av-Pettartomzus.

229 222 282 248 cet
296 222 365 248 non
376 210 484 256 quoad
495 199 666 244 'civitatem
688 209 724 243 Bc
745 209 854 244 locum
867 232 879 249 ,
903 208 1011 250 quoad
1024 215 1113 252 pote-

230 264 347 299 statem
371 272 410 296 ac
421 261 617 305 dignitatem
629 269 721 295 erant
732 259 798 293 veri
823 269 863 293 ac
887 259 974 302 pleni
986 258 1114 294 Menos

231 314 356 358 politae:
387 310 431 346 Et
443 310 524 345 vero
547 311 698 345 omnium
710 306 974 344 Occidentalium
986 308 1112 342 Metto-

229 363 406 408 politarum
425 361 656 402 confirmatio,
681 358 902 400 consecratio,
931 371 969 393 ac
987 358 1113 393 inthro-

230 412 358 447 nizatio
379 411 532 456 singulari
556 413 700 455 semper,
723 420 778 453 per
790 410 916 443 sextum
938 409 1112 443 Nicaenum

229 462 406 497 Canonem
428 462 594 502 stabilito,
619 461 688 504 jure
709 460 863 503 spectavit
885 459 927 494 ad
947 457 1113 502 Apostoli-

229 524 304 547 cam
315 512 430 547 Sedem
442 538 453 554 ‚
479 509 730 547 patriarchalem
753 511 855 544 totius
867 507 1113 554 Septemtrionis

229 574 268 597 ac
281 561 474 597 Occidentis
488 586 495 594 .
521 561 654 595 Siricius
666 560 773 594 voluit
800 572 860 595 nec
872 558 1115 603 Carthaginen-

229 614 298 648 sem
309 613 463 656 deinceps
474 610 654 646 consecrari
666 634 677 651 ,
704 622 764 644 nec
776 611 913 645 aliarum
929 606 1115 642 Provincia-

229 673 305 698 mm
316 663 475 697 Primates
487 659 703 695 inthronizari
716 659 783 694 fine
795 662 854 695 suo
865 659 982 704 praevio
994 657 1116 692 exami-

230 724 275 748 ne
300 714 335 748 &
344 712 465 747 assensu
475 735 482 743 .
509 710 553 744 Et
565 710 645 744 hinc
657 711 730 743 usus
742 710 788 744 est
802 708 973 744 communi
982 705 1023 741 ad
1036 718 1113 741 con-

229 763 443 799 secrationem
479 762 514 796 &
537 759 851 795 inthronizationem
870 757 1117 804 significandam

229 823 330 854 voce,
355 813 522 846 Ordinare.

281 863 338 897 1⁴:st
351 874 400 897 res
410 872 478 895 non
492 860 732 905 improbabilis.
761 859 921 896 Attamen
946 858 1035 893 aliud
1057 858 1120 891 for-

231 912 351 947 tiffime
363 912 473 946 suadet
482 922 633 955 quartum
641 910 797 944 Ferrandi
812 910 958 944 Diaconi
969 917 1121 950 compen-

230 962 326 997 dium
347 977 358 996 .-
386 967 423 996 Ut
433 960 592 1003 Episcopus
605 961 626 990 ἃ
638 959 736 991 tribus
744 959 919 998 ordinetur,
945 955 1121 999 consentien-

231 1013 314 1047 tibus
322 1013 392 1045 alus
399 1019 456 1052 per
466 1011 605 1051 Scripta,
632 1018 698 1040 cum
723 1008 943 1050 confirmatione
955 1007 1120 1048 Metropoli-

229 1066 320 1100 tum,
345 1063 398 1093 vel
408 1062 553 1092 Primam
565 1083 575 1090 .
608 1057 789 1092 Ferrandus
811 1057 951 1091 affirmat
969 1067 1125 1101 compen-

229 1109 324 1146 dium
334 1110 396 1144 effe
408 1109 616 1153 desumptum
625 1119 666 1141 ex
676 1118 793 1151 quarto
819 1108 852 1142 ἀ
864 1109 956 1142 sexto
969 1107 1123 1147 Nicaeno,

229 1172 274 1195 ex
292 1160 426 1194 decimo
448 1169 541 1193 nono
572 1156 789 1193 Antiocheno
813 1182 826 1199 ‚
861 1170 903 1193 ex
923 1156 1125 1192 duodecimo

230 1208 426 1245 Laodicenfi
438 1233 450 1250 ,
475 1220 518 1243 ex
531 1208 614 1243 bino
628 1207 879 1254 Carthaginensi
889 1230 900 1247 ‚
928 1219 970 1241 ex
985 1207 1125 1242 Zellensi

232 1261 394 1301 Canone,
413 1258 650 1302 acexepistola
671 1257 767 1302 Papae
777 1258 902 1293 Siricii.
930 1257 993 1292 Per
1004 1257 1128 1292 Metro·

230 1310 420 1355 politanum
441 1308 584 1343 omnino
597 1309 726 1343 videtur
746 1307 1040 1353 Carthaginensem
1063 1308 1125 1342 Ar-

230 1359 521 1404 chi-Episcopum,
548 1370 603 1402 per
615 1359 794 1392 Primatem
807 1357 990 1402 intelligere
1011 1357 1122 1392 Praefe-

230 1411 319 1445 Clum
336 1408 433 1443 unius
455 1407 654 1442 Provinciae.
682 1408 818 1442 Etenim
839 1408 958 1443 unicus
980 1419 1035 1451 per
1056 1418 1124 1442 om-

229 1471 310 1495 nem
322 1458 471 1493 Africam
482 1458 763 1502 Metropolitanus
776 1457 839 1493 fuit
854 1458 915 1492 iste
932 1457 1126 1501 Archi-Epi-

230 1511 348 1554 scopus
358 1533 367 1542 .
391 1508 575 1543 Ferrandus
591 1507 717 1542 videtur
727 1508 844 1542 docere
857 1507 1035 1541 Africanos
1049 1507 1126 1551 Epi-

231 1562 351 1605 scopos
373 1558 554 1593 consecrari
580 1569 650 1592 non
663 1560 750 1602 posse
768 1580 781 1597 ,
806 1558 864 1591 nisi
885 1569 941 1602 per
964 1557 1125 1591 interven·

229 1618 303 1644 rum
330 1609 498 1652 utriusque
516 1607 660 1642 Praefecti
679 1632 686 1640 .
713 1607 879 1642 Particula
902 1606 1096 1649 disjunctiva
1112 1630 1122 1646 ,

232 1658 325 1697 Vel,
351 1658 482 1691 videtur
499 1657 582 1690 sumi
606 1668 666 1701 pro
690 1657 877 1701 copulativa
902 1680 913 1696 ‚
940 1656 985 1690 Et
1004 1681 1012 1688 .
1050 1657 1125 1690 Nec

229 1708 323 1743 enim
345 1707 380 1741 id
403 1717 528 1741 novum
548 1706 617 1747 est,
643 1707 744 1740 etiam
757 1706 843 1749 apud
869 1706 1045 1740 canones.
1077 1705 1124 1739 At

229 1757 411 1792 veronulla
433 1758 478 1790 est
493 1753 548 1790 hic
569 1757 698 1791 mentio
707 1754 798 1790 Sedis
820 1756 1042 1799 Apostolicae,
1068 1764 1124 1789 aut

230 1806 379 1843 Romani
391 1805 587 1840 Pontificis.
614 1807 798 1854 Qiaerenda
824 1806 870 1840 est
895 1807 998 1840 ratio.
1028 1806 1123 1853 Qaee

230 1858 373 1893 rendum
391 1855 436 1891 est
448 1881 459 1897 ,
486 1855 657 1899 quomodo
678 1855 859 1891 Ferrandus
880 1857 1019 1891 affirmet
1037 1856 1123 1890 istud

232 1910 327 1943 sunm
337 1905 571 1951 compendium
581 1908 645 1941 else
655 1906 866 1951 desumptum
878 1917 921 1941 ex
940 1906 1049 1940 Siricii
1061 1905 1123 1949 epi·

232 1958 316 1994 stola
328 1981 339 1999 ,
364 1969 437 2002 quae
445 1957 554 2001 palam
564 1957 667 2002 exigit
677 1958 872 1992 Romanum
882 1957 1077 1991 consensum
1088 1981 1096 1988 .

232 2026 238 2032 ·
284 2007 380 2043 Volo
393 2018 498 2042 meam
511 2030 523 2048 ‚
550 2018 621 2042 non
641 2008 860 2046 sententiam,
883 2007 939 2041 sed
956 2005 1124 2049 conjectu—

232 2053 306 2092 ram
328 2054 448 2099 libere,
474 2067 623 2092 attamen
645 2057 756 2091 doceri
772 2065 915 2101 'paratus
936 2081 947 2098 ‚
972 2055 1099 2090 edicere
1115 2080 1122 2087 .

229 2106 343 2142 *siricii
365 2106 521 2149 Synodus
540 2107 669 2141 videtur
689 2117 759 2140 non
781 2107 875 2140 fuiffe
900 2106 1058 2145 collecta,
1087 2117 1124 2138 ac

232 2156 306 2200 ejus
330 2155 468 2199 epistola
483 2167 551 2190 non
574 2155 668 2189 fuiffe
678 2164 837 2199 concepta
849 2164 908 2198 pro
920 2154 986 2189 sola
1001 2154 1126 2188 Africa-

234 2213 279 2240 na
298 2205 443 2239 'Ecclesia
465 2230 472 2237 .
500 2206 545 2239 Et
571 2205 725 2248 synodus
750 2206 785 2239 &
811 2205 947 2248 epistola
973 2204 1125 2238 videntur

231 2254 372 2288 sanxisse
396 2263 455 2296 pro
467 2253 562 2288 omni
585 2255 688 2288 latina
699 2252 968 2288 Christianitate.
996 2253 1125 2287 Viden·

230 2309 288 2339 kur
299 2304 361 2338 effe
372 2301 456 2337 istud
469 2302 697 2337 Constitutum
708 2328 719 2344 ,
746 2301 788 2336 de
801 2303 962 2346 quolibet
986 2301 1123 2336 Pontifi-

234 2353 316 2389 calis
331 2366 342 2386 .-
367 2354 486 2386 siricius
496 2351 574 2395 fecit
589 2353 784 2395 constitutum
795 2355 832 2387 de
842 2359 922 2387 omni
932 2352 1075 2394 Ecclefia,
1088 2354 1123 2386 Θ·

229 2410 339 2438 ‘contra
359 2413 458 2436 omnes
482 2401 608 2446 baereses
629 2426 641 2442 ,
668 2405 703 2436 Θ
726 2400 857 2445 dispersit
873 2411 929 2445 per
950 2401 1123 2444 universum

232 2453 387 2486 ‘Mundum
397 2476 408 2492 ,
434 2453 469 2486 o
476 2460 531 2494 per
542 2463 640 2485 omnes
657 2454 837 2486 'Provincias
851 2475 863 2492 ,
888 2459 921 2485 ut
932 2458 963 2485 in
974 2458 1052 2484 omni
1066 2455 1124 2485 Ec-

236 2502 329 2545 clefiae
341 2501 468 2536 Archiv«,
480 2502 670 2543 custodiretur
682 2526 693 2543 ,
718 2501 753 2534 ob
764 2507 1009 2546 oppugnatlonem
1022 2511 1124 2535 contra

237 2564 336 2586 omnes
348 2550 475 2596 baereses
484 2578 492 2584 .
522 2553 658 2586 Etenim
669 2552 844 2595 Synodalis
861 2551 997 2595 epistola
1010 2550 1125 2586 diserte

232 2604 321 2638 'dicit
331 2602 504 2645 Synodum
515 2598 608 2637 fuifle
618 2602 794 2636 adunatam
808 2609 933 2644 propter
944 2605 1124 2644 emergentes

234 2655 385 2696 plurimas
398 2651 505 2695 causas
518 2676 530 2693 ,
554 2664 622 2695 quoe
632 2659 665 2686 in
678 2653 843 2694 aliquantis
852 2663 911 2685 non
921 2661 1009 2686 erant
1018 2650 1125 2695 causae,

235 2701 296 2747 sed
305 2707 430 2736 crimina
442 2726 449 2734 .
476 2700 666 2742 Exstmrunt
676 2709 755 2737 enim
766 2703 917 2743 nonnulli,
937 2708 989 2745 qui
1002 2704 1125 2736 statuta

239 2755 394 2795 majorum
406 2762 465 2786 non
475 2759 630 2793 tenentes,
655 2752 813 2792 castitatem
823 2751 957 2795 Ecclefiae
972 2750 1032 2795 sua
1044 2761 1124 2794 prae-

236 2802 404 2846 [mptione
415 2804 568 2836 violarunt
579 2808 595 2843 ,⁴
616 2804 804 2836 voluntatem
827 2805 931 2845 Popult
944 2801 1100 2846 sequentes
1111 2827 1122 2843 ‚

240 2854 278 2885 εν
303 2856 361 2887 Dei
375 2853 538 2898 Judictum
559 2864 617 2887 non
639 2860 774 2887 timentes
788 2878 796 2886 .
825 2853 935 2888 Etiam
950 2854 984 2886 in
995 2852 1127 2888 haereses

241 2901 314 2945 egit
325 2901 383 2949 ista
393 2903 564 2944 synodus:
590 2902 769 2938 Praesertim
789 2905 822 2937 in
837 2903 1126 2943 Nbvatianensem‚

244 2961 284 2986 ac
311 2950 520 2988 Montensem
547 2950 559 2995 ',
594 2954 648 2989 seu
675 2953 919 2988 Donatiflicam
945 2976 958 2994 ‚
983 2953 1127 2989 maxime

243 3009 326 3035 tunc
338 3002 509 3044 grassantes
519 3005 554 3039 in
566 3004 776 3039 occidentali
791 3003 931 3039 Ecclefia
944 3029 951 3036 .

297 3050 407 3093 Hujus
428 3052 526 3097 igitur
546 3052 872 3097 SynodiConstituta
895 3054 1028 3089 Siricius
1041 3077 1052 3094 ,
1076 3052 1126 3087 uti

249 3100 286 3134 in
299 3110 412 3133 omnes
435 3102 513 3136 alias
532 3104 580 3138 sui
590 3104 831 3140 patriarchatus
844 3105 1055 3146 Provincias,
1082 3105 1126 3138 ita

237 3150 419 3184 >transmisit
441 3152 543 3186 etiam
562 3154 598 3188 in
610 3155 756 3189 Africam
767 3180 775 3188 .
801 3155 845 3190 Et
857 3157 906 3189 uti
917 3156 1126 3190 Donatianus

243 3199 450 3243 Teleptenfis
477 3198 654 3247 Episcopus
679 3205 813 3249 Byzacil
839 3205 965 3240 Primas
988 3230 999 3247 ‚
1024 3206 1068 3240 ita
1093 3205 1127 3238 ὅ(

243 3250 383 3284 aliarum
396 3250 639 3286 Provinclarum
650 3253 787 3290 Praefecti
798 3255 856 3300 pro
876 3268 989 3291 eorum
1016 3267 1128 3291 execu-

237 3300 342 3334 -tione
353 3300 535 3336 adunarunt
546 3302 698 3345 Synodos
706 3328 717 3344 ‚
741 3315 798 3340 aut
809 3306 1030 3341 Provinciales
1042 3331 1052 3346 ,
1072 3317 1126 3340 aut

239 3349 425 3386 Africanas
449 3376 456 3382 .
491 3353 572 3386 Haec
594 3352 793 3394 -Theknfis,
818 3355 1045 3399 Teleptenfis‚
1072 3365 1126 3390 aut

249 3399 407 3436 Zellenfis
427 3402 492 3437 -fuit
520 3402 625 3446 palam
642 3402 822 3446 Africanaz,
845 3405 1011 3450 &primus
1022 3406 1125 3442 Sir-icil

306 3473 308 3476 -
348 3450 459 3492 Christ.
472 3456 550 3496 Lupi
560 3458 659 3497 Opera
670 3457 705 3487 T.
716 3457 799 3488 VIII.

1190 1358 1382 1393 Africanam
1407 1359 1602 1393 Ecclefiam.
1632 1359 1762 1403 Nempe
1784 1359 1961 1394 secundam
1972 1360 2012 1394 ad
2029 1360 2082 1393 in«

1187 1409 1411 1453 terpretandos
1432 1409 1600 1453 scrupulos
1625 1419 1720 1444 natos
1737 1410 1821 1444 circa
1835 1411 1973 1453 primam
1985 1435 1993 1443 .
2020 1411 2082 1444 Se-

1188 1457 1318 1498 cundo,
1345 1459 1434 1503 quod
1454 1459 1502 1493 ad
1524 1460 1732 1503 exequendas
1759 1457 1965 1495 has‘litteras
1991 1461 2081 1494 fasta:

1187 1510 1248 1542 sint
1263 1509 1370 1552 plures
1381 1521 1436 1553 per
1444 1510 1593 1544 Africam
1606 1509 1756 1553 Synodi':
1787 1510 1898 1545 Etiam
1911 1512 1980 1555 post
1993 1520 2083 1544 mor·

1187 1569 1253 1592 tem
1267 1559 1373 1592 Siricii
1388 1583 1395 1591 .
1422 1560 1512 1594 Nam
1527 1560 1677 1603 proxime
1698 1569 1775 1594 ante
1795 1557 1881 1595 hanc
1890 1561 2085 1595 Zellensena

1893 138 1996 185 ,157

1173 206 1292 242 Canon
1307 204 1413 241 movit
1423 206 1479 249 ipfi
1493 205 1650 250 grandem
1660 208 1844 255 scrupulum
1857 236 1864 244 .
1890 209 1965 246 Nec
1991 211 2064 245 sine

1175 254 1355 293 rationibus
1381 279 1391 289 .
1417 256 1555 291 Etenim
1580 255 1772 295 Africanam
1801 260 1978 296 Ecclesiam
2004 261 2061 296 ad-

1175 305 1351 352 stringebat
1362 307 1402 342 ad
1416 318 1541 342 novum
1554 317 1640 340 onus
1653 318 1664 339 .-
1692 305 1746 340 Ad
1757 312 1908 346 omnium
1929 313 2061 346 suorum

1176 358 1414 402 Episcoporum
1431 357 1580 401 praeviam
1590 357 1875 394 confirmationem
1898 362 2064 404 postulan->

1174 409 1273 448 dam,
1297 419 1367 442 non
1390 407 1563 443 dumtaxat
1584 406 1603 440 ὲ
1620 405 1803 441 Provincia:
1829 421 1866 443 ac
1876 412 2064 446 Dioeceseos

1175 458 1338 497 primate,
1364 458 1417 492 sed
1428 460 1528 492 etiam
1539 458 1558 492 a
1572 457 1730 491 Romano
1751 457 1917 493 Pontifice
1928 485 1935 492 .
1966 462 2063 495 Hinc

1175 508 1323 543 adversus
1334 508 1416 542 illud
1430 507 1585 552 Synodus
1597 507 1794 548 interceffit‚
1819 508 1964 553 allegans
1986 512 2064 544 suos

1177 570 1296 598 mores,
1308 559 1397 592 suam
1411 569 1598 602 perpetuam
1610 557 1880 592 consuetudinem
1893 583 1901 591 .
1930 560 1972 592 Et
1984 570 2067 594 tunt:

1176 609 1329 643 existimo
1341 609 1493 643 Siricium
1505 608 1690 652 relhripfiffe
1699 608 1873 643 secundam
1881 607 2066 652 epistolam,

1179 659 1296 700 prioris
1308 658 1587 702 interpretativam
1615 670 1653 692 ac
1664 658 1901 693 moderativam
1913 684 1924 700 ‚
1949 659 1991 693 de
2003 670 2068 704 qua.

1178 707 1375 743 Vincentius
1386 709 1420 743 δε
1432 707 1687 743 Fortunatianus
1696 733 1706 749 ‚
1736 709 1979 743 Proconsularis
1990 710 2070 744 Pro-

1180 758 1295 792 vinciae
1306 760 1423 804 Legati
1436 783 1448 799 ,
1473 759 1628 793 dixerunt
1648 759 1688 792 ad
1708 757 1793 793 hanc
1805 759 1989 794 Zellensem
2009 761 2069 804 Sy-

1179 806 1303 842 nodum
1317 822 1328 841 .-
1356 813 1463 842 Etiam
1483 819 1547 842 cum
1560 806 1707 850 Tusdrum
1720 809 1875 851 fuissem
1887 834 1898 850 ,
1918 809 1990 853 ficut
2013 821 2074 844 me«

1180 871 1244 892 cum
1265 860 1361 892 recolit
1384 860 1563 893 memorialis
1587 860 1702 891 auditio
1725 859 1821 897 vestra
1846 884 1858 900 ,
1881 861 1915 893 ὁ·
1938 861 2071 902 epistolas

1180 908 1294 952 sandlae
1310 915 1458 943 memoriae
1469 912 1569 943 siricii
1580 909 1665 942 sedis
1679 908 1846 950 Apostolicae
1858 909 2007 953 Episcopt.
2022 911 2075 944 de*

1181 959 1336 1001 dlffmlus,
1363 971 1481 1002 unaque
1503 970 1604 993 earum
1611 963 1743 992 recitata
1753 959 1819 1002 effet
1836 961 1857 991 ἃ
1868 960 2073 992 ,ςαηὲἰὶηιοηία

1183 1012 1307 1042 Fratris
1319 1008 1404 1044 nostri
1415 1007 1557 1051 Epist-opi
1574 1013 1696 1042 Latent}
1711 1032 1723 1049 ‚
1750 1008 1889 1052 utrasque
1904 1020 1955 1042 nos
1966 1008 2073 1050 afferre

1178 1056 1321 1102 suggestio
1346 1059 1496 1091 indicavit
1524 1082 1532 1090 .
1572 1063 1639 1091 Has
1665 1064 1758 1101 igitur
1782 1066 1923 1093 recitari>
1944 1061 2075 1093 donate.

1184 1105 1329 1151 Episcopi
1349 1108 1492 1141 dixerunt
1507 1121 1518 1141 .·
1544 1110 1715 1140 Recitemur
1738 1109 1867 1150 epistola
1888 1111 2078 1143 venerabilis

1185 1162 1332 1193 memoria
1343 1158 1457 1192 stricu.
1486 1161 1526 1190 Ue
1547 1162 1739 1199 noverimus,
1763 1161 1843 1200 qutd
1851 1171 1954 1194 earum
1973 1168 2078 1194 textui·

1184 1214 1351 1243 contineat.
1484 1220 1485 1223 ¹

1224 1257 1428 1300 Affirmant,
1441 1268 1480 1293 ac
1495 1269 1558 1293 nos
1568 1257 1691 1293 docent
1702 1255 1789 1292 varia
1798 1283 1807 1292 .
1837 1258 1975 1300 Primo,
1985 1256 2079 1302 quod

1187 1309 1320 1343 Siricius
1332 1308 1412 1343 duas
1423 1309 1575 1352 epistolas
1585 1309 1626 1344 de
1637 1309 1698 1342 hac
1708 1308 1824 1343 eadem
1845 1320 1879 1343 re
1891 1309 2013 1344 miserit
2035 1308 2080 1343 ad

1187 1609 1269 1643 faeta
1282 1609 1345 1643 fuit
1356 1608 1558 1643 Tusdritana
1576 1622 1583 1640 :
1613 1609 1656 1643 Et
1670 1610 1990 1653 utriqueadfuerunt
2009 1609 2083 1653 plu*

1186 1655 1235 1692 re's
1248 1658 1354 1692 eidem
1379 1659 1533 1702 Episcopi
1548 1683 1555 1690 .
1582 1659 1703 1693 Tertio
1715 1684 1725 1699 ,
1752 1660 1842 1703 quod
1854 1659 2079 1694 ad-Tu'sdrita-

1188 1718 1264 1741 nam
1287 1706 1459 1749 Synodum
1494 1707 1655 1741 Latonius
1686 1708 1867 1752 Episcopus
1885 1734 1895 1749 ,
1925 1721 1962 1744 ut
1985 1710 2083 1743 istius

1187 1753 1370 1791 Provinciae
1394 1756 1520 1791 Primas
1538 1756 1666 1792 recitari
1678 1760 1797 1792 curarit
1808 1758 1942 1792 unicam
1952 1759 2083 1793 duma-¹

1188 1817 1246 1841 xat
1258 1807 1430 1850 epistolam
1442 1832 1449 1840 .
1482 1806 1616 1855 Qarto
1625 1831 1636 1848 ,
1650 1808 1740 1852 quod
1754 1808 1935 1843 adsidentes
1949 1809 2081 1853 Episco-

1189 1858 1221 1899 pi
1244 1867 1313 1890 non
1334 1857 1485 1891 contenti
1502 1858 1693 1901 postularint
1712 1858 1812 1893 etiam
1825 1859 1950 1893 recitari
1965 1860 2080 1894 secun-

1187 1905 1262 1940 dam
1275 1920 1287 1940 .·
1315 1907 1358 1941 Et
1370 1906 1459 1950 quod
1476 1908 1574 1942 fuerit
1585 1909 1718 1942 recitata
1729 1934 1736 1942 .
1765 1908 1896 1953 Nempe
1915 1910 2085 1945 Latonius

1189 1956 1453 1991 recitari-curarat
1468 1958 1570 1992 solam
1583 1958 1814 2002 posteriorem,
1840 1959 1956 2003 prioris
1978 1960 2085 1994 inter-2

1188 2017 1311 2050 precem
1338 2018 1376 2041 ac
1387 2006 1636 2043 moderatricem
1650 2022 1662 2042 .·
1689 2009 1736 2043 At
1747 2008 1824 2044 vero
1844 2009 1912 2044 haec
1934 2010 2002 2045 fine
2023 2010 2084 2044 111ae

1188 2056 1284 2100 plene
1309 2057 1430 2100 percipi
1444 2069 1513 2091 non
1535 2068 1681 2101 poterat.
1710 2060 1804 2094 Hinc
1829 2060 1934 2094 &ista
1948 2060 2083 2095 recitari

1188 2105 1301 2138 debuit
1314 2130 1322 2138 .
1350 2106 1429 2140 Erat
1442 2108 1575 2149 praesens
1590 2107 1728 2151 epistola
1739 2134 1747 2141 .
1774 2109 1938 2144 Posterior
1949 2110 2080 2145 videtui:

1187 2152 1276 2188 hunc
1291 2156 1434 2198 primum
1449 2156 1621 2191 articulum
1633 2159 1820 2202 temperasse
1831 2184 1842 2199 ‚
1870 2171 1906 2194 ac
1917 2159 2082 2195 reduxiffe·

1188 2205 1228 2238 ad
1252 2215 1444 2240 communes
1469 2207 1693 2242 Occidentalis
1715 2209 1865 2243 Ecclefiae
1878 2221 2008 2250 mores,
2035 2209 2081 2245 ad

1185 2255 1307 2287 avitam
1317 2254 1482 2289 Africana:
1490 2256 1609 2291 Gentis
1621 2259 1895 2294 consuetudinem
1908 2285 1915 2292 .
1942 2261 1986 2294 Et
1998 2259 2082 2295 hinc

1185 2302 1361 2338 addustum
1377 2306 1479 2338 suum
1502 2307 1762 2349 compendium,
1787 2311 1877 2352 quod
1904 2310 1943 2343 ad
1966 2311 2083 2344 conse·

1184 2353 1323 2387 crandos
1344 2354 1526 2399 Episcopos
1551 2357 1651 2391 solius
1671 2357 1925 2402 Metropolitani
1954 2370 1990 2393 ac
2009 2358 2083 2393 Pti-

1186 2405 1283 2437 matis
1303 2406 1507 2439 consensum·
1522 2406 1657 2450 requirit
1671 2432 1682 2448 ‚
1709 2408 1890 2444 Fen-andus
1906 2409 2082 2453 Diaconus

1186 2452 1316 2486 fundari
1344 2452 1519 2496 asseverat,
1545 2466 1614 2489 non
1638 2457 1809 2492 dumtaxat
1838 2459 1870 2490 in
1899 2468 2014 2500 quarto
2039 2469 2082 2493 ac

1186 2503 1277 2536 sexto
1289 2502 1426 2538 Nicaeno
1439 2504 1580 2538 Canone
1591 2527 1603 2543 ,
1629 2506 1682 2539 sed
1694 2507 1798 2540 etiam·
1815 2508 1849 2540 in
1871 2509 2011 2542 Zellenfi
2023 2510 2081 2552 Sy·

1188 2553 1278 2586 nodo
1292 2576 1305 2593 ‚
1327 2564 1364 2586 ac
1385 2554 1420 2587 in
1432 2555 1569 2598 epistola
1589 2554 1696 2590 Siricii
1709 2555 1902 2591 pontificis.
1931 2557 2014 2592 Non
2041 2558 2079 2593 in

1188 2604 1312 2646 prima,
1340 2603 1393 2638 sed
1417 2603 1452 2639 in
1475 2604 1614 2639 secunda
1638 2631 1645 2637 .
1673 2606 1754 2641 Haec
1779 2608 1873 2652 periit
1898 2618 1955 2642 aut
1977 2608 2077 2643 latet.

1189 2653 1280 2688 Hinc
1293 2653 1523 2697 compellimur
1535 2655 1575 2689 ad
1591 2656 1793 2699 conjecturas
1805 2683 1812 2691 .
1842 2658 1923 2693 Eam
1947 2656 2077 2693 videtur

1188 2703 1300 2737 vidisse
1311 2705 1445 2738 Sanctus
1457 2706 1526 2739 Leo
1541 2716 1656 2740 nonus.
1682 2707 1815 2742 Etenim
1827 2708 1935 2743 scribit
1947 2708 2076 2752 amplis-

1187 2754 1297 2789 simam
1308 2754 1398 2788 illam
1410 2779 1422 2796 ,
1448 2767 1546 2798 quam
1558 2756 1598 2790 ad
1612 2768 1726 2791 omues
1746 2758 1984 2793 consecrandos
1999 2759 2076 2803 Epi·

1188 2805 1302 2847 scopos
1319 2804 1416 2839 habet
1430 2805 1556 2840 Primas
1585 2806 1872 2852 Carthaginenfis‚
1898 2807 2076 2844 authorita-

1188 2865 1255 2888 tem
1268 2854 1331 2888 esse
1342 2855 1549 2900 privilegium
1574 2868 1612 2890 ac
1627 2857 1823 2893 beneficium
1840 2860 2002 2893 Romanae
2013 2858 2077 2893 Ee.-

1187 2904 1304 2938 clefiae.
1335 2905 1439 2952 Qod
1451 2916 1565 2950 nempe
1575 2907 1665 2941 dedit
1686 2908 1745 2942 ista
1766 2909 1905 2943 secunda
1917 2908 2075 2952 epistola.

1186 2954 1276 2988 Mihi
1291 2954 1403 2989 videor
1413 2954 1480 2990 haec
1492 2967 1560 2991 non
1572 2958 1639 2992 fine
1651 2957 1868 2992 fundamento
1891 2958 2073 3002 conjicere.

1188 3005 1280 3038 Dum
1292 3005 1426 3048 epistola
1438 3008 1618 3050 apparuerit
1632 3032 1643 3048 ‚
1671 3008 1862 3043 docebimur
1881 3009 2026 3043 firmiora
2037 3033 2047 3040 .

1236 3055 1346 3089 Etiam
1370 3055 1616 3091 provinciarum
1639 3057 1797 3093 Primate's
1821 3069 1886 3092 non
1901 3066 2075 3093 caruerunt:

1188 3105 1250 3139 suis
1272 3105 1511 3150 dignitatibus:
1538 3106 1717 3142 Praesertirn
1739 3108 1887 3144 Numida
1915 3110 1949 3143 δε
1970 3109 2076 3143 Caesa·

1182 3156 1306 3190 ‚ratensis
1325 3180 1332 3187 .
1362 3156 1495 3189 Etenim
1516 3156 1594 3191 dum
1618 3157 1806 3193 Victorinus
1832 3160 1866 3193 &
1887 3158 2074 3203 Xantippus

1185 3204 1352 3251 litigarent
1378 3205 1420 3240 de
1445 3206 1595 3241 Primatu
1622 3207 1789 3244 Numidiae
1811 3234 1822 3250 ,
1852 3209 1892 3243 ad
1918 3209 2073 3253 deinceps

1186 3256 1359 3290 evitandos
1380 3255 1561 3291 istiusmodi
1586 3258 1736 3301 scopulos
1755 3259 1919 3294 emanavit
1942 3258 1998 3294 hic
2012 3260 2073 3294 Ca-

1190 3317 1275 3341 non:
1306 3313 1360 3341 Hic
1372 3307 1460 3347 ordo,
1488 3307 1868 3354 quojuniorEpiscopus
1878 3321 2072 3353 nunquam,

1188 3355 1356 3399 praesertim
1370 3358 1401 3389 in
1417 3358 1553 3398 Synodo
1563 3383 1573 3398 ,
1587 3358 1692 3393 sedere
1703 3360 1797 3403 poffit
1808 3370 1884 3394 ante
1897 3361 2072 3396 seniorem,

1187 3408 1221 3442 ὁ·
1241 3410 1261 3441 a
1291 3407 1435 3443 Patribus
1458 3408 1540 3443 ’δὴ
1567 3410 1734 3453 MaJnribut
1754 3409 1901 3454 servatus
1923 3408 2071 3448 εβγΰᾶ

1683 3461 1716 3493 O
1918 3457 2021 3497 nobis,
