<?xml version="1.0" encoding="UTF-8"?>
<!DOCTYPE html PUBLIC "-//W3C//DTD XHTML 1.0 Transitional//EN"
    "http://www.w3.org/TR/xhtml1/DTD/xhtml1-transitional.dtd">
<html xmlns="http://www.w3.org/1999/xhtml" xml:lang="en" lang="en">
 <head>
  <title>
</title>
<meta http-equiv="Content-Type" content="text/html;charset=utf-8" />
  <meta name='ocr-system' content='tesseract 3.04.00' />
  <meta name='ocr-capabilities' content='ocr_page ocr_carea ocr_par ocr_line ocrx_word'/>
</head>
<body>
  <div class='ocr_page' id='page_1' title='image "./operaomniastudio08lupuuoft/operaomniastudio08lupuuoft_0085.png"; bbox 0 0 2326 3718; ppageno 0'>
   <div class='ocr_carea' id='block_1_1' title="bbox 69 2614 223 2651">
    <p class='ocr_par' dir='ltr' id='par_1_1' title="bbox 69 2614 223 2651">
     <span class='ocr_line' id='line_1_1' title="bbox 69 2614 223 2651; baseline -0.026 -6"><span class='ocrx_word' id='word_1_1' title='bbox 69 2614 223 2651; x_wconf 72' lang='lat' dir='ltr'>1..6.c.14.</span> 
     </span>
    </p>
   </div>
   <div class='ocr_carea' id='block_1_2' title="bbox 696 97 1600 155">
    <p class='ocr_par' dir='ltr' id='par_1_2' title="bbox 696 97 1600 155">
     <span class='ocr_line' id='line_1_2' title="bbox 696 97 1600 155; baseline -0.007 -2"><span class='ocrx_word' id='word_1_2' title='bbox 696 106 981 153; x_wconf 66' lang='lat' dir='ltr'>Romams</span> <span class='ocrx_word' id='word_1_3' title='bbox 1012 97 1600 155; x_wconf 59' lang='lat' dir='ltr'>Aoptttaffmmws.</span> 
     </span>
    </p>
   </div>
   <div class='ocr_carea' id='block_1_3' title="bbox 235 191 1120 987">
    <p class='ocr_par' dir='ltr' id='par_1_3' title="bbox 236 191 1119 680">
     <span class='ocr_line' id='line_1_3' title="bbox 239 191 1112 240; baseline -0.006 -9"><span class='ocrx_word' id='word_1_4' title='bbox 239 191 395 240; x_wconf 82' lang='lat' dir='ltr'>g&#39;ulariter</span> <span class='ocrx_word' id='word_1_5' title='bbox 411 205 449 228; x_wconf 77' lang='lat' dir='ltr'>ac</span> <span class='ocrx_word' id='word_1_6' title='bbox 471 191 578 238; x_wconf 72' lang='lat' dir='ltr'>ample</span> <span class='ocrx_word' id='word_1_7' title='bbox 596 193 819 229; x_wconf 85' lang='lat' dir='ltr'>discutienda.</span> <span class='ocrx_word' id='word_1_8' title='bbox 848 192 985 227; x_wconf 83' lang='lat' dir='ltr'>Interim</span> <span class='ocrx_word' id='word_1_9' title='bbox 996 193 1038 227; x_wconf 92' lang='lat' dir='ltr'>D.</span> <span class='ocrx_word' id='word_1_10' title='bbox 1052 191 1112 226; x_wconf 84' lang='lat' dir='ltr'>Pe.-</span> 
     </span>
     <span class='ocr_line' id='line_1_4' title="bbox 241 243 1114 283; baseline 0 -5"><span class='ocrx_word' id='word_1_11' title='bbox 241 257 309 280; x_wconf 79' lang='lat' dir='ltr'>trus</span> <span class='ocrx_word' id='word_1_12' title='bbox 319 246 359 280; x_wconf 85' lang='lat' dir='ltr'>de</span> <span class='ocrx_word' id='word_1_13' title='bbox 368 244 482 279; x_wconf 84' lang='lat' dir='ltr'>Marca</span> <span class='ocrx_word' id='word_1_14' title='bbox 503 255 573 279; x_wconf 88' lang='lat' dir='ltr'>non</span> <span class='ocrx_word' id='word_1_15' title='bbox 594 255 683 280; x_wconf 90' lang='lat' dir='ltr'>totus</span> <span class='ocrx_word' id='word_1_16' title='bbox 704 245 832 283; x_wconf 77' lang='lat' dir='ltr'>deviat.</span> <span class='ocrx_word' id='word_1_17' title='bbox 859 243 941 278; x_wconf 87' lang='lat' dir='ltr'>Haec</span> <span class='ocrx_word' id='word_1_18' title='bbox 963 244 1018 277; x_wconf 90' lang='lat' dir='ltr'>sua</span> <span class='ocrx_word' id='word_1_19' title='bbox 1027 253 1114 278; x_wconf 83' lang='lat' dir='ltr'>nova</span> 
     </span>
     <span class='ocr_line' id='line_1_5' title="bbox 243 293 1117 339; baseline -0.003 -8"><span class='ocrx_word' id='word_1_20' title='bbox 243 296 410 339; x_wconf 81' lang='lat' dir='ltr'>Dogmata</span> <span class='ocrx_word' id='word_1_21' title='bbox 421 294 571 329; x_wconf 88' lang='lat' dir='ltr'>obtinere</span> <span class='ocrx_word' id='word_1_22' title='bbox 595 297 664 331; x_wconf 88' lang='lat' dir='ltr'>vult</span> <span class='ocrx_word' id='word_1_23' title='bbox 684 296 720 331; x_wconf 85' lang='lat' dir='ltr'>in</span> <span class='ocrx_word' id='word_1_24' title='bbox 742 294 819 329; x_wconf 87' lang='lat' dir='ltr'>solis</span> <span class='ocrx_word' id='word_1_25' title='bbox 832 293 1060 328; x_wconf 80' lang='lat' dir='ltr'>Ecclefiasticae</span> <span class='ocrx_word' id='word_1_26' title='bbox 1069 293 1117 328; x_wconf 88' lang='lat' dir='ltr'>di·</span> 
     </span>
     <span class='ocr_line' id='line_1_6' title="bbox 241 343 1117 391; baseline 0 -12"><span class='ocrx_word' id='word_1_27' title='bbox 241 345 400 388; x_wconf 70' lang='lat' dir='ltr'>sciplinae,</span> <span class='ocrx_word' id='word_1_28' title='bbox 426 357 494 391; x_wconf 82' lang='lat' dir='ltr'>non</span> <span class='ocrx_word' id='word_1_29' title='bbox 510 346 543 379; x_wconf 87' lang='lat' dir='ltr'>in</span> <span class='ocrx_word' id='word_1_30' title='bbox 557 345 745 380; x_wconf 72' lang='lat' dir='ltr'>Christianae</span> <span class='ocrx_word' id='word_1_31' title='bbox 756 345 832 379; x_wconf 85' lang='lat' dir='ltr'>fidei</span> <span class='ocrx_word' id='word_1_32' title='bbox 843 343 993 388; x_wconf 79' lang='lat' dir='ltr'>Judiciis:</span> <span class='ocrx_word' id='word_1_33' title='bbox 1020 343 1117 379; x_wconf 85' lang='lat' dir='ltr'>Circa</span> 
     </span>
     <span class='ocr_line' id='line_1_7' title="bbox 240 392 1119 436; baseline 0.003 -8"><span class='ocrx_word' id='word_1_34' title='bbox 240 393 309 428; x_wconf 77' lang='lat' dir='ltr'>haec</span> <span class='ocrx_word' id='word_1_35' title='bbox 319 395 494 430; x_wconf 86' lang='lat' dir='ltr'>confitetur</span> <span class='ocrx_word' id='word_1_36' title='bbox 507 396 525 431; x_wconf 69' lang='lat' dir='ltr'>a</span> <span class='ocrx_word' id='word_1_37' title='bbox 537 395 780 431; x_wconf 74' lang='lat' dir='ltr'>provinciarum</span> <span class='ocrx_word' id='word_1_38' title='bbox 791 420 801 436; x_wconf 93' lang='lat'>,</span> <span class='ocrx_word' id='word_1_39' title='bbox 828 395 934 430; x_wconf 75' lang='lat' dir='ltr'>immo</span> <span class='ocrx_word' id='word_1_40' title='bbox 954 395 987 429; x_wconf 88' lang='lat'>&amp;</span> <span class='ocrx_word' id='word_1_41' title='bbox 997 394 1015 431; x_wconf 67' lang='lat' dir='ltr'>a</span> <span class='ocrx_word' id='word_1_42' title='bbox 1026 392 1119 431; x_wconf 77' lang='lat' dir='ltr'>nioe·</span> 
     </span>
     <span class='ocr_line' id='line_1_8' title="bbox 238 445 1119 489; baseline -0.001 -11"><span class='ocrx_word' id='word_1_43' title='bbox 238 445 346 479; x_wconf 84' lang='lat' dir='ltr'>cesion</span> <span class='ocrx_word' id='word_1_44' title='bbox 358 446 501 488; x_wconf 78' lang='lat' dir='ltr'>synodis</span> <span class='ocrx_word' id='word_1_45' title='bbox 512 446 678 489; x_wconf 85' lang='lat' dir='ltr'>provocari</span> <span class='ocrx_word' id='word_1_46' title='bbox 690 446 779 489; x_wconf 81' lang='lat' dir='ltr'>posse</span> <span class='ocrx_word' id='word_1_47' title='bbox 792 471 803 488; x_wconf 81' lang='lat'>,</span> <span class='ocrx_word' id='word_1_48' title='bbox 828 446 862 479; x_wconf 90' lang='lat'>&amp;</span> <span class='ocrx_word' id='word_1_49' title='bbox 874 447 994 489; x_wconf 81' lang='lat' dir='ltr'>semper</span> <span class='ocrx_word' id='word_1_50' title='bbox 1004 454 1119 487; x_wconf 81' lang='lat' dir='ltr'>provo-</span> 
     </span>
     <span class='ocr_line' id='line_1_9' title="bbox 238 493 1119 540; baseline -0.001 -12"><span class='ocrx_word' id='word_1_51' title='bbox 238 503 349 528; x_wconf 85' lang='lat' dir='ltr'>catum</span> <span class='ocrx_word' id='word_1_52' title='bbox 361 495 452 530; x_wconf 80' lang='lat' dir='ltr'>fuiffe</span> <span class='ocrx_word' id='word_1_53' title='bbox 464 497 504 531; x_wconf 87' lang='lat' dir='ltr'>ad</span> <span class='ocrx_word' id='word_1_54' title='bbox 516 495 711 530; x_wconf 86' lang='lat' dir='ltr'>Cathedram</span> <span class='ocrx_word' id='word_1_55' title='bbox 722 495 830 530; x_wconf 62' lang='lat' dir='ltr'>Sancti</span> <span class='ocrx_word' id='word_1_56' title='bbox 840 495 944 532; x_wconf 87' lang='lat' dir='ltr'>Petri.-</span> <span class='ocrx_word' id='word_1_57' title='bbox 962 493 1049 540; x_wconf 77' lang='lat' dir='ltr'>¹Ejus</span> <span class='ocrx_word' id='word_1_58' title='bbox 1059 494 1119 527; x_wconf 89' lang='lat' dir='ltr'>Di-</span> 
     </span>
     <span class='ocr_line' id='line_1_10' title="bbox 237 544 1119 591; baseline -0.002 -12"><span class='ocrx_word' id='word_1_59' title='bbox 237 545 373 589; x_wconf 84' lang='lat' dir='ltr'><strong>scipuli,</strong></span> <span class='ocrx_word' id='word_1_60' title='bbox 398 547 454 590; x_wconf 93' lang='lat' dir='ltr'>qui</span> <span class='ocrx_word' id='word_1_61' title='bbox 466 557 604 580; x_wconf 88' lang='lat' dir='ltr'>errorem</span> <span class='ocrx_word' id='word_1_62' title='bbox 618 547 717 581; x_wconf 87' lang='lat' dir='ltr'>etiam</span> <span class='ocrx_word' id='word_1_63' title='bbox 730 546 771 580; x_wconf 93' lang='lat' dir='ltr'>ad</span> <span class='ocrx_word' id='word_1_64' title='bbox 782 546 857 581; x_wconf 85' lang='lat' dir='ltr'>fidei</span> <span class='ocrx_word' id='word_1_65' title='bbox 871 544 995 591; x_wconf 83' lang='lat' dir='ltr'>Judicia</span> <span class='ocrx_word' id='word_1_66' title='bbox 1006 554 1119 579; x_wconf 86' lang='lat' dir='ltr'>exten-</span> 
     </span>
     <span class='ocr_line' id='line_1_11' title="bbox 236 593 1119 643; baseline -0.002 -14"><span class='ocrx_word' id='word_1_67' title='bbox 236 594 341 637; x_wconf 85' lang='lat' dir='ltr'>dunt,</span> <span class='ocrx_word' id='word_1_68' title='bbox 370 595 470 643; x_wconf 71' lang='lat' dir='ltr'>longe</span> <span class='ocrx_word' id='word_1_69' title='bbox 490 595 673 642; x_wconf 77' lang='lat' dir='ltr'>graviorem</span> <span class='ocrx_word' id='word_1_70' title='bbox 698 596 856 643; x_wconf 87' lang='lat' dir='ltr'>infligunt</span> <span class='ocrx_word' id='word_1_71' title='bbox 876 594 1006 633; x_wconf 82' lang='lat' dir='ltr'>veritati</span> <span class='ocrx_word' id='word_1_72' title='bbox 1027 593 1119 640; x_wconf 74' lang='lat' dir='ltr'>injuv-</span> 
     </span>
     <span class='ocr_line' id='line_1_12' title="bbox 236 646 745 680; baseline -0.006 0"><span class='ocrx_word' id='word_1_73' title='bbox 236 646 335 680; x_wconf 73' lang='lat' dir='ltr'>riam.</span> <span class='ocrx_word' id='word_1_74' title='bbox 743 675 745 677; x_wconf 85' lang='grc'><em>,</em></span> 
     </span>
    </p>

    <p class='ocr_par' dir='ltr' id='par_1_4' title="bbox 235 694 1120 987">
     <span class='ocr_line' id='line_1_13' title="bbox 288 694 1120 744; baseline -0.005 -13"><span class='ocrx_word' id='word_1_75' title='bbox 288 696 393 744; x_wconf 81' lang='lat' dir='ltr'>Qod</span> <span class='ocrx_word' id='word_1_76' title='bbox 412 696 635 732; x_wconf 72' lang='lat' dir='ltr'>provincialia</span> <span class='ocrx_word' id='word_1_77' title='bbox 645 697 828 734; x_wconf 80' lang='lat' dir='ltr'>Galliarum</span> <span class='ocrx_word' id='word_1_78' title='bbox 839 694 993 731; x_wconf 86' lang='lat' dir='ltr'>Concilia</span> <span class='ocrx_word' id='word_1_79' title='bbox 1014 695 1120 739; x_wconf 83' lang='lat' dir='ltr'>supre-</span> 
     </span>
     <span class='ocr_line' id='line_1_14' title="bbox 235 744 1120 790; baseline -0.003 -10"><span class='ocrx_word' id='word_1_80' title='bbox 235 757 291 782; x_wconf 85' lang='lat' dir='ltr'>ma</span> <span class='ocrx_word' id='word_1_81' title='bbox 300 747 359 781; x_wconf 86' lang='lat' dir='ltr'>ista</span> <span class='ocrx_word' id='word_1_82' title='bbox 370 747 531 790; x_wconf 83' lang='lat' dir='ltr'>potestate</span> <span class='ocrx_word' id='word_1_83' title='bbox 541 749 624 783; x_wconf 82' lang='lat' dir='ltr'>olim</span> <span class='ocrx_word' id='word_1_84' title='bbox 648 749 850 786; x_wconf 88' lang='lat' dir='ltr'>fruerentur,</span> <span class='ocrx_word' id='word_1_85' title='bbox 877 745 1047 780; x_wconf 78' lang='lat' dir='ltr'>Dominus</span> <span class='ocrx_word' id='word_1_86' title='bbox 1062 744 1120 778; x_wconf 88' lang='lat' dir='ltr'>Pe-</span> 
     </span>
     <span class='ocr_line' id='line_1_15' title="bbox 235 794 1119 842; baseline -0.002 -12"><span class='ocrx_word' id='word_1_87' title='bbox 235 807 304 830; x_wconf 87' lang='lat' dir='ltr'>trus</span> <span class='ocrx_word' id='word_1_88' title='bbox 315 795 357 831; x_wconf 83' lang='lat' dir='ltr'>de</span> <span class='ocrx_word' id='word_1_89' title='bbox 367 797 484 832; x_wconf 83' lang='lat' dir='ltr'>Marca</span> <span class='ocrx_word' id='word_1_90' title='bbox 500 798 600 834; x_wconf 85' lang='lat' dir='ltr'>etiam</span> <span class='ocrx_word' id='word_1_91' title='bbox 627 797 742 842; x_wconf 84' lang='lat' dir='ltr'>probat</span> <span class='ocrx_word' id='word_1_92' title='bbox 762 808 806 831; x_wconf 86' lang='lat' dir='ltr'>ex</span> <span class='ocrx_word' id='word_1_93' title='bbox 820 794 1007 831; x_wconf 77' lang='lat' dir='ltr'>innocentii</span> <span class='ocrx_word' id='word_1_94' title='bbox 1022 794 1119 838; x_wconf 87' lang='lat' dir='ltr'>primi</span> 
     </span>
     <span class='ocr_line' id='line_1_16' title="bbox 236 846 1119 890; baseline -0.001 -9"><span class='ocrx_word' id='word_1_95' title='bbox 236 846 411 890; x_wconf 86' lang='lat' dir='ltr'>Rescripto</span> <span class='ocrx_word' id='word_1_96' title='bbox 421 847 463 881; x_wconf 89' lang='lat' dir='ltr'>ad</span> <span class='ocrx_word' id='word_1_97' title='bbox 478 847 628 883; x_wconf 68' lang='lat' dir='ltr'>Sanctum</span> <span class='ocrx_word' id='word_1_98' title='bbox 648 847 841 883; x_wconf 70' lang='lat' dir='ltr'>Vistricium</span> <span class='ocrx_word' id='word_1_99' title='bbox 855 871 862 879; x_wconf 92' lang='lat'><strong><em>.</em></strong></span> <span class='ocrx_word' id='word_1_100' title='bbox 891 847 933 880; x_wconf 83' lang='lat' dir='ltr'>Et</span> <span class='ocrx_word' id='word_1_101' title='bbox 945 847 1119 880; x_wconf 85' lang='lat' dir='ltr'>confirmat</span> 
     </span>
     <span class='ocr_line' id='line_1_17' title="bbox 238 895 1120 940; baseline -0.002 -10"><span class='ocrx_word' id='word_1_102' title='bbox 238 907 278 930; x_wconf 83' lang='lat' dir='ltr'>ex</span> <span class='ocrx_word' id='word_1_103' title='bbox 288 897 392 940; x_wconf 85' lang='lat' dir='ltr'>prima</span> <span class='ocrx_word' id='word_1_104' title='bbox 403 897 537 932; x_wconf 82' lang='lat' dir='ltr'>Vasensi</span> <span class='ocrx_word' id='word_1_105' title='bbox 548 898 687 940; x_wconf 87' lang='lat' dir='ltr'>Synodo</span> <span class='ocrx_word' id='word_1_106' title='bbox 695 920 709 937; x_wconf 79' lang='lat'><em>,</em></span> <span class='ocrx_word' id='word_1_107' title='bbox 731 908 775 930; x_wconf 85' lang='lat' dir='ltr'>ex</span> <span class='ocrx_word' id='word_1_108' title='bbox 790 895 929 931; x_wconf 62' lang='lat' dir='ltr'>secunda</span> <span class='ocrx_word' id='word_1_109' title='bbox 950 895 1120 929; x_wconf 83' lang='lat' dir='ltr'>Arelaten-</span> 
     </span>
     <span class='ocr_line' id='line_1_18' title="bbox 238 943 1118 987; baseline 0 -8"><span class='ocrx_word' id='word_1_110' title='bbox 238 947 260 979; x_wconf 84' lang='lat' dir='ltr'>si</span> <span class='ocrx_word' id='word_1_111' title='bbox 274 971 286 987; x_wconf 96' lang='lat'>,</span> <span class='ocrx_word' id='word_1_112' title='bbox 311 958 350 981; x_wconf 86' lang='lat' dir='ltr'>ac</span> <span class='ocrx_word' id='word_1_113' title='bbox 366 957 409 980; x_wconf 82' lang='lat' dir='ltr'>ex</span> <span class='ocrx_word' id='word_1_114' title='bbox 429 947 523 979; x_wconf 86' lang='lat' dir='ltr'>tertia</span> <span class='ocrx_word' id='word_1_115' title='bbox 549 944 792 981; x_wconf 79' lang='lat' dir='ltr'>Aurelianensi.</span> <span class='ocrx_word' id='word_1_116' title='bbox 820 943 1019 987; x_wconf 85' lang='lat' dir='ltr'>Respondeo</span> <span class='ocrx_word' id='word_1_117' title='bbox 1030 943 1118 979; x_wconf 86' lang='lat' dir='ltr'>hunc</span> 
     </span>
    </p>
   </div>
   <div class='ocr_carea' id='block_1_4' title="bbox 103 992 1118 1040">
    <p class='ocr_par' dir='ltr' id='par_1_5' title="bbox 103 992 1118 1040">
     <span class='ocr_line' id='line_1_19' title="bbox 103 992 1118 1040; baseline 0.001 -13"><span class='ocrx_word' id='word_1_118' title='bbox 103 996 177 1034; x_wconf 82' lang='lat' dir='ltr'>Cap.</span> <span class='ocrx_word' id='word_1_119' title='bbox 195 1004 221 1031; x_wconf 83' lang='grc' dir='ltr'>ς.</span> <span class='ocrx_word' id='word_1_120' title='bbox 236 996 301 1030; x_wconf 76' lang='lat' dir='ltr'>esse</span> <span class='ocrx_word' id='word_1_121' title='bbox 311 995 486 1029; x_wconf 68' lang='lat' dir='ltr'>vasensem</span> <span class='ocrx_word' id='word_1_122' title='bbox 501 994 677 1033; x_wconf 83' lang='lat' dir='ltr'>Canonem</span> <span class='ocrx_word' id='word_1_123' title='bbox 691 1007 699 1029; x_wconf 91' lang='lat'><strong>:</strong></span> <span class='ocrx_word' id='word_1_124' title='bbox 724 997 758 1031; x_wconf 80' lang='lat' dir='ltr'>si</span> <span class='ocrx_word' id='word_1_125' title='bbox 767 1000 836 1037; x_wconf 73' lang='lat' dir='ltr'>quis</span> <span class='ocrx_word' id='word_1_126' title='bbox 846 992 1118 1040; x_wconf 72' lang='lat' dir='ltr'>Epifioplsuisen-</span> 
     </span>
    </p>
   </div>
   <div class='ocr_carea' id='block_1_5' title="bbox 235 1042 1119 1090">
    <p class='ocr_par' dir='ltr' id='par_1_6' title="bbox 235 1042 1119 1090">
     <span class='ocr_line' id='line_1_20' title="bbox 235 1042 1119 1090; baseline 0 -11"><span class='ocrx_word' id='word_1_127' title='bbox 235 1049 342 1079; x_wconf 70' lang='lat' dir='ltr'>tentia</span> <span class='ocrx_word' id='word_1_128' title='bbox 357 1054 417 1077; x_wconf 86' lang='lat' dir='ltr'>non</span> <span class='ocrx_word' id='word_1_129' title='bbox 435 1042 611 1090; x_wconf 70' lang='lat' dir='ltr'>acquiescit,</span> <span class='ocrx_word' id='word_1_130' title='bbox 637 1054 772 1079; x_wconf 75' lang='lat' dir='ltr'>recurrat</span> <span class='ocrx_word' id='word_1_131' title='bbox 790 1045 836 1078; x_wconf 82' lang='lat' dir='ltr'>ad</span> <span class='ocrx_word' id='word_1_132' title='bbox 856 1046 1000 1084; x_wconf 69' lang='lat' dir='ltr'>synodum</span> <span class='ocrx_word' id='word_1_133' title='bbox 1014 1068 1023 1079; x_wconf 83' lang='lat'><strong>.</strong></span> <span class='ocrx_word' id='word_1_134' title='bbox 1049 1045 1119 1080; x_wconf 91' lang='lat' dir='ltr'>Hic</span> 
     </span>
    </p>
   </div>
   <div class='ocr_carea' id='block_1_6' title="bbox 91 1093 1120 1139">
    <p class='ocr_par' dir='ltr' id='par_1_7' title="bbox 91 1093 1120 1139">
     <span class='ocr_line' id='line_1_21' title="bbox 91 1093 1120 1139; baseline -0.001 -8"><span class='ocrx_word' id='word_1_135' title='bbox 91 1101 164 1139; x_wconf 78' lang='lat' dir='ltr'>cap.</span> <span class='ocrx_word' id='word_1_136' title='bbox 175 1103 222 1135; x_wconf 78' lang='lat'>48.</span> <span class='ocrx_word' id='word_1_137' title='bbox 237 1094 282 1128; x_wconf 88' lang='lat' dir='ltr'>est</span> <span class='ocrx_word' id='word_1_138' title='bbox 293 1093 510 1129; x_wconf 81' lang='lat' dir='ltr'>Arelatensis:</span> <span class='ocrx_word' id='word_1_139' title='bbox 539 1097 571 1128; x_wconf 74' lang='lat' dir='ltr'>si</span> <span class='ocrx_word' id='word_1_140' title='bbox 589 1101 658 1137; x_wconf 72' lang='lat' dir='ltr'>quis</span> <span class='ocrx_word' id='word_1_141' title='bbox 669 1094 811 1138; x_wconf 70' lang='lat' dir='ltr'>Episcopi</span> <span class='ocrx_word' id='word_1_142' title='bbox 828 1093 879 1139; x_wconf 72' lang='lat' dir='ltr'>sut</span> <span class='ocrx_word' id='word_1_143' title='bbox 893 1093 1051 1138; x_wconf 56' lang='lat' dir='ltr'>sententiae</span> <span class='ocrx_word' id='word_1_144' title='bbox 1062 1105 1120 1130; x_wconf 86' lang='lat' dir='ltr'>non</span> 
     </span>
    </p>
   </div>
   <div class='ocr_carea' id='block_1_7' title="bbox 237 1143 1121 1190">
    <p class='ocr_par' dir='ltr' id='par_1_8' title="bbox 237 1143 1121 1190">
     <span class='ocr_line' id='line_1_22' title="bbox 237 1143 1121 1190; baseline 0.002 -13"><span class='ocrx_word' id='word_1_145' title='bbox 237 1143 417 1188; x_wconf 69' lang='lat' dir='ltr'>acquiescat,</span> <span class='ocrx_word' id='word_1_146' title='bbox 443 1145 548 1186; x_wconf 61' lang='lat' dir='ltr'>synoda*</span> <span class='ocrx_word' id='word_1_147' title='bbox 557 1145 667 1190; x_wconf 76' lang='lat' dir='ltr'>legibus</span> <span class='ocrx_word' id='word_1_148' title='bbox 678 1147 876 1180; x_wconf 75' lang='lat' dir='ltr'>audiendum.</span> <span class='ocrx_word' id='word_1_149' title='bbox 904 1145 1121 1180; x_wconf 85' lang='lat' dir='ltr'>Aurelianen-</span> 
     </span>
    </p>
   </div>
   <div class='ocr_carea' id='block_1_8' title="bbox 84 1179 1126 1237">
    <p class='ocr_par' dir='ltr' id='par_1_9' title="bbox 84 1179 1126 1237">
     <span class='ocr_line' id='line_1_23' title="bbox 84 1179 1126 1237; baseline 0 -9"><span class='ocrx_word' id='word_1_150' title='bbox 84 1179 166 1218; x_wconf 61' lang='grc' dir='ltr'>αρ’</span> <span class='ocrx_word' id='word_1_151' title='bbox 178 1189 221 1217; x_wconf 85' lang='lat'>¹9·</span> <span class='ocrx_word' id='word_1_152' title='bbox 235 1194 275 1229; x_wconf 82' lang='lat' dir='ltr'>sis</span> <span class='ocrx_word' id='word_1_153' title='bbox 293 1194 340 1229; x_wconf 88' lang='lat' dir='ltr'>ita</span> <span class='ocrx_word' id='word_1_154' title='bbox 362 1194 467 1228; x_wconf 79' lang='lat' dir='ltr'>sancit</span> <span class='ocrx_word' id='word_1_155' title='bbox 486 1195 528 1229; x_wconf 87' lang='lat' dir='ltr'>de</span> <span class='ocrx_word' id='word_1_156' title='bbox 549 1196 715 1230; x_wconf 77' lang='lat' dir='ltr'>damnatis</span> <span class='ocrx_word' id='word_1_157' title='bbox 725 1196 888 1231; x_wconf 84' lang='lat' dir='ltr'>Clericis:</span> <span class='ocrx_word' id='word_1_158' title='bbox 914 1198 961 1229; x_wconf 79' lang='lat' dir='ltr'>De</span> <span class='ocrx_word' id='word_1_159' title='bbox 985 1194 1126 1237; x_wconf 72' lang='lat' dir='ltr'>quibusfi</span> 
     </span>
    </p>
   </div>
   <div class='ocr_carea' id='block_1_9' title="bbox 234 1246 1126 2087">
    <p class='ocr_par' dir='ltr' id='par_1_10' title="bbox 234 1246 1126 2087">
     <span class='ocr_line' id='line_1_24' title="bbox 236 1246 1122 1290; baseline 0 -13"><span class='ocrx_word' id='word_1_160' title='bbox 236 1247 355 1287; x_wconf 82' lang='lat' dir='ltr'>querela</span> <span class='ocrx_word' id='word_1_161' title='bbox 371 1246 508 1286; x_wconf 72' lang='lat' dir='ltr'>procedit</span> <span class='ocrx_word' id='word_1_162' title='bbox 529 1268 541 1286; x_wconf 87' lang='lat'><strong>,</strong></span> <span class='ocrx_word' id='word_1_163' title='bbox 566 1247 687 1288; x_wconf 68' lang='lat' dir='ltr'>officium</span> <span class='ocrx_word' id='word_1_164' title='bbox 706 1257 798 1290; x_wconf 82' lang='lat' dir='ltr'>agens</span> <span class='ocrx_word' id='word_1_165' title='bbox 821 1253 954 1280; x_wconf 78' lang='lat' dir='ltr'>recurrat</span> <span class='ocrx_word' id='word_1_166' title='bbox 975 1247 1021 1279; x_wconf 83' lang='lat' dir='ltr'>ad</span> <span class='ocrx_word' id='word_1_167' title='bbox 1041 1248 1122 1285; x_wconf 73' lang='lat' dir='ltr'>syno-</span> 
     </span>
     <span class='ocr_line' id='line_1_25' title="bbox 236 1293 1120 1339; baseline 0.001 -12"><span class='ocrx_word' id='word_1_168' title='bbox 236 1294 325 1328; x_wconf 81' lang='lat' dir='ltr'>dum.</span> <span class='ocrx_word' id='word_1_169' title='bbox 351 1293 390 1328; x_wconf 87' lang='lat' dir='ltr'>In</span> <span class='ocrx_word' id='word_1_170' title='bbox 401 1294 519 1338; x_wconf 86' lang='lat' dir='ltr'>quibus</span> <span class='ocrx_word' id='word_1_171' title='bbox 531 1295 687 1331; x_wconf 86' lang='lat' dir='ltr'>omnibus</span> <span class='ocrx_word' id='word_1_172' title='bbox 699 1307 759 1331; x_wconf 84' lang='lat' dir='ltr'>nec</span> <span class='ocrx_word' id='word_1_173' title='bbox 772 1306 858 1331; x_wconf 86' lang='lat' dir='ltr'>unus</span> <span class='ocrx_word' id='word_1_174' title='bbox 870 1295 915 1330; x_wconf 89' lang='lat' dir='ltr'>est</span> <span class='ocrx_word' id='word_1_175' title='bbox 928 1307 1013 1339; x_wconf 83' lang='lat' dir='ltr'>apex</span> <span class='ocrx_word' id='word_1_176' title='bbox 1026 1319 1038 1336; x_wconf 91' lang='lat'><em>,</em></span> <span class='ocrx_word' id='word_1_177' title='bbox 1063 1294 1120 1339; x_wconf 91' lang='lat' dir='ltr'>qui</span> 
     </span>
     <span class='ocr_line' id='line_1_26' title="bbox 236 1344 1122 1390; baseline 0.002 -12"><span class='ocrx_word' id='word_1_178' title='bbox 236 1347 375 1379; x_wconf 84' lang='lat' dir='ltr'>errorem</span> <span class='ocrx_word' id='word_1_179' title='bbox 395 1344 526 1387; x_wconf 79' lang='lat' dir='ltr'>adjuvet</span> <span class='ocrx_word' id='word_1_180' title='bbox 551 1370 558 1378; x_wconf 91' lang='lat'><strong>.</strong></span> <span class='ocrx_word' id='word_1_181' title='bbox 586 1346 698 1380; x_wconf 87' lang='lat' dir='ltr'>Etiam</span> <span class='ocrx_word' id='word_1_182' title='bbox 717 1346 936 1390; x_wconf 83' lang='lat' dir='ltr'>Innocentius</span> <span class='ocrx_word' id='word_1_183' title='bbox 962 1345 1122 1380; x_wconf 81' lang='lat' dir='ltr'>Pontifex</span> 
     </span>
     <span class='ocr_line' id='line_1_27' title="bbox 234 1394 1121 1439; baseline 0.003 -11"><span class='ocrx_word' id='word_1_184' title='bbox 234 1395 297 1429; x_wconf 77' lang='lat' dir='ltr'>suo</span> <span class='ocrx_word' id='word_1_185' title='bbox 319 1394 454 1429; x_wconf 88' lang='lat' dir='ltr'>Canoni</span> <span class='ocrx_word' id='word_1_186' title='bbox 476 1394 592 1431; x_wconf 73' lang='lat' dir='ltr'>diserte</span> <span class='ocrx_word' id='word_1_187' title='bbox 613 1395 726 1431; x_wconf 83' lang='lat' dir='ltr'>addit:</span> <span class='ocrx_word' id='word_1_188' title='bbox 751 1397 1007 1439; x_wconf 72' lang='lat' dir='ltr'>stnepraejudtcto</span> <span class='ocrx_word' id='word_1_189' title='bbox 1020 1405 1121 1431; x_wconf 79' lang='lat' dir='ltr'>tamen</span> 
     </span>
     <span class='ocr_line' id='line_1_28' title="bbox 235 1444 1124 1488; baseline 0.002 -11"><span class='ocrx_word' id='word_1_190' title='bbox 235 1448 381 1480; x_wconf 71' lang='lat' dir='ltr'>Romane</span> <span class='ocrx_word' id='word_1_191' title='bbox 392 1444 547 1486; x_wconf 77' lang='lat' dir='ltr'>Ecclefiae,</span> <span class='ocrx_word' id='word_1_192' title='bbox 570 1451 661 1480; x_wconf 74' lang='lat' dir='ltr'>culin</span> <span class='ocrx_word' id='word_1_193' title='bbox 669 1446 805 1480; x_wconf 74' lang='lat' dir='ltr'>omnibus</span> <span class='ocrx_word' id='word_1_194' title='bbox 814 1445 907 1488; x_wconf 82' lang='lat' dir='ltr'>caufis</span> <span class='ocrx_word' id='word_1_195' title='bbox 930 1446 1019 1481; x_wconf 82' lang='lat' dir='ltr'>debet</span> <span class='ocrx_word' id='word_1_196' title='bbox 1040 1457 1124 1481; x_wconf 84' lang='lat' dir='ltr'>reve·</span> 
     </span>
     <span class='ocr_line' id='line_1_29' title="bbox 235 1493 1123 1539; baseline 0.001 -12"><span class='ocrx_word' id='word_1_197' title='bbox 235 1499 335 1527; x_wconf 66' lang='lat' dir='ltr'>tentia</span> <span class='ocrx_word' id='word_1_198' title='bbox 344 1493 496 1536; x_wconf 66' lang='lat' dir='ltr'>custodiri.</span> <span class='ocrx_word' id='word_1_199' title='bbox 522 1494 700 1539; x_wconf 66' lang='lat' dir='ltr'>Nempein</span> <span class='ocrx_word' id='word_1_200' title='bbox 720 1495 928 1528; x_wconf 81' lang='lat' dir='ltr'>clericorum</span> <span class='ocrx_word' id='word_1_201' title='bbox 945 1496 1047 1529; x_wconf 82' lang='lat' dir='ltr'>causis</span> <span class='ocrx_word' id='word_1_202' title='bbox 1071 1508 1123 1536; x_wconf 83' lang='lat' dir='ltr'>ap-</span> 
     </span>
     <span class='ocr_line' id='line_1_30' title="bbox 236 1542 1125 1587; baseline -0.001 -11"><span class='ocrx_word' id='word_1_203' title='bbox 236 1542 426 1587; x_wconf 79' lang='lat' dir='ltr'>pellationis</span> <span class='ocrx_word' id='word_1_204' title='bbox 436 1544 615 1580; x_wconf 83' lang='lat' dir='ltr'>reverentia</span> <span class='ocrx_word' id='word_1_205' title='bbox 632 1567 643 1585; x_wconf 91' lang='lat'>‚</span> <span class='ocrx_word' id='word_1_206' title='bbox 670 1544 706 1578; x_wconf 87' lang='lat' dir='ltr'>in</span> <span class='ocrx_word' id='word_1_207' title='bbox 719 1543 957 1587; x_wconf 82' lang='lat' dir='ltr'>Episcoporum</span> <span class='ocrx_word' id='word_1_208' title='bbox 978 1543 1125 1587; x_wconf 82' lang='lat' dir='ltr'>negotiis</span> 
     </span>
     <span class='ocr_line' id='line_1_31' title="bbox 236 1591 1126 1635; baseline 0 -9"><span class='ocrx_word' id='word_1_209' title='bbox 236 1593 369 1634; x_wconf 79' lang='lat' dir='ltr'>insuper</span> <span class='ocrx_word' id='word_1_210' title='bbox 376 1593 554 1627; x_wconf 86' lang='lat' dir='ltr'>reverentia</span> <span class='ocrx_word' id='word_1_211' title='bbox 566 1593 751 1626; x_wconf 78' lang='lat' dir='ltr'>relationis.</span> <span class='ocrx_word' id='word_1_212' title='bbox 782 1594 826 1625; x_wconf 83' lang='lat' dir='ltr'>Et</span> <span class='ocrx_word' id='word_1_213' title='bbox 845 1603 964 1625; x_wconf 85' lang='lat' dir='ltr'>omnes</span> <span class='ocrx_word' id='word_1_214' title='bbox 982 1591 1047 1625; x_wconf 74' lang='lat' dir='ltr'>istas</span> <span class='ocrx_word' id='word_1_215' title='bbox 1059 1593 1126 1635; x_wconf 80' lang='lat' dir='ltr'><strong>Sy·-</strong></span> 
     </span>
     <span class='ocr_line' id='line_1_32' title="bbox 235 1639 1125 1684; baseline 0.002 -10"><span class='ocrx_word' id='word_1_216' title='bbox 235 1639 319 1674; x_wconf 78' lang='lat' dir='ltr'>nodi</span> <span class='ocrx_word' id='word_1_217' title='bbox 346 1640 509 1673; x_wconf 80' lang='lat' dir='ltr'>innovant</span> <span class='ocrx_word' id='word_1_218' title='bbox 535 1640 691 1684; x_wconf 88' lang='lat' dir='ltr'>quintum</span> <span class='ocrx_word' id='word_1_219' title='bbox 718 1639 893 1675; x_wconf 72' lang='lat' dir='ltr'>Nieaenum</span> <span class='ocrx_word' id='word_1_220' title='bbox 914 1639 1093 1675; x_wconf 86' lang='lat' dir='ltr'>Canonem</span> <span class='ocrx_word' id='word_1_221' title='bbox 1112 1655 1125 1676; x_wconf 79' lang='lat'>.-</span> 
     </span>
     <span class='ocr_line' id='line_1_33' title="bbox 237 1685 1123 1733; baseline -0.002 -8"><span class='ocrx_word' id='word_1_222' title='bbox 237 1689 334 1725; x_wconf 85' lang='lat' dir='ltr'>Hinc</span> <span class='ocrx_word' id='word_1_223' title='bbox 360 1685 561 1724; x_wconf 73' lang='lat' dir='ltr'>&#39;Arelatensis</span> <span class='ocrx_word' id='word_1_224' title='bbox 582 1690 687 1723; x_wconf 84' lang='lat' dir='ltr'>sancit</span> <span class='ocrx_word' id='word_1_225' title='bbox 710 1689 933 1733; x_wconf 79' lang='lat' dir='ltr'>appellantem</span> <span class='ocrx_word' id='word_1_226' title='bbox 954 1690 1123 1724; x_wconf 83' lang='lat' dir='ltr'>Clericum</span> 
     </span>
     <span class='ocr_line' id='line_1_34' title="bbox 238 1737 1123 1785; baseline 0 -12"><span class='ocrx_word' id='word_1_227' title='bbox 238 1740 344 1780; x_wconf 63' lang='lat' dir='ltr'>synodi</span> <span class='ocrx_word' id='word_1_228' title='bbox 367 1739 478 1785; x_wconf 72' lang='lat' dir='ltr'>legibus</span> <span class='ocrx_word' id='word_1_229' title='bbox 502 1740 703 1774; x_wconf 75' lang='lat' dir='ltr'>audiendum.</span> <span class='ocrx_word' id='word_1_230' title='bbox 730 1737 876 1775; x_wconf 74' lang='lat' dir='ltr'>Proinde</span> <span class='ocrx_word' id='word_1_231' title='bbox 888 1748 1062 1774; x_wconf 88' lang='lat' dir='ltr'>tenuerunt</span> <span class='ocrx_word' id='word_1_232' title='bbox 1088 1740 1123 1773; x_wconf 76' lang='grc' dir='ltr'>δε</span> 
     </span>
     <span class='ocr_line' id='line_1_35' title="bbox 238 1788 1123 1835; baseline -0.001 -10"><span class='ocrx_word' id='word_1_233' title='bbox 238 1791 417 1835; x_wconf 83' lang='lat' dir='ltr'>pietatem,</span> <span class='ocrx_word' id='word_1_234' title='bbox 441 1801 484 1825; x_wconf 83' lang='lat' dir='ltr'>ex</span> <span class='ocrx_word' id='word_1_235' title='bbox 503 1800 568 1835; x_wconf 84' lang='lat' dir='ltr'>qua</span> <span class='ocrx_word' id='word_1_236' title='bbox 591 1789 723 1824; x_wconf 82' lang='lat' dir='ltr'>Nicaeni</span> <span class='ocrx_word' id='word_1_237' title='bbox 740 1788 854 1826; x_wconf 80' lang='lat' dir='ltr'>Patres</span> <span class='ocrx_word' id='word_1_238' title='bbox 875 1788 1038 1824; x_wconf 77' lang='lat' dir='ltr'>nihilausi</span> <span class='ocrx_word' id='word_1_239' title='bbox 1049 1791 1123 1824; x_wconf 89' lang='lat' dir='ltr'>sunt</span> 
     </span>
     <span class='ocr_line' id='line_1_36' title="bbox 237 1838 1124 1886; baseline -0.001 -11"><span class='ocrx_word' id='word_1_240' title='bbox 237 1839 436 1875; x_wconf 87' lang='lat' dir='ltr'>constituere</span> <span class='ocrx_word' id='word_1_241' title='bbox 446 1842 539 1886; x_wconf 80' lang='lat' dir='ltr'>super</span> <span class='ocrx_word' id='word_1_242' title='bbox 550 1839 739 1875; x_wconf 84' lang='lat' dir='ltr'>Romanam</span> <span class='ocrx_word' id='word_1_243' title='bbox 760 1838 939 1876; x_wconf 73' lang='lat' dir='ltr'>Ecclesiam</span> <span class='ocrx_word' id='word_1_244' title='bbox 949 1863 961 1880; x_wconf 86' lang='lat'>‚</span> <span class='ocrx_word' id='word_1_245' title='bbox 988 1841 1124 1874; x_wconf 88' lang='lat' dir='ltr'>scientes</span> 
     </span>
     <span class='ocr_line' id='line_1_37' title="bbox 238 1887 1123 1934; baseline -0.001 -9"><span class='ocrx_word' id='word_1_246' title='bbox 238 1891 298 1934; x_wconf 82' lang='lat' dir='ltr'>ipsi</span> <span class='ocrx_word' id='word_1_247' title='bbox 309 1890 424 1926; x_wconf 85' lang='lat' dir='ltr'>omnia</span> <span class='ocrx_word' id='word_1_248' title='bbox 435 1891 584 1926; x_wconf 79' lang='lat' dir='ltr'>concessa</span> <span class='ocrx_word' id='word_1_249' title='bbox 597 1889 615 1923; x_wconf 77' lang='lat' dir='ltr'>a</span> <span class='ocrx_word' id='word_1_250' title='bbox 626 1887 780 1925; x_wconf 88' lang='lat' dir='ltr'>Domino</span> <span class='ocrx_word' id='word_1_251' title='bbox 793 1916 801 1923; x_wconf 88' lang='lat'><strong>.</strong></span> <span class='ocrx_word' id='word_1_252' title='bbox 831 1889 875 1924; x_wconf 81' lang='lat' dir='ltr'>Et</span> <span class='ocrx_word' id='word_1_253' title='bbox 886 1888 976 1934; x_wconf 88' lang='lat' dir='ltr'>quod</span> <span class='ocrx_word' id='word_1_254' title='bbox 989 1890 1123 1924; x_wconf 86' lang='lat' dir='ltr'>istarum</span> 
     </span>
     <span class='ocr_line' id='line_1_38' title="bbox 236 1939 1124 1984; baseline 0 -9"><span class='ocrx_word' id='word_1_255' title='bbox 236 1941 451 1984; x_wconf 87' lang='lat' dir='ltr'>Synodorum</span> <span class='ocrx_word' id='word_1_256' title='bbox 458 1940 573 1977; x_wconf 86' lang='lat' dir='ltr'>Patres</span> <span class='ocrx_word' id='word_1_257' title='bbox 584 1940 648 1974; x_wconf 90' lang='lat' dir='ltr'>suis</span> <span class='ocrx_word' id='word_1_258' title='bbox 657 1939 814 1980; x_wconf 83' lang='lat' dir='ltr'>Clericis‚</span> <span class='ocrx_word' id='word_1_259' title='bbox 840 1939 945 1976; x_wconf 74' lang='lat' dir='ltr'>immo</span> <span class='ocrx_word' id='word_1_260' title='bbox 969 1941 1003 1975; x_wconf 76' lang='grc' dir='ltr'>δι</span> <span class='ocrx_word' id='word_1_261' title='bbox 1015 1940 1124 1975; x_wconf 83' lang='lat' dir='ltr'>Laicis</span> 
     </span>
     <span class='ocr_line' id='line_1_39' title="bbox 240 1987 1123 2036; baseline 0 -10"><span class='ocrx_word' id='word_1_262' title='bbox 240 1991 411 2027; x_wconf 78' lang='lat' dir='ltr'>Romanas</span> <span class='ocrx_word' id='word_1_263' title='bbox 422 1987 673 2036; x_wconf 81' lang='lat' dir='ltr'>Appellationes</span> <span class='ocrx_word' id='word_1_264' title='bbox 684 1991 887 2035; x_wconf 81' lang='lat' dir='ltr'>permiserint</span> <span class='ocrx_word' id='word_1_265' title='bbox 896 2016 907 2033; x_wconf 94' lang='lat'>‚</span> <span class='ocrx_word' id='word_1_266' title='bbox 918 1990 1053 2027; x_wconf 66' lang='lat' dir='ltr'>adducta</span> <span class='ocrx_word' id='word_1_267' title='bbox 1067 1992 1123 2026; x_wconf 82' lang='lat' dir='ltr'>su-</span> 
     </span>
     <span class='ocr_line' id='line_1_40' title="bbox 239 2042 720 2087; baseline 0.002 -11"><span class='ocrx_word' id='word_1_268' title='bbox 239 2042 347 2086; x_wconf 77' lang='lat' dir='ltr'>perius</span> <span class='ocrx_word' id='word_1_269' title='bbox 356 2042 508 2087; x_wconf 83' lang='lat' dir='ltr'>exempla</span> <span class='ocrx_word' id='word_1_270' title='bbox 517 2042 702 2077; x_wconf 85' lang='lat' dir='ltr'>docuerunt</span> <span class='ocrx_word' id='word_1_271' title='bbox 712 2066 720 2077; x_wconf 88' lang='lat'><strong>.</strong></span> 
     </span>
    </p>
   </div>
   <div class='ocr_carea' id='block_1_10' title="bbox 405 2207 952 2260">
    <p class='ocr_par' dir='ltr' id='par_1_11' title="bbox 405 2207 952 2260">
     <span class='ocr_line' id='line_1_41' title="bbox 405 2207 952 2260; baseline -0.005 0"><span class='ocrx_word' id='word_1_272' title='bbox 405 2207 760 2260; x_wconf 91' lang='lat' dir='ltr'>CAPUT</span> <span class='ocrx_word' id='word_1_273' title='bbox 831 2213 952 2257; x_wconf 90' lang='lat' dir='ltr'>XX.</span> 
     </span>
    </p>
   </div>
   <div class='ocr_carea' id='block_1_11' title="bbox 239 2324 1122 2538">
    <p class='ocr_par' dir='ltr' id='par_1_12' title="bbox 239 2324 1122 2538">
     <span class='ocr_line' id='line_1_42' title="bbox 239 2324 1122 2395; baseline 0.001 -19"><span class='ocrx_word' id='word_1_274' title='bbox 239 2332 302 2376; x_wconf 79' lang='lat' dir='ltr'>Art</span> <span class='ocrx_word' id='word_1_275' title='bbox 329 2328 475 2395; x_wconf 75' lang='lat' dir='ltr'>inferior</span> <span class='ocrx_word' id='word_1_276' title='bbox 500 2327 642 2377; x_wconf 76' lang='lat' dir='ltr'>Galliae</span> <span class='ocrx_word' id='word_1_277' title='bbox 675 2327 804 2377; x_wconf 84' lang='lat' dir='ltr'>Clerus</span> <span class='ocrx_word' id='word_1_278' title='bbox 827 2324 907 2395; x_wconf 76' lang='lat' dir='ltr'>sub</span> <span class='ocrx_word' id='word_1_279' title='bbox 940 2327 1122 2379; x_wconf 77' lang='lat' dir='ltr'>Carolinae</span> 
     </span>
     <span class='ocr_line' id='line_1_43' title="bbox 378 2398 987 2466; baseline 0 -20"><span class='ocrx_word' id='word_1_280' title='bbox 378 2404 419 2446; x_wconf 84' lang='lat' dir='ltr'><em>F</em></span> <span class='ocrx_word' id='word_1_281' title='bbox 420 2398 556 2446; x_wconf 76' lang='lat' dir='ltr'>amiliae</span> <span class='ocrx_word' id='word_1_282' title='bbox 603 2400 766 2466; x_wconf 73' lang='lat' dir='ltr'>Regibus</span> <span class='ocrx_word' id='word_1_283' title='bbox 813 2404 987 2456; x_wconf 71' lang='lat' dir='ltr'>Romam</span> 
     </span>
     <span class='ocr_line' id='line_1_44' title="bbox 531 2465 816 2538; baseline 0.004 -23"><span class='ocrx_word' id='word_1_284' title='bbox 531 2467 782 2538; x_wconf 79' lang='lat' dir='ltr'>appellaverit</span> <span class='ocrx_word' id='word_1_285' title='bbox 796 2465 816 2516; x_wconf 86' lang='lat'>?</span> 
     </span>
    </p>
   </div>
   <div class='ocr_carea' id='block_1_12' title="bbox 240 2587 1120 2826">
    <p class='ocr_par' dir='ltr' id='par_1_13' title="bbox 240 2587 1120 2826">
     <span class='ocr_line' id='line_1_45' title="bbox 336 2587 1120 2634; baseline 0.003 -12"><span class='ocrx_word' id='word_1_286' title='bbox 336 2588 479 2623; x_wconf 89' lang='lat' dir='ltr'>Ominus</span> <span class='ocrx_word' id='word_1_287' title='bbox 490 2587 604 2623; x_wconf 84' lang='lat' dir='ltr'>Petrus</span> <span class='ocrx_word' id='word_1_288' title='bbox 615 2587 656 2622; x_wconf 90' lang='lat' dir='ltr'>de</span> <span class='ocrx_word' id='word_1_289' title='bbox 668 2588 781 2623; x_wconf 81' lang='lat' dir='ltr'>Marca</span> <span class='ocrx_word' id='word_1_290' title='bbox 792 2587 811 2623; x_wconf 80' lang='grc' dir='ltr'>ὲ</span> <span class='ocrx_word' id='word_1_291' title='bbox 823 2588 969 2623; x_wconf 86' lang='lat' dir='ltr'>Romani</span> <span class='ocrx_word' id='word_1_292' title='bbox 989 2588 1120 2634; x_wconf 81' lang='lat' dir='ltr'>Imperii</span> 
     </span>
     <span class='ocr_line' id='line_1_46' title="bbox 360 2638 1120 2684; baseline 0.001 -11"><span class='ocrx_word' id='word_1_293' title='bbox 360 2638 561 2682; x_wconf 86' lang='lat' dir='ltr'>temporibus</span> <span class='ocrx_word' id='word_1_294' title='bbox 571 2663 582 2679; x_wconf 94' lang='lat'>‚</span> <span class='ocrx_word' id='word_1_295' title='bbox 609 2639 643 2674; x_wconf 89' lang='lat'>&amp;</span> <span class='ocrx_word' id='word_1_296' title='bbox 665 2639 684 2672; x_wconf 76' lang='lat' dir='ltr'>a</span> <span class='ocrx_word' id='word_1_297' title='bbox 705 2639 807 2683; x_wconf 82' lang='lat' dir='ltr'>prima</span> <span class='ocrx_word' id='word_1_298' title='bbox 830 2639 1120 2684; x_wconf 78' lang='lat' dir='ltr'>Merovingiorum</span> 
     </span>
     <span class='ocr_line' id='line_1_47' title="bbox 240 2688 1120 2735; baseline 0.002 -11"><span class='ocrx_word' id='word_1_299' title='bbox 240 2691 375 2735; x_wconf 85' lang='lat' dir='ltr'>Regum</span> <span class='ocrx_word' id='word_1_300' title='bbox 401 2688 562 2734; x_wconf 84' lang='lat' dir='ltr'>Dynasiia</span> <span class='ocrx_word' id='word_1_301' title='bbox 580 2689 722 2729; x_wconf 85' lang='lat' dir='ltr'>transiit,</span> <span class='ocrx_word' id='word_1_302' title='bbox 750 2689 845 2723; x_wconf 85' lang='lat' dir='ltr'>novis</span> <span class='ocrx_word' id='word_1_303' title='bbox 857 2689 921 2723; x_wconf 89' lang='lat' dir='ltr'>suis</span> <span class='ocrx_word' id='word_1_304' title='bbox 944 2689 1120 2735; x_wconf 86' lang='lat' dir='ltr'>Dogmati—</span> 
     </span>
     <span class='ocr_line' id='line_1_48' title="bbox 241 2738 1120 2783; baseline -0.001 -7"><span class='ocrx_word' id='word_1_305' title='bbox 241 2740 301 2775; x_wconf 87' lang='lat' dir='ltr'>bus</span> <span class='ocrx_word' id='word_1_306' title='bbox 311 2738 447 2774; x_wconf 86' lang='lat' dir='ltr'>subsidia</span> <span class='ocrx_word' id='word_1_307' title='bbox 458 2749 641 2780; x_wconf 85' lang='lat' dir='ltr'>venaturus,</span> <span class='ocrx_word' id='word_1_308' title='bbox 651 2738 692 2773; x_wconf 88' lang='lat' dir='ltr'>ad</span> <span class='ocrx_word' id='word_1_309' title='bbox 703 2739 903 2783; x_wconf 81' lang='lat' dir='ltr'>Dynastiam</span> <span class='ocrx_word' id='word_1_310' title='bbox 914 2739 1120 2782; x_wconf 81' lang='lat' dir='ltr'>carolinam,</span> 
     </span>
     <span class='ocr_line' id='line_1_49' title="bbox 240 2789 1119 2826; baseline 0 0"><span class='ocrx_word' id='word_1_311' title='bbox 240 2791 275 2826; x_wconf 85' lang='lat'>&amp;</span> <span class='ocrx_word' id='word_1_312' title='bbox 296 2790 393 2826; x_wconf 87' lang='lat' dir='ltr'>nobis</span> <span class='ocrx_word' id='word_1_313' title='bbox 413 2789 560 2824; x_wconf 78' lang='lat' dir='ltr'>obtrudit</span> <span class='ocrx_word' id='word_1_314' title='bbox 582 2790 756 2824; x_wconf 88' lang='lat' dir='ltr'>Canonem</span> <span class='ocrx_word' id='word_1_315' title='bbox 779 2790 1119 2826; x_wconf 86' lang='lat' dir='ltr'>Franco-Fordiensis</span> 
     </span>
    </p>
   </div>
   <div class='ocr_carea' id='block_1_13' title="bbox 105 2839 1118 2887">
    <p class='ocr_par' dir='ltr' id='par_1_14' title="bbox 105 2839 1118 2887">
     <span class='ocr_line' id='line_1_50' title="bbox 105 2839 1118 2887; baseline 0 -12"><span class='ocrx_word' id='word_1_316' title='bbox 105 2847 183 2887; x_wconf 60' lang='grc' dir='ltr'>ξαρ.</span> <span class='ocrx_word' id='word_1_317' title='bbox 197 2852 225 2879; x_wconf 69' lang='grc'>6.</span> <span class='ocrx_word' id='word_1_318' title='bbox 241 2840 368 2884; x_wconf 83' lang='lat' dir='ltr'>Synodi</span> <span class='ocrx_word' id='word_1_319' title='bbox 381 2853 393 2874; x_wconf 82' lang='grc'>.·</span> <span class='ocrx_word' id='word_1_320' title='bbox 419 2843 572 2874; x_wconf 81' lang='lat' dir='ltr'>statutum</span> <span class='ocrx_word' id='word_1_321' title='bbox 595 2839 632 2880; x_wconf 76' lang='lat' dir='ltr'>est</span> <span class='ocrx_word' id='word_1_322' title='bbox 643 2842 662 2872; x_wconf 69' lang='grc' dir='ltr'><em>ἃ</em></span> <span class='ocrx_word' id='word_1_323' title='bbox 683 2843 809 2872; x_wconf 67' lang='lat' dir='ltr'>Domino</span> <span class='ocrx_word' id='word_1_324' title='bbox 819 2843 897 2885; x_wconf 83' lang='lat' dir='ltr'>Rege</span> <span class='ocrx_word' id='word_1_325' title='bbox 908 2842 942 2875; x_wconf 67' lang='grc'>6*</span> <span class='ocrx_word' id='word_1_326' title='bbox 952 2840 1063 2875; x_wconf 64' lang='lat' dir='ltr'>Saucia</span> <span class='ocrx_word' id='word_1_327' title='bbox 1074 2845 1118 2882; x_wconf 75' lang='lat'>55-</span> 
     </span>
    </p>
   </div>
   <div class='ocr_carea' id='block_1_14' title="bbox 236 2888 1118 3433">
    <p class='ocr_par' dir='ltr' id='par_1_15' title="bbox 236 2888 1118 3433">
     <span class='ocr_line' id='line_1_51' title="bbox 244 2888 1115 2934; baseline 0.002 -11"><span class='ocrx_word' id='word_1_328' title='bbox 244 2891 317 2923; x_wconf 80' lang='lat' dir='ltr'>nodo</span> <span class='ocrx_word' id='word_1_329' title='bbox 325 2914 336 2932; x_wconf 91' lang='lat'>,</span> <span class='ocrx_word' id='word_1_330' title='bbox 360 2899 394 2924; x_wconf 81' lang='lat' dir='ltr'>ut</span> <span class='ocrx_word' id='word_1_331' title='bbox 404 2888 681 2934; x_wconf 73' lang='lat' dir='ltr'>EptftopiJustitias</span> <span class='ocrx_word' id='word_1_332' title='bbox 690 2889 810 2931; x_wconf 84' lang='lat' dir='ltr'>faciant</span> <span class='ocrx_word' id='word_1_333' title='bbox 820 2896 853 2922; x_wconf 77' lang='lat' dir='ltr'>ln</span> <span class='ocrx_word' id='word_1_334' title='bbox 860 2890 927 2934; x_wconf 74' lang='lat' dir='ltr'>suis</span> <span class='ocrx_word' id='word_1_335' title='bbox 941 2891 1094 2925; x_wconf 70' lang='lat' dir='ltr'>parochus</span> <span class='ocrx_word' id='word_1_336' title='bbox 1107 2917 1115 2926; x_wconf 85' lang='lat'>.</span> 
     </span>
     <span class='ocr_line' id='line_1_52' title="bbox 243 2938 1118 2984; baseline 0.007 -14"><span class='ocrx_word' id='word_1_337' title='bbox 243 2940 274 2971; x_wconf 76' lang='lat'>52·</span> <span class='ocrx_word' id='word_1_338' title='bbox 284 2950 339 2973; x_wconf 77' lang='lat' dir='ltr'>non</span> <span class='ocrx_word' id='word_1_339' title='bbox 349 2941 489 2975; x_wconf 80' lang='lat' dir='ltr'>obedierit</span> <span class='ocrx_word' id='word_1_340' title='bbox 498 2941 599 2983; x_wconf 83' lang='lat' dir='ltr'>aliqua</span> <span class='ocrx_word' id='word_1_341' title='bbox 605 2938 734 2984; x_wconf 77' lang='lat' dir='ltr'>persona</span> <span class='ocrx_word' id='word_1_342' title='bbox 744 2938 890 2983; x_wconf 63' lang='lat' dir='ltr'>Episcopo</span> <span class='ocrx_word' id='word_1_343' title='bbox 896 2940 950 2983; x_wconf 85' lang='lat' dir='ltr'>suo</span> <span class='ocrx_word' id='word_1_344' title='bbox 961 2942 998 2975; x_wconf 89' lang='lat' dir='ltr'>de</span> <span class='ocrx_word' id='word_1_345' title='bbox 1021 2941 1118 2976; x_wconf 77' lang='lat' dir='ltr'>Abba-</span> 
     </span>
     <span class='ocr_line' id='line_1_53' title="bbox 244 2987 1117 3034; baseline 0.008 -15"><span class='ocrx_word' id='word_1_346' title='bbox 244 2987 347 3030; x_wconf 71' lang='lat' dir='ltr'>tilms,</span> <span class='ocrx_word' id='word_1_347' title='bbox 371 2991 576 3030; x_wconf 65' lang='lat' dir='ltr'>Presbyteru,</span> <span class='ocrx_word' id='word_1_348' title='bbox 601 2990 781 3024; x_wconf 68' lang='lat' dir='ltr'>Diaconibus</span> <span class='ocrx_word' id='word_1_349' title='bbox 807 3015 817 3031; x_wconf 89' lang='lat'>,</span> <span class='ocrx_word' id='word_1_350' title='bbox 840 2990 1117 3034; x_wconf 67' lang='lat' dir='ltr'>§ub-Draconibus‚</span> 
     </span>
     <span class='ocr_line' id='line_1_54' title="bbox 244 3037 1117 3081; baseline 0.007 -11"><span class='ocrx_word' id='word_1_351' title='bbox 244 3037 415 3080; x_wconf 77' lang='lat' dir='ltr'>Monacbts,</span> <span class='ocrx_word' id='word_1_352' title='bbox 440 3042 475 3075; x_wconf 58' lang='lat' dir='ltr'>(vt</span> <span class='ocrx_word' id='word_1_353' title='bbox 493 3046 608 3075; x_wconf 78' lang='lat' dir='ltr'>caeterlr</span> <span class='ocrx_word' id='word_1_354' title='bbox 631 3043 756 3075; x_wconf 75' lang='lat' dir='ltr'>Clericis</span> <span class='ocrx_word' id='word_1_355' title='bbox 778 3065 790 3081; x_wconf 91' lang='lat'>,</span> <span class='ocrx_word' id='word_1_356' title='bbox 814 3043 867 3074; x_wconf 83' lang='lat' dir='ltr'>vel</span> <span class='ocrx_word' id='word_1_357' title='bbox 883 3046 978 3075; x_wconf 74' lang='lat' dir='ltr'>etiam</span> <span class='ocrx_word' id='word_1_358' title='bbox 995 3043 1066 3076; x_wconf 81' lang='lat' dir='ltr'>aliis</span> <span class='ocrx_word' id='word_1_359' title='bbox 1084 3047 1117 3077; x_wconf 72' lang='lat' dir='ltr'>ln</span> 
     </span>
     <span class='ocr_line' id='line_1_55' title="bbox 243 3089 1118 3134; baseline 0.006 -13"><span class='ocrx_word' id='word_1_360' title='bbox 243 3089 309 3128; x_wconf 77' lang='lat' dir='ltr'>ejus</span> <span class='ocrx_word' id='word_1_361' title='bbox 330 3089 492 3130; x_wconf 64' lang='lat' dir='ltr'>parochia,</span> <span class='ocrx_word' id='word_1_362' title='bbox 516 3096 643 3125; x_wconf 84' lang='lat' dir='ltr'>veniant</span> <span class='ocrx_word' id='word_1_363' title='bbox 664 3092 711 3125; x_wconf 82' lang='lat' dir='ltr'>ad</span> <span class='ocrx_word' id='word_1_364' title='bbox 729 3092 986 3132; x_wconf 77' lang='lat' dir='ltr'>Metropolitanum</span> <span class='ocrx_word' id='word_1_365' title='bbox 1012 3090 1095 3133; x_wconf 79' lang='lat' dir='ltr'>fuum</span> <span class='ocrx_word' id='word_1_366' title='bbox 1107 3117 1118 3134; x_wconf 80' lang='lat'>,</span> 
     </span>
     <span class='ocr_line' id='line_1_56' title="bbox 243 3137 1118 3187; baseline 0.007 -18"><span class='ocrx_word' id='word_1_367' title='bbox 243 3137 279 3170; x_wconf 62' lang='grc' dir='ltr'>ὑ</span> <span class='ocrx_word' id='word_1_368' title='bbox 298 3138 347 3171; x_wconf 76' lang='lat' dir='ltr'>ille</span> <span class='ocrx_word' id='word_1_369' title='bbox 368 3139 509 3179; x_wconf 67' lang='lat' dir='ltr'>dijudicet</span> <span class='ocrx_word' id='word_1_370' title='bbox 529 3140 649 3185; x_wconf 80' lang='lat' dir='ltr'>causam</span> <span class='ocrx_word' id='word_1_371' title='bbox 660 3154 726 3176; x_wconf 90' lang='lat' dir='ltr'>cum</span> <span class='ocrx_word' id='word_1_372' title='bbox 738 3140 1028 3187; x_wconf 71' lang='lat' dir='ltr'>Sufflaganeissuis.</span> <span class='ocrx_word' id='word_1_373' title='bbox 1055 3146 1118 3176; x_wconf 68' lang='lat' dir='ltr'>Com</span> 
     </span>
     <span class='ocr_line' id='line_1_57' title="bbox 242 3190 1117 3236; baseline 0.008 -17"><span class='ocrx_word' id='word_1_374' title='bbox 242 3191 334 3220; x_wconf 75' lang='lat' dir='ltr'>mites</span> <span class='ocrx_word' id='word_1_375' title='bbox 355 3199 467 3229; x_wconf 84' lang='lat' dir='ltr'>quoque</span> <span class='ocrx_word' id='word_1_376' title='bbox 488 3190 572 3231; x_wconf 69' lang='lat' dir='ltr'>nostri</span> <span class='ocrx_word' id='word_1_377' title='bbox 593 3198 720 3226; x_wconf 78' lang='lat' dir='ltr'>veniant</span> <span class='ocrx_word' id='word_1_378' title='bbox 729 3192 938 3236; x_wconf 68' lang='lat' dir='ltr'>adjudicium</span> <span class='ocrx_word' id='word_1_379' title='bbox 961 3191 1117 3235; x_wconf 78' lang='lat' dir='ltr'>Episcopo—</span> 
     </span>
     <span class='ocr_line' id='line_1_58' title="bbox 242 3235 1117 3286; baseline 0.006 -15"><span class='ocrx_word' id='word_1_380' title='bbox 242 3248 311 3271; x_wconf 74' lang='lat' dir='ltr'>rum</span> <span class='ocrx_word' id='word_1_381' title='bbox 324 3260 332 3270; x_wconf 92' lang='lat'><strong><em>.</em></strong></span> <span class='ocrx_word' id='word_1_382' title='bbox 358 3235 436 3278; x_wconf 81' lang='lat' dir='ltr'>Etsi</span> <span class='ocrx_word' id='word_1_383' title='bbox 441 3238 557 3279; x_wconf 69' lang='lat' dir='ltr'>aliquid</span> <span class='ocrx_word' id='word_1_384' title='bbox 565 3241 600 3280; x_wconf 72' lang='lat' dir='ltr'>est</span> <span class='ocrx_word' id='word_1_385' title='bbox 609 3266 620 3282; x_wconf 90' lang='lat'>,</span> <span class='ocrx_word' id='word_1_386' title='bbox 645 3243 726 3285; x_wconf 83' lang='lat' dir='ltr'>quod</span> <span class='ocrx_word' id='word_1_387' title='bbox 739 3241 903 3285; x_wconf 78' lang='lat' dir='ltr'>Episcopus</span> <span class='ocrx_word' id='word_1_388' title='bbox 917 3244 1117 3286; x_wconf 79' lang='lat' dir='ltr'>Metropolita-</span> 
     </span>
     <span class='ocr_line' id='line_1_59' title="bbox 242 3288 1116 3335; baseline 0.009 -16"><span class='ocrx_word' id='word_1_389' title='bbox 242 3297 301 3320; x_wconf 76' lang='lat' dir='ltr'>nus</span> <span class='ocrx_word' id='word_1_390' title='bbox 321 3298 379 3320; x_wconf 84' lang='lat' dir='ltr'>non</span> <span class='ocrx_word' id='word_1_391' title='bbox 396 3288 476 3329; x_wconf 83' lang='lat' dir='ltr'>pofflt</span> <span class='ocrx_word' id='word_1_392' title='bbox 495 3293 630 3332; x_wconf 76' lang='lat' dir='ltr'>corrigere</span> <span class='ocrx_word' id='word_1_393' title='bbox 653 3293 705 3326; x_wconf 82' lang='lat' dir='ltr'>vel</span> <span class='ocrx_word' id='word_1_394' title='bbox 711 3292 886 3335; x_wconf 79' lang='lat' dir='ltr'>pacificare,</span> <span class='ocrx_word' id='word_1_395' title='bbox 910 3300 980 3326; x_wconf 83' lang='lat' dir='ltr'>tunc</span> <span class='ocrx_word' id='word_1_396' title='bbox 991 3295 1116 3327; x_wconf 81' lang='lat' dir='ltr'>tandem</span> 
     </span>
     <span class='ocr_line' id='line_1_60' title="bbox 243 3336 1115 3384; baseline 0.009 -15"><span class='ocrx_word' id='word_1_397' title='bbox 243 3342 371 3371; x_wconf 79' lang='lat' dir='ltr'>veniant</span> <span class='ocrx_word' id='word_1_398' title='bbox 383 3336 567 3380; x_wconf 78' lang='lat' dir='ltr'>Accusatores</span> <span class='ocrx_word' id='word_1_399' title='bbox 579 3350 644 3372; x_wconf 88' lang='lat' dir='ltr'>cum</span> <span class='ocrx_word' id='word_1_400' title='bbox 664 3341 797 3384; x_wconf 74' lang='lat' dir='ltr'>Accusata</span> <span class='ocrx_word' id='word_1_401' title='bbox 807 3355 872 3377; x_wconf 86' lang='lat' dir='ltr'>cum</span> <span class='ocrx_word' id='word_1_402' title='bbox 885 3344 995 3376; x_wconf 75' lang='lat' dir='ltr'>litteris</span> <span class='ocrx_word' id='word_1_403' title='bbox 1007 3346 1115 3377; x_wconf 80' lang='lat' dir='ltr'>Metro·</span> 
     </span>
     <span class='ocr_line' id='line_1_61' title="bbox 236 3387 1114 3433; baseline 0.008 -13"><span class='ocrx_word' id='word_1_404' title='bbox 236 3387 387 3430; x_wconf 67' lang='lat' dir='ltr'>politam,</span> <span class='ocrx_word' id='word_1_405' title='bbox 410 3398 445 3422; x_wconf 83' lang='lat' dir='ltr'>ut</span> <span class='ocrx_word' id='word_1_406' title='bbox 454 3387 581 3432; x_wconf 74' lang='lat' dir='ltr'>sciamus</span> <span class='ocrx_word' id='word_1_407' title='bbox 604 3395 839 3433; x_wconf 24' lang='lat' dir='ltr'>wrttatemvrei.</span> <span class='ocrx_word' id='word_1_408' title='bbox 867 3393 1035 3429; x_wconf 83' lang='lat' dir='ltr'>Dominus</span> <span class='ocrx_word' id='word_1_409' title='bbox 1049 3393 1114 3427; x_wconf 87' lang='lat' dir='ltr'>Ar-</span> 
     </span>
    </p>
   </div>
   <div class='ocr_carea' id='block_1_15' title="bbox 1919 123 1985 169">
    <p class='ocr_par' dir='ltr' id='par_1_16' title="bbox 1919 123 1985 169">
     <span class='ocr_line' id='line_1_62' title="bbox 1919 123 1985 169; baseline -0.091 0"><span class='ocrx_word' id='word_1_410' title='bbox 1919 123 1985 169; x_wconf 83' lang='lat'>79</span> 
     </span>
    </p>
   </div>
   <div class='ocr_carea' id='block_1_16' title="bbox 1174 186 2093 737">
    <p class='ocr_par' dir='ltr' id='par_1_17' title="bbox 1174 186 2093 737">
     <span class='ocr_line' id='line_1_63' title="bbox 1174 186 2054 238; baseline 0.005 -14"><span class='ocrx_word' id='word_1_411' title='bbox 1174 186 1424 234; x_wconf 82' lang='lat' dir='ltr'>chi-Episcopus</span> <span class='ocrx_word' id='word_1_412' title='bbox 1445 188 1583 224; x_wconf 81' lang='lat' dir='ltr'>affirmat</span> <span class='ocrx_word' id='word_1_413' title='bbox 1602 189 1679 225; x_wconf 87' lang='lat' dir='ltr'>huic</span> <span class='ocrx_word' id='word_1_414' title='bbox 1699 191 1838 238; x_wconf 81' lang='lat' dir='ltr'>Synodo</span> <span class='ocrx_word' id='word_1_415' title='bbox 1860 192 1994 230; x_wconf 74' lang='lat' dir='ltr'>adfuisse</span> <span class='ocrx_word' id='word_1_416' title='bbox 2015 205 2054 228; x_wconf 81' lang='lat' dir='ltr'>ae</span> 
     </span>
     <span class='ocr_line' id='line_1_64' title="bbox 1177 238 2055 290; baseline 0.007 -16"><span class='ocrx_word' id='word_1_417' title='bbox 1177 239 1349 284; x_wconf 76' lang='lat' dir='ltr'>praesedisse</span> <span class='ocrx_word' id='word_1_418' title='bbox 1373 238 1600 283; x_wconf 85' lang='lat' dir='ltr'>Apostolicam</span> <span class='ocrx_word' id='word_1_419' title='bbox 1622 240 1761 277; x_wconf 85' lang='lat' dir='ltr'>Adriani</span> <span class='ocrx_word' id='word_1_420' title='bbox 1786 244 1882 288; x_wconf 87' lang='lat' dir='ltr'>primi</span> <span class='ocrx_word' id='word_1_421' title='bbox 1899 244 2055 290; x_wconf 87' lang='lat' dir='ltr'>Legatio-</span> 
     </span>
     <span class='ocr_line' id='line_1_65' title="bbox 1179 288 2054 334; baseline 0.005 -9"><span class='ocrx_word' id='word_1_422' title='bbox 1179 301 1254 326; x_wconf 85' lang='lat' dir='ltr'>nem</span> <span class='ocrx_word' id='word_1_423' title='bbox 1264 314 1276 332; x_wconf 93' lang='lat'>,</span> <span class='ocrx_word' id='word_1_424' title='bbox 1302 288 1442 334; x_wconf 64' lang='lat' dir='ltr'>ideoque</span> <span class='ocrx_word' id='word_1_425' title='bbox 1452 289 1487 324; x_wconf 73' lang='grc' dir='ltr'>ὅ(</span> <span class='ocrx_word' id='word_1_426' title='bbox 1497 288 1667 333; x_wconf 82' lang='lat' dir='ltr'>probatam</span> <span class='ocrx_word' id='word_1_427' title='bbox 1678 291 1712 325; x_wconf 87' lang='lat'>&amp;</span> <span class='ocrx_word' id='word_1_428' title='bbox 1725 295 1950 330; x_wconf 78' lang='lat' dir='ltr'>confirmatam</span> <span class='ocrx_word' id='word_1_429' title='bbox 1961 297 2023 330; x_wconf 81' lang='lat' dir='ltr'>effe</span> <span class='ocrx_word' id='word_1_430' title='bbox 2033 296 2054 330; x_wconf 74' lang='grc' dir='ltr'>ὲ,</span> 
     </span>
     <span class='ocr_line' id='line_1_66' title="bbox 1180 340 2055 389; baseline 0.007 -15"><span class='ocrx_word' id='word_1_431' title='bbox 1180 341 1331 377; x_wconf 87' lang='lat' dir='ltr'>Romana</span> <span class='ocrx_word' id='word_1_432' title='bbox 1345 340 1482 375; x_wconf 84' lang='lat' dir='ltr'>Ecclesia</span> <span class='ocrx_word' id='word_1_433' title='bbox 1492 366 1500 373; x_wconf 88' lang='lat'><strong>.</strong></span> <span class='ocrx_word' id='word_1_434' title='bbox 1527 341 1572 374; x_wconf 89' lang='lat' dir='ltr'>Et</span> <span class='ocrx_word' id='word_1_435' title='bbox 1583 349 1843 376; x_wconf 82' lang='lat' dir='ltr'>commentatur:</span> <span class='ocrx_word' id='word_1_436' title='bbox 1870 344 1990 385; x_wconf 79' lang='lat' dir='ltr'>Constat</span> <span class='ocrx_word' id='word_1_437' title='bbox 2002 351 2055 389; x_wconf 73' lang='lat' dir='ltr'>igi-</span> 
     </span>
     <span class='ocr_line' id='line_1_67' title="bbox 1177 390 2055 439; baseline 0.003 -15"><span class='ocrx_word' id='word_1_438' title='bbox 1177 400 1229 425; x_wconf 80' lang='lat' dir='ltr'>tur</span> <span class='ocrx_word' id='word_1_439' title='bbox 1249 390 1301 424; x_wconf 86' lang='lat' dir='ltr'>hoc</span> <span class='ocrx_word' id='word_1_440' title='bbox 1321 395 1442 424; x_wconf 79' lang='lat' dir='ltr'>canone</span> <span class='ocrx_word' id='word_1_441' title='bbox 1461 391 1576 428; x_wconf 87' lang='lat' dir='ltr'>nullum</span> <span class='ocrx_word' id='word_1_442' title='bbox 1597 391 1805 433; x_wconf 65' lang='lat' dir='ltr'>appellationis</span> <span class='ocrx_word' id='word_1_443' title='bbox 1813 404 1907 435; x_wconf 85' lang='lat' dir='ltr'>genus</span> <span class='ocrx_word' id='word_1_444' title='bbox 1927 397 2055 439; x_wconf 69' lang='lat' dir='ltr'>relinqui</span> 
     </span>
     <span class='ocr_line' id='line_1_68' title="bbox 1178 439 2057 488; baseline 0.006 -15"><span class='ocrx_word' id='word_1_445' title='bbox 1178 443 1198 476; x_wconf 72' lang='grc' dir='ltr'><em>ἃ</em></span> <span class='ocrx_word' id='word_1_446' title='bbox 1213 441 1338 485; x_wconf 75' lang='lat' dir='ltr'>Judt&#39;cio</span> <span class='ocrx_word' id='word_1_447' title='bbox 1358 442 1598 483; x_wconf 73' lang='lat' dir='ltr'>Metropolitum.</span> <span class='ocrx_word' id='word_1_448' title='bbox 1627 444 1756 483; x_wconf 75' lang='lat' dir='ltr'>Excipit</span> <span class='ocrx_word' id='word_1_449' title='bbox 1772 439 1888 485; x_wconf 70' lang='lat' dir='ltr'>solum,</span> <span class='ocrx_word' id='word_1_450' title='bbox 1911 454 1945 478; x_wconf 78' lang='lat' dir='ltr'>ut</span> <span class='ocrx_word' id='word_1_451' title='bbox 1960 445 1989 486; x_wconf 86' lang='lat' dir='ltr'><em>fi</em></span> <span class='ocrx_word' id='word_1_452' title='bbox 1997 444 2057 488; x_wconf 70' lang='lat' dir='ltr'>post</span> 
     </span>
     <span class='ocr_line' id='line_1_69' title="bbox 1174 489 2060 536; baseline 0.003 -11"><span class='ocrx_word' id='word_1_453' title='bbox 1174 489 1359 534; x_wconf 72' lang='lat' dir='ltr'>sententiam</span> <span class='ocrx_word' id='word_1_454' title='bbox 1370 493 1475 531; x_wconf 64' lang='lat' dir='ltr'>synodi</span> <span class='ocrx_word' id='word_1_455' title='bbox 1480 490 1605 535; x_wconf 77' lang='lat' dir='ltr'>supersit</span> <span class='ocrx_word' id='word_1_456' title='bbox 1617 490 1714 525; x_wconf 85' lang='lat' dir='ltr'>adhuc</span> <span class='ocrx_word' id='word_1_457' title='bbox 1723 492 1826 534; x_wconf 69' lang='lat' dir='ltr'>aliqua</span> <span class='ocrx_word' id='word_1_458' title='bbox 1843 496 2034 536; x_wconf 74' lang='lat' dir='ltr'>controversia</span> <span class='ocrx_word' id='word_1_459' title='bbox 2047 520 2060 536; x_wconf 83' lang='lat'>,</span> 
     </span>
     <span class='ocr_line' id='line_1_70' title="bbox 1180 540 2062 585; baseline 0.001 -9"><span class='ocrx_word' id='word_1_460' title='bbox 1180 540 1332 585; x_wconf 79' lang='lat' dir='ltr'>Accusator</span> <span class='ocrx_word' id='word_1_461' title='bbox 1345 544 1378 577; x_wconf 67' lang='lat'>(9</span> <span class='ocrx_word' id='word_1_462' title='bbox 1389 553 1457 575; x_wconf 84' lang='lat' dir='ltr'>reus</span> <span class='ocrx_word' id='word_1_463' title='bbox 1470 544 1583 577; x_wconf 82' lang='lat' dir='ltr'>adeant</span> <span class='ocrx_word' id='word_1_464' title='bbox 1607 545 1775 584; x_wconf 80' lang='lat' dir='ltr'>Principem</span> <span class='ocrx_word' id='word_1_465' title='bbox 1789 553 1854 576; x_wconf 88' lang='lat' dir='ltr'>cum</span> <span class='ocrx_word' id='word_1_466' title='bbox 1873 543 1983 576; x_wconf 74' lang='lat' dir='ltr'>litteris</span> <span class='ocrx_word' id='word_1_467' title='bbox 1999 548 2062 578; x_wconf 84' lang='lat' dir='ltr'>Me-</span> 
     </span>
     <span class='ocr_line' id='line_1_71' title="bbox 1181 593 2063 637; baseline 0.005 -13"><span class='ocrx_word' id='word_1_468' title='bbox 1181 593 1350 634; x_wconf 76' lang='lat' dir='ltr'>tropolitum·</span> <span class='ocrx_word' id='word_1_469' title='bbox 1372 616 1383 632; x_wconf 91' lang='lat'>‚</span> <span class='ocrx_word' id='word_1_470' title='bbox 1412 602 1447 626; x_wconf 84' lang='lat' dir='ltr'>ut</span> <span class='ocrx_word' id='word_1_471' title='bbox 1468 596 1543 627; x_wconf 64' lang='lat' dir='ltr'>Rex&gt;</span> <span class='ocrx_word' id='word_1_472' title='bbox 1554 598 1746 637; x_wconf 75' lang='lat' dir='ltr'>cognitionem</span> <span class='ocrx_word' id='word_1_473' title='bbox 1770 602 1860 628; x_wconf 80' lang='lat' dir='ltr'>extra</span> <span class='ocrx_word' id='word_1_474' title='bbox 1871 612 1882 618; x_wconf 90' lang='lat'>-</span> <span class='ocrx_word' id='word_1_475' title='bbox 1884 595 2063 635; x_wconf 77' lang='lat' dir='ltr'>judicialem</span> 
     </span>
     <span class='ocr_line' id='line_1_72' title="bbox 1180 640 2093 688; baseline 0.003 -14"><span class='ocrx_word' id='word_1_476' title='bbox 1180 640 1276 685; x_wconf 80' lang='lat' dir='ltr'>causae</span> <span class='ocrx_word' id='word_1_477' title='bbox 1292 640 1459 688; x_wconf 62' lang='lat' dir='ltr'>suscipior,</span> <span class='ocrx_word' id='word_1_478' title='bbox 1484 644 1752 686; x_wconf 84' lang='lat' dir='ltr'>authoritatemque</span> <span class='ocrx_word' id='word_1_479' title='bbox 1765 641 1854 686; x_wconf 82' lang='lat' dir='ltr'>suam</span> <span class='ocrx_word' id='word_1_480' title='bbox 1872 642 1986 677; x_wconf 74' lang='lat' dir='ltr'>tribuat</span> <span class='ocrx_word' id='word_1_481' title='bbox 2006 652 2063 685; x_wconf 80' lang='lat' dir='ltr'>pro</span> <span class='ocrx_word' id='word_1_482' title='bbox 2089 643 2093 647; x_wconf 67' lang='grc'>’</span> 
     </span>
     <span class='ocr_line' id='line_1_73' title="bbox 1181 692 2064 737; baseline 0.001 -12"><span class='ocrx_word' id='word_1_483' title='bbox 1181 700 1344 730; x_wconf 75' lang='lat' dir='ltr'>executione</span> <span class='ocrx_word' id='word_1_484' title='bbox 1363 698 1405 726; x_wconf 79' lang='lat' dir='ltr'>rei</span> <span class='ocrx_word' id='word_1_485' title='bbox 1412 695 1562 734; x_wconf 46' lang='lat' dir='ltr'>judicaret</span> <span class='ocrx_word' id='word_1_486' title='bbox 1571 718 1582 734; x_wconf 89' lang='lat'>‚</span> <span class='ocrx_word' id='word_1_487' title='bbox 1606 703 1661 728; x_wconf 88' lang='lat' dir='ltr'>aut</span> <span class='ocrx_word' id='word_1_488' title='bbox 1669 692 1975 737; x_wconf 62' lang='lat' dir='ltr'>proredionemsuam</span> <span class='ocrx_word' id='word_1_489' title='bbox 1992 693 2064 726; x_wconf 79' lang='lat' dir='ltr'>Sub-</span> 
     </span>
    </p>
   </div>
   <div class='ocr_carea' id='block_1_17' title="bbox 1161 739 2065 787">
    <p class='ocr_par' dir='ltr' id='par_1_18' title="bbox 1161 739 2065 787">
     <span class='ocr_line' id='line_1_74' title="bbox 1161 739 2065 787; baseline 0.006 -12"><span class='ocrx_word' id='word_1_490' title='bbox 1161 739 1164 741; x_wconf 72' lang='grc'><strong>’</strong></span> <span class='ocrx_word' id='word_1_491' title='bbox 1180 741 1254 775; x_wconf 69' lang='lat' dir='ltr'>ditis</span> <span class='ocrx_word' id='word_1_492' title='bbox 1269 741 1334 785; x_wconf 79' lang='lat' dir='ltr'>suis</span> <span class='ocrx_word' id='word_1_493' title='bbox 1345 767 1356 783; x_wconf 89' lang='lat'>‚</span> <span class='ocrx_word' id='word_1_494' title='bbox 1375 742 1405 784; x_wconf 83' lang='lat' dir='ltr'><em>fi</em></span> <span class='ocrx_word' id='word_1_495' title='bbox 1419 749 1599 786; x_wconf 78' lang='lat' dir='ltr'>contingeret</span> <span class='ocrx_word' id='word_1_496' title='bbox 1623 756 1669 778; x_wconf 88' lang='lat' dir='ltr'>eos</span> <span class='ocrx_word' id='word_1_497' title='bbox 1684 749 1809 787; x_wconf 77' lang='lat' dir='ltr'>opprimi</span> <span class='ocrx_word' id='word_1_498' title='bbox 1820 750 1853 781; x_wconf 75' lang='lat' dir='ltr'>in</span> <span class='ocrx_word' id='word_1_499' title='bbox 1867 746 2013 787; x_wconf 65' lang='lat' dir='ltr'>injurtam</span> <span class='ocrx_word' id='word_1_500' title='bbox 2024 745 2065 780; x_wconf 77' lang='lat' dir='ltr'>le-</span> 
     </span>
    </p>
   </div>
   <div class='ocr_carea' id='block_1_18' title="bbox 1175 794 2073 1188">
    <p class='ocr_par' dir='ltr' id='par_1_19' title="bbox 1175 794 1476 835">
     <span class='ocr_line' id='line_1_75' title="bbox 1175 794 1476 835; baseline 0.003 -10"><span class='ocrx_word' id='word_1_501' title='bbox 1175 803 1249 835; x_wconf 83' lang='lat' dir='ltr'>gum</span> <span class='ocrx_word' id='word_1_502' title='bbox 1260 794 1294 826; x_wconf 56' lang='grc' dir='ltr'>(τ’</span> <span class='ocrx_word' id='word_1_503' title='bbox 1304 797 1456 826; x_wconf 79' lang='lat' dir='ltr'>canonum</span> <span class='ocrx_word' id='word_1_504' title='bbox 1469 819 1476 826; x_wconf 90' lang='lat'><strong>.</strong></span> 
     </span>
    </p>

    <p class='ocr_par' dir='ltr' id='par_1_20' title="bbox 1180 841 2073 1188">
     <span class='ocr_line' id='line_1_76' title="bbox 1231 841 2066 890; baseline 0.002 -14"><span class='ocrx_word' id='word_1_505' title='bbox 1231 841 1430 886; x_wconf 83' lang='lat' dir='ltr'>Respondeo</span> <span class='ocrx_word' id='word_1_506' title='bbox 1451 842 1506 877; x_wconf 80' lang='lat' dir='ltr'>hic</span> <span class='ocrx_word' id='word_1_507' title='bbox 1527 855 1733 886; x_wconf 82' lang='lat' dir='ltr'>nequaquam</span> <span class='ocrx_word' id='word_1_508' title='bbox 1746 846 1799 890; x_wconf 86' lang='lat' dir='ltr'>agi</span> <span class='ocrx_word' id='word_1_509' title='bbox 1812 846 1854 880; x_wconf 89' lang='lat' dir='ltr'>de</span> <span class='ocrx_word' id='word_1_510' title='bbox 1869 843 2066 888; x_wconf 77' lang='lat' dir='ltr'>judicialiter</span> 
     </span>
     <span class='ocr_line' id='line_1_77' title="bbox 1182 892 2069 938; baseline 0.003 -12"><span class='ocrx_word' id='word_1_511' title='bbox 1182 903 1238 927; x_wconf 88' lang='lat' dir='ltr'>aut</span> <span class='ocrx_word' id='word_1_512' title='bbox 1248 892 1556 936; x_wconf 83' lang='lat' dir='ltr'>extra-judicialiter</span> <span class='ocrx_word' id='word_1_513' title='bbox 1568 894 1748 929; x_wconf 84' lang='lat' dir='ltr'>revidendo</span> <span class='ocrx_word' id='word_1_514' title='bbox 1768 895 1987 931; x_wconf 74' lang='lat' dir='ltr'>provincialis</span> <span class='ocrx_word' id='word_1_515' title='bbox 2006 896 2069 938; x_wconf 89' lang='lat' dir='ltr'>Sy-</span> 
     </span>
     <span class='ocr_line' id='line_1_78' title="bbox 1180 942 2067 986; baseline 0.001 -9"><span class='ocrx_word' id='word_1_516' title='bbox 1180 942 1261 977; x_wconf 83' lang='lat' dir='ltr'>nodi</span> <span class='ocrx_word' id='word_1_517' title='bbox 1282 943 1409 986; x_wconf 83' lang='lat' dir='ltr'>judicio</span> <span class='ocrx_word' id='word_1_518' title='bbox 1422 968 1433 984; x_wconf 88' lang='lat'>,</span> <span class='ocrx_word' id='word_1_519' title='bbox 1459 944 1513 978; x_wconf 90' lang='lat' dir='ltr'>sed</span> <span class='ocrx_word' id='word_1_520' title='bbox 1534 944 1577 979; x_wconf 88' lang='lat' dir='ltr'>de</span> <span class='ocrx_word' id='word_1_521' title='bbox 1592 945 1693 980; x_wconf 85' lang='lat' dir='ltr'>causis</span> <span class='ocrx_word' id='word_1_522' title='bbox 1715 944 1961 981; x_wconf 86' lang='lat' dir='ltr'>difficilioribus</span> <span class='ocrx_word' id='word_1_523' title='bbox 1986 969 1997 984; x_wconf 89' lang='lat'>‚</span> <span class='ocrx_word' id='word_1_524' title='bbox 2023 944 2067 978; x_wconf 85' lang='lat' dir='ltr'>ad</span> 
     </span>
     <span class='ocr_line' id='line_1_79' title="bbox 1181 993 2070 1042; baseline 0.001 -16"><span class='ocrx_word' id='word_1_525' title='bbox 1181 1002 1318 1036; x_wconf 85' lang='lat' dir='ltr'>quarum</span> <span class='ocrx_word' id='word_1_526' title='bbox 1338 993 1478 1026; x_wconf 81' lang='lat' dir='ltr'>fundum</span> <span class='ocrx_word' id='word_1_527' title='bbox 1500 994 1655 1037; x_wconf 83' lang='lat' dir='ltr'>synodus</span> <span class='ocrx_word' id='word_1_528' title='bbox 1681 996 1865 1042; x_wconf 82' lang='lat' dir='ltr'>pertingere</span> <span class='ocrx_word' id='word_1_529' title='bbox 1876 1006 1947 1031; x_wconf 84' lang='lat' dir='ltr'>non</span> <span class='ocrx_word' id='word_1_530' title='bbox 1959 995 2070 1029; x_wconf 88' lang='lat' dir='ltr'>value-</span> 
     </span>
     <span class='ocr_line' id='line_1_80' title="bbox 1182 1042 2071 1090; baseline 0.003 -16"><span class='ocrx_word' id='word_1_531' title='bbox 1182 1052 1230 1077; x_wconf 86' lang='lat' dir='ltr'>rat</span> <span class='ocrx_word' id='word_1_532' title='bbox 1240 1066 1251 1082; x_wconf 85' lang='lat'>‚</span> <span class='ocrx_word' id='word_1_533' title='bbox 1279 1052 1340 1077; x_wconf 85' lang='lat' dir='ltr'>nec</span> <span class='ocrx_word' id='word_1_534' title='bbox 1353 1042 1436 1085; x_wconf 83' lang='lat' dir='ltr'>ipsas</span> <span class='ocrx_word' id='word_1_535' title='bbox 1448 1042 1585 1076; x_wconf 82' lang='lat' dir='ltr'>definire</span> <span class='ocrx_word' id='word_1_536' title='bbox 1598 1068 1606 1076; x_wconf 91' lang='lat'><strong>.</strong></span> <span class='ocrx_word' id='word_1_537' title='bbox 1633 1044 1717 1090; x_wconf 85' lang='lat' dir='ltr'>Agit</span> <span class='ocrx_word' id='word_1_538' title='bbox 1727 1046 1769 1081; x_wconf 81' lang='lat' dir='ltr'>de</span> <span class='ocrx_word' id='word_1_539' title='bbox 1779 1056 1900 1087; x_wconf 79' lang='lat' dir='ltr'>eventu</span> <span class='ocrx_word' id='word_1_540' title='bbox 1913 1070 1926 1087; x_wconf 89' lang='lat'>,</span> <span class='ocrx_word' id='word_1_541' title='bbox 1945 1045 1987 1079; x_wconf 86' lang='lat' dir='ltr'>de</span> <span class='ocrx_word' id='word_1_542' title='bbox 1998 1055 2071 1089; x_wconf 81' lang='lat' dir='ltr'>quo</span> 
     </span>
     <span class='ocr_line' id='line_1_81' title="bbox 1181 1090 2071 1136; baseline 0.003 -9"><span class='ocrx_word' id='word_1_543' title='bbox 1181 1092 1216 1127; x_wconf 91' lang='lat'>&amp;</span> <span class='ocrx_word' id='word_1_544' title='bbox 1236 1090 1381 1136; x_wconf 86' lang='lat' dir='ltr'>Magnus</span> <span class='ocrx_word' id='word_1_545' title='bbox 1393 1091 1464 1126; x_wconf 89' lang='lat' dir='ltr'>Leo</span> <span class='ocrx_word' id='word_1_546' title='bbox 1476 1091 1510 1125; x_wconf 90' lang='lat' dir='ltr'>in</span> <span class='ocrx_word' id='word_1_547' title='bbox 1523 1091 1641 1127; x_wconf 85' lang='lat' dir='ltr'>litteris</span> <span class='ocrx_word' id='word_1_548' title='bbox 1651 1095 1693 1128; x_wconf 81' lang='lat' dir='ltr'>ad</span> <span class='ocrx_word' id='word_1_549' title='bbox 1707 1094 1910 1132; x_wconf 83' lang='lat' dir='ltr'>Anastafium</span> <span class='ocrx_word' id='word_1_550' title='bbox 1928 1094 2071 1131; x_wconf 79' lang='lat' dir='ltr'>Thessa-</span> 
     </span>
     <span class='ocr_line' id='line_1_82' title="bbox 1183 1140 2073 1188; baseline 0.006 -13"><span class='ocrx_word' id='word_1_551' title='bbox 1183 1141 1385 1177; x_wconf 87' lang='lat' dir='ltr'>lonicensem</span> <span class='ocrx_word' id='word_1_552' title='bbox 1409 1140 1631 1185; x_wconf 85' lang='lat' dir='ltr'>Episcopum,</span> <span class='ocrx_word' id='word_1_553' title='bbox 1657 1143 1752 1176; x_wconf 86' lang='lat' dir='ltr'>suum</span> <span class='ocrx_word' id='word_1_554' title='bbox 1775 1156 1830 1185; x_wconf 80' lang='lat' dir='ltr'>per</span> <span class='ocrx_word' id='word_1_555' title='bbox 1849 1144 2073 1188; x_wconf 61' lang='lat' dir='ltr'>IllyriciProe</span> 
     </span>
    </p>
   </div>
   <div class='ocr_carea' id='block_1_19' title="bbox 1182 1189 2231 1285">
    <p class='ocr_par' dir='ltr' id='par_1_21' title="bbox 1182 1189 2231 1285">
     <span class='ocr_line' id='line_1_83' title="bbox 1184 1189 2231 1236; baseline -0.005 -10"><span class='ocrx_word' id='word_1_556' title='bbox 1184 1192 1308 1228; x_wconf 79' lang='lat' dir='ltr'>vincias</span> <span class='ocrx_word' id='word_1_557' title='bbox 1320 1191 1493 1227; x_wconf 75' lang='lat' dir='ltr'>Vicnrium</span> <span class='ocrx_word' id='word_1_558' title='bbox 1502 1205 1513 1225; x_wconf 86' lang='lat'>.-</span> <span class='ocrx_word' id='word_1_559' title='bbox 1545 1194 1620 1225; x_wconf 76' lang='lat' dir='ltr'>Bim·</span> <span class='ocrx_word' id='word_1_560' title='bbox 1630 1196 1805 1226; x_wconf 78' lang='lat' dir='ltr'>Conventus</span> <span class='ocrx_word' id='word_1_561' title='bbox 1812 1200 1869 1236; x_wconf 81' lang='lat' dir='ltr'>per</span> <span class='ocrx_word' id='word_1_562' title='bbox 1872 1194 1999 1236; x_wconf 66' lang='lat' dir='ltr'>fingulos</span> <span class='ocrx_word' id='word_1_563' title='bbox 2015 1206 2076 1228; x_wconf 66' lang='lat' dir='ltr'>an·</span> <span class='ocrx_word' id='word_1_564' title='bbox 2090 1189 2179 1230; x_wconf 76' lang='lat' dir='ltr'>Epist·</span> <span class='ocrx_word' id='word_1_565' title='bbox 2190 1194 2231 1216; x_wconf 58' lang='lat'>¹21</span> 
     </span>
     <span class='ocr_line' id='line_1_84' title="bbox 1182 1233 2215 1285; baseline -0.002 -7"><span class='ocrx_word' id='word_1_566' title='bbox 1182 1254 1235 1278; x_wconf 74' lang='lat' dir='ltr'>nos</span> <span class='ocrx_word' id='word_1_567' title='bbox 1247 1241 1416 1278; x_wconf 81' lang='lat' dir='ltr'>habeantur</span> <span class='ocrx_word' id='word_1_568' title='bbox 1428 1267 1440 1284; x_wconf 89' lang='lat'>‚</span> <span class='ocrx_word' id='word_1_569' title='bbox 1465 1248 1499 1276; x_wconf 77' lang='lat' dir='ltr'>in</span> <span class='ocrx_word' id='word_1_570' title='bbox 1508 1242 1615 1284; x_wconf 73' lang='lat' dir='ltr'>quibus</span> <span class='ocrx_word' id='word_1_571' title='bbox 1629 1243 1667 1276; x_wconf 83' lang='lat' dir='ltr'>de</span> <span class='ocrx_word' id='word_1_572' title='bbox 1675 1241 1810 1276; x_wconf 81' lang='lat' dir='ltr'>omnibus</span> <span class='ocrx_word' id='word_1_573' title='bbox 1822 1244 1950 1284; x_wconf 74' lang='lat' dir='ltr'>querelis</span> <span class='ocrx_word' id='word_1_574' title='bbox 1964 1266 1976 1282; x_wconf 93' lang='lat'>‚</span> <span class='ocrx_word' id='word_1_575' title='bbox 2001 1254 2075 1285; x_wconf 65' lang='lat' dir='ltr'>quae,</span> <span class='ocrx_word' id='word_1_576' title='bbox 2089 1233 2169 1270; x_wconf 56' lang='lat'>‘3³1³&#39;</span> <span class='ocrx_word' id='word_1_577' title='bbox 2185 1236 2215 1262; x_wconf 74' lang='lat'>⁷⁴²</span> 
     </span>
    </p>
   </div>
   <div class='ocr_carea' id='block_1_20' title="bbox 1176 1290 2077 2133">
    <p class='ocr_par' dir='ltr' id='par_1_22' title="bbox 1176 1290 2077 2133">
     <span class='ocr_line' id='line_1_85' title="bbox 1182 1290 2076 1336; baseline -0.004 -8"><span class='ocrx_word' id='word_1_578' title='bbox 1182 1298 1262 1328; x_wconf 68' lang='lat' dir='ltr'>enter</span> <span class='ocrx_word' id='word_1_579' title='bbox 1272 1291 1403 1335; x_wconf 82' lang='lat' dir='ltr'>diversos</span> <span class='ocrx_word' id='word_1_580' title='bbox 1416 1291 1550 1334; x_wconf 82' lang='lat' dir='ltr'>Ecclefiae</span> <span class='ocrx_word' id='word_1_581' title='bbox 1570 1294 1700 1328; x_wconf 81' lang='lat' dir='ltr'>Ordines</span> <span class='ocrx_word' id='word_1_582' title='bbox 1712 1290 1792 1336; x_wconf 84' lang='lat' dir='ltr'>nasci</span> <span class='ocrx_word' id='word_1_583' title='bbox 1816 1290 1968 1335; x_wconf 78' lang='lat' dir='ltr'>adsolent,</span> <span class='ocrx_word' id='word_1_584' title='bbox 1985 1294 2076 1333; x_wconf 77' lang='lat' dir='ltr'>judi-</span> 
     </span>
     <span class='ocr_line' id='line_1_86' title="bbox 1181 1341 2074 1389; baseline -0.003 -12"><span class='ocrx_word' id='word_1_585' title='bbox 1181 1352 1264 1377; x_wconf 86' lang='lat' dir='ltr'>cetur</span> <span class='ocrx_word' id='word_1_586' title='bbox 1275 1367 1283 1376; x_wconf 88' lang='lat'><strong><em>.</em></strong></span> <span class='ocrx_word' id='word_1_587' title='bbox 1312 1341 1470 1389; x_wconf 69' lang='lat' dir='ltr'>Acfiforte</span> <span class='ocrx_word' id='word_1_588' title='bbox 1481 1348 1562 1377; x_wconf 72' lang='lat' dir='ltr'>inter</span> <span class='ocrx_word' id='word_1_589' title='bbox 1573 1341 1652 1387; x_wconf 74' lang='lat' dir='ltr'>ipsos</span> <span class='ocrx_word' id='word_1_590' title='bbox 1661 1341 1858 1388; x_wconf 75' lang='lat' dir='ltr'>quipraefimt</span> <span class='ocrx_word' id='word_1_591' title='bbox 1867 1368 1878 1384; x_wconf 93' lang='lat'>‚</span> <span class='ocrx_word' id='word_1_592' title='bbox 1904 1344 1942 1380; x_wconf 86' lang='lat' dir='ltr'>de</span> <span class='ocrx_word' id='word_1_593' title='bbox 1953 1345 2074 1384; x_wconf 72' lang='lat' dir='ltr'>majori-</span> 
     </span>
     <span class='ocr_line' id='line_1_87' title="bbox 1183 1391 2073 1437; baseline -0.001 -10"><span class='ocrx_word' id='word_1_594' title='bbox 1183 1392 1239 1427; x_wconf 79' lang='lat' dir='ltr'>bur</span> <span class='ocrx_word' id='word_1_595' title='bbox 1243 1400 1376 1436; x_wconf 76' lang='lat' dir='ltr'>peccatis</span> <span class='ocrx_word' id='word_1_596' title='bbox 1387 1391 1476 1436; x_wconf 73' lang='lat' dir='ltr'>causa</span> <span class='ocrx_word' id='word_1_597' title='bbox 1487 1392 1628 1436; x_wconf 72' lang='lat' dir='ltr'>nafhatur</span> <span class='ocrx_word' id='word_1_598' title='bbox 1637 1418 1648 1434; x_wconf 91' lang='lat'>‚</span> <span class='ocrx_word' id='word_1_599' title='bbox 1659 1405 1729 1437; x_wconf 82' lang='lat' dir='ltr'>quae</span> <span class='ocrx_word' id='word_1_600' title='bbox 1743 1394 1926 1429; x_wconf 60' lang='lat' dir='ltr'>Provincia&amp;</span> <span class='ocrx_word' id='word_1_601' title='bbox 1942 1403 2073 1435; x_wconf 78' lang='lat' dir='ltr'>nequeat</span> 
     </span>
     <span class='ocr_line' id='line_1_88' title="bbox 1183 1444 2073 1487; baseline -0.002 -9"><span class='ocrx_word' id='word_1_602' title='bbox 1183 1448 1323 1478; x_wconf 75' lang='lat' dir='ltr'>examine</span> <span class='ocrx_word' id='word_1_603' title='bbox 1335 1444 1476 1487; x_wconf 76' lang='lat' dir='ltr'>definiri,</span> <span class='ocrx_word' id='word_1_604' title='bbox 1503 1447 1747 1478; x_wconf 72' lang='lat' dir='ltr'>Fraternttatem</span> <span class='ocrx_word' id='word_1_605' title='bbox 1767 1453 1852 1478; x_wconf 85' lang='lat' dir='ltr'>tuam</span> <span class='ocrx_word' id='word_1_606' title='bbox 1871 1445 1908 1477; x_wconf 86' lang='lat' dir='ltr'>de</span> <span class='ocrx_word' id='word_1_607' title='bbox 1921 1450 2011 1477; x_wconf 78' lang='lat' dir='ltr'>totius</span> <span class='ocrx_word' id='word_1_608' title='bbox 2021 1454 2073 1477; x_wconf 87' lang='lat' dir='ltr'>ne-</span> 
     </span>
     <span class='ocr_line' id='line_1_89' title="bbox 1180 1490 2075 1536; baseline 0 -11"><span class='ocrx_word' id='word_1_609' title='bbox 1180 1499 1257 1535; x_wconf 67' lang='lat' dir='ltr'>gotii</span> <span class='ocrx_word' id='word_1_610' title='bbox 1263 1495 1413 1535; x_wconf 72' lang='lat' dir='ltr'>qualitate</span> <span class='ocrx_word' id='word_1_611' title='bbox 1427 1494 1671 1536; x_wconf 68' lang='lat' dir='ltr'>Metropolitanus</span> <span class='ocrx_word' id='word_1_612' title='bbox 1683 1494 1799 1527; x_wconf 79' lang='lat' dir='ltr'>curabit</span> <span class='ocrx_word' id='word_1_613' title='bbox 1819 1491 1960 1533; x_wconf 74' lang='lat' dir='ltr'>instruere</span> <span class='ocrx_word' id='word_1_614' title='bbox 1971 1517 1982 1534; x_wconf 91' lang='lat'><strong>,</strong></span> <span class='ocrx_word' id='word_1_615' title='bbox 2007 1490 2075 1535; x_wconf 80' lang='lat' dir='ltr'>utfi</span> 
     </span>
     <span class='ocr_line' id='line_1_90' title="bbox 1184 1542 2077 1587; baseline 0.003 -14"><span class='ocrx_word' id='word_1_616' title='bbox 1184 1552 1283 1574; x_wconf 84' lang='lat' dir='ltr'>coram</span> <span class='ocrx_word' id='word_1_617' title='bbox 1289 1543 1389 1583; x_wconf 67' lang='lat' dir='ltr'>positis</span> <span class='ocrx_word' id='word_1_618' title='bbox 1408 1542 1548 1584; x_wconf 71' lang='lat' dir='ltr'>partibus</span> <span class='ocrx_word' id='word_1_619' title='bbox 1559 1568 1570 1583; x_wconf 93' lang='lat'>‚</span> <span class='ocrx_word' id='word_1_620' title='bbox 1597 1555 1649 1578; x_wconf 86' lang='lat' dir='ltr'>nec</span> <span class='ocrx_word' id='word_1_621' title='bbox 1659 1543 1813 1586; x_wconf 73' lang='lat' dir='ltr'>tuofieerit</span> <span class='ocrx_word' id='word_1_622' title='bbox 1828 1542 1930 1587; x_wconf 80' lang='lat' dir='ltr'>sopita</span> <span class='ocrx_word' id='word_1_623' title='bbox 1933 1544 2048 1587; x_wconf 68' lang='lat' dir='ltr'>Judicio</span> <span class='ocrx_word' id='word_1_624' title='bbox 2058 1566 2077 1583; x_wconf 85' lang='lat'>‚</span> 
     </span>
     <span class='ocr_line' id='line_1_91' title="bbox 1185 1589 2074 1635; baseline 0.003 -12"><span class='ocrx_word' id='word_1_625' title='bbox 1185 1591 1229 1623; x_wconf 85' lang='lat' dir='ltr'>ad</span> <span class='ocrx_word' id='word_1_626' title='bbox 1251 1590 1378 1631; x_wconf 75' lang='lat' dir='ltr'>nostram</span> <span class='ocrx_word' id='word_1_627' title='bbox 1400 1597 1592 1635; x_wconf 75' lang='lat' dir='ltr'>cognitionem</span> <span class='ocrx_word' id='word_1_628' title='bbox 1601 1617 1611 1633; x_wconf 93' lang='lat'>‚</span> <span class='ocrx_word' id='word_1_629' title='bbox 1639 1594 1788 1634; x_wconf 72' lang='lat' dir='ltr'>quidquid</span> <span class='ocrx_word' id='word_1_630' title='bbox 1803 1594 1879 1630; x_wconf 80' lang='lat' dir='ltr'>illud</span> <span class='ocrx_word' id='word_1_631' title='bbox 1886 1593 1924 1634; x_wconf 68' lang='lat' dir='ltr'>est</span> <span class='ocrx_word' id='word_1_632' title='bbox 1935 1618 1946 1633; x_wconf 91' lang='lat'>,</span> <span class='ocrx_word' id='word_1_633' title='bbox 1972 1589 2074 1634; x_wconf 82' lang='lat' dir='ltr'>trans-</span> 
     </span>
     <span class='ocr_line' id='line_1_92' title="bbox 1176 1639 2076 1685; baseline 0.007 -15"><span class='ocrx_word' id='word_1_634' title='bbox 1176 1639 1301 1682; x_wconf 80' lang='lat' dir='ltr'>feratur</span> <span class='ocrx_word' id='word_1_635' title='bbox 1310 1665 1318 1671; x_wconf 91' lang='lat'>.</span> <span class='ocrx_word' id='word_1_636' title='bbox 1342 1641 1529 1676; x_wconf 76' lang='lat' dir='ltr'>istiusmodi</span> <span class='ocrx_word' id='word_1_637' title='bbox 1551 1642 1661 1676; x_wconf 72' lang='lat' dir='ltr'>causas</span> <span class='ocrx_word' id='word_1_638' title='bbox 1682 1665 1694 1681; x_wconf 93' lang='lat'><strong><em>,</em></strong></span> <span class='ocrx_word' id='word_1_639' title='bbox 1721 1653 1802 1685; x_wconf 85' lang='lat' dir='ltr'>quas</span> <span class='ocrx_word' id='word_1_640' title='bbox 1822 1642 1894 1676; x_wconf 85' lang='lat' dir='ltr'>Leo</span> <span class='ocrx_word' id='word_1_641' title='bbox 1916 1641 1958 1674; x_wconf 87' lang='lat' dir='ltr'>ad</span> <span class='ocrx_word' id='word_1_642' title='bbox 1976 1641 2076 1676; x_wconf 80' lang='lat' dir='ltr'>suum</span> 
     </span>
     <span class='ocr_line' id='line_1_93' title="bbox 1188 1686 2075 1732; baseline 0.003 -11"><span class='ocrx_word' id='word_1_643' title='bbox 1188 1686 1357 1722; x_wconf 81' lang='lat' dir='ltr'>vicarium</span> <span class='ocrx_word' id='word_1_644' title='bbox 1368 1711 1379 1728; x_wconf 89' lang='lat'>‚</span> <span class='ocrx_word' id='word_1_645' title='bbox 1405 1689 1483 1721; x_wconf 82' lang='lat' dir='ltr'>Rex</span> <span class='ocrx_word' id='word_1_646' title='bbox 1493 1690 1631 1722; x_wconf 85' lang='lat' dir='ltr'>Carolus</span> <span class='ocrx_word' id='word_1_647' title='bbox 1642 1702 1698 1731; x_wconf 84' lang='lat' dir='ltr'>per</span> <span class='ocrx_word' id='word_1_648' title='bbox 1719 1690 2075 1732; x_wconf 81' lang='lat' dir='ltr'>Metropolitamjuffit</span> 
     </span>
     <span class='ocr_line' id='line_1_94' title="bbox 1184 1735 2075 1784; baseline 0.001 -12"><span class='ocrx_word' id='word_1_649' title='bbox 1184 1735 1226 1772; x_wconf 89' lang='lat' dir='ltr'>ad</span> <span class='ocrx_word' id='word_1_650' title='bbox 1240 1737 1273 1770; x_wconf 86' lang='lat' dir='ltr'>se</span> <span class='ocrx_word' id='word_1_651' title='bbox 1292 1737 1425 1778; x_wconf 81' lang='lat' dir='ltr'>referri,</span> <span class='ocrx_word' id='word_1_652' title='bbox 1450 1748 1519 1772; x_wconf 86' lang='lat' dir='ltr'>non</span> <span class='ocrx_word' id='word_1_653' title='bbox 1531 1747 1567 1773; x_wconf 87' lang='lat' dir='ltr'>ut</span> <span class='ocrx_word' id='word_1_654' title='bbox 1577 1737 1736 1784; x_wconf 86' lang='lat' dir='ltr'>judicaret</span> <span class='ocrx_word' id='word_1_655' title='bbox 1745 1761 1757 1780; x_wconf 86' lang='lat'>,</span> <span class='ocrx_word' id='word_1_656' title='bbox 1782 1737 1835 1772; x_wconf 88' lang='lat' dir='ltr'>sed</span> <span class='ocrx_word' id='word_1_657' title='bbox 1849 1749 1886 1771; x_wconf 89' lang='lat' dir='ltr'>ut</span> <span class='ocrx_word' id='word_1_658' title='bbox 1907 1739 2012 1773; x_wconf 81' lang='lat' dir='ltr'>nosset</span> <span class='ocrx_word' id='word_1_659' title='bbox 2024 1740 2075 1774; x_wconf 86' lang='lat' dir='ltr'>rei</span> 
     </span>
     <span class='ocr_line' id='line_1_95' title="bbox 1184 1786 2076 1831; baseline 0.001 -9"><span class='ocrx_word' id='word_1_660' title='bbox 1184 1786 1303 1822; x_wconf 85' lang='lat' dir='ltr'>statum</span> <span class='ocrx_word' id='word_1_661' title='bbox 1313 1798 1350 1823; x_wconf 90' lang='lat' dir='ltr'>ac</span> <span class='ocrx_word' id='word_1_662' title='bbox 1363 1786 1527 1823; x_wconf 83' lang='lat' dir='ltr'>veritatem</span> <span class='ocrx_word' id='word_1_663' title='bbox 1539 1812 1552 1829; x_wconf 81' lang='grc'><strong>.</strong></span> <span class='ocrx_word' id='word_1_664' title='bbox 1577 1799 1616 1823; x_wconf 91' lang='lat' dir='ltr'>ac</span> <span class='ocrx_word' id='word_1_665' title='bbox 1627 1787 1800 1831; x_wconf 84' lang='lat' dir='ltr'>dispiceret</span> <span class='ocrx_word' id='word_1_666' title='bbox 1812 1786 1985 1823; x_wconf 88' lang='lat' dir='ltr'>meliorem</span> <span class='ocrx_word' id='word_1_667' title='bbox 2001 1800 2076 1823; x_wconf 81' lang='lat' dir='ltr'>mo-</span> 
     </span>
     <span class='ocr_line' id='line_1_96' title="bbox 1184 1836 2077 1882; baseline 0.002 -10"><span class='ocrx_word' id='word_1_668' title='bbox 1184 1837 1266 1872; x_wconf 87' lang='lat' dir='ltr'>dum</span> <span class='ocrx_word' id='word_1_669' title='bbox 1289 1837 1470 1872; x_wconf 87' lang='lat' dir='ltr'>definiendi</span> <span class='ocrx_word' id='word_1_670' title='bbox 1492 1863 1500 1871; x_wconf 89' lang='lat'><em>.</em></span> <span class='ocrx_word' id='word_1_671' title='bbox 1531 1836 1701 1882; x_wconf 79' lang='lat' dir='ltr'>Ejusmodi</span> <span class='ocrx_word' id='word_1_672' title='bbox 1733 1839 1842 1872; x_wconf 82' lang='lat' dir='ltr'>causas</span> <span class='ocrx_word' id='word_1_673' title='bbox 1862 1863 1872 1880; x_wconf 90' lang='lat'>‚</span> <span class='ocrx_word' id='word_1_674' title='bbox 1910 1839 2077 1882; x_wconf 68' lang='lat' dir='ltr'>quoniam</span> 
     </span>
     <span class='ocr_line' id='line_1_97' title="bbox 1185 1885 2074 1931; baseline 0.003 -10"><span class='ocrx_word' id='word_1_675' title='bbox 1185 1887 1293 1925; x_wconf 87' lang='lat' dir='ltr'>Gallia</span> <span class='ocrx_word' id='word_1_676' title='bbox 1307 1898 1396 1922; x_wconf 86' lang='lat' dir='ltr'>nunc</span> <span class='ocrx_word' id='word_1_677' title='bbox 1408 1898 1476 1922; x_wconf 89' lang='lat' dir='ltr'>non</span> <span class='ocrx_word' id='word_1_678' title='bbox 1484 1885 1630 1924; x_wconf 75' lang='lat' dir='ltr'>habebat</span> <span class='ocrx_word' id='word_1_679' title='bbox 1645 1887 1877 1931; x_wconf 86' lang='lat' dir='ltr'>Apostolicum</span> <span class='ocrx_word' id='word_1_680' title='bbox 1885 1886 2074 1930; x_wconf 84' lang='lat' dir='ltr'>Vicarium,</span> 
     </span>
     <span class='ocr_line' id='line_1_98' title="bbox 1184 1936 2072 1983; baseline 0.002 -11"><span class='ocrx_word' id='word_1_681' title='bbox 1184 1937 1324 1972; x_wconf 85' lang='lat' dir='ltr'>Carolus</span> <span class='ocrx_word' id='word_1_682' title='bbox 1334 1937 1505 1982; x_wconf 85' lang='lat' dir='ltr'>delegabat</span> <span class='ocrx_word' id='word_1_683' title='bbox 1512 1938 1569 1971; x_wconf 88' lang='lat' dir='ltr'>suo</span> <span class='ocrx_word' id='word_1_684' title='bbox 1581 1936 1883 1983; x_wconf 73' lang='lat' dir='ltr'>Archi-Capeliano</span> <span class='ocrx_word' id='word_1_685' title='bbox 1896 1963 1903 1970; x_wconf 94' lang='lat'>.</span> <span class='ocrx_word' id='word_1_686' title='bbox 1929 1938 1972 1972; x_wconf 91' lang='lat' dir='ltr'>Et</span> <span class='ocrx_word' id='word_1_687' title='bbox 1983 1939 2072 1974; x_wconf 85' lang='lat' dir='ltr'>istud</span> 
     </span>
     <span class='ocr_line' id='line_1_99' title="bbox 1182 1986 2071 2033; baseline 0.002 -11"><span class='ocrx_word' id='word_1_688' title='bbox 1182 1986 1350 2022; x_wconf 84' lang='lat' dir='ltr'>Tribunal</span> <span class='ocrx_word' id='word_1_689' title='bbox 1361 2010 1373 2028; x_wconf 88' lang='lat'>,</span> <span class='ocrx_word' id='word_1_690' title='bbox 1398 1988 1491 2023; x_wconf 86' lang='lat' dir='ltr'>uti&amp;</span> <span class='ocrx_word' id='word_1_691' title='bbox 1503 1988 1594 2033; x_wconf 79' lang='lat' dir='ltr'>plura</span> <span class='ocrx_word' id='word_1_692' title='bbox 1604 1988 1666 2022; x_wconf 87' lang='lat' dir='ltr'>alia</span> <span class='ocrx_word' id='word_1_693' title='bbox 1676 2011 1686 2028; x_wconf 91' lang='lat'>‚</span> <span class='ocrx_word' id='word_1_694' title='bbox 1707 1988 1784 2023; x_wconf 89' lang='lat' dir='ltr'>licet</span> <span class='ocrx_word' id='word_1_695' title='bbox 1797 1998 1886 2025; x_wconf 86' lang='lat' dir='ltr'>extra</span> <span class='ocrx_word' id='word_1_696' title='bbox 1899 1989 2071 2031; x_wconf 87' lang='lat' dir='ltr'>Canones,</span> 
     </span>
     <span class='ocr_line' id='line_1_100' title="bbox 1183 2037 2071 2082; baseline 0.003 -10"><span class='ocrx_word' id='word_1_697' title='bbox 1183 2037 1315 2082; x_wconf 79' lang='lat' dir='ltr'>majoris</span> <span class='ocrx_word' id='word_1_698' title='bbox 1325 2038 1404 2073; x_wconf 88' lang='lat' dir='ltr'>boni</span> <span class='ocrx_word' id='word_1_699' title='bbox 1416 2037 1542 2074; x_wconf 85' lang='lat' dir='ltr'>intuitu</span> <span class='ocrx_word' id='word_1_700' title='bbox 1554 2038 1709 2074; x_wconf 78' lang='lat' dir='ltr'>Romana</span> <span class='ocrx_word' id='word_1_701' title='bbox 1721 2038 1864 2075; x_wconf 78' lang='lat' dir='ltr'>Ecclesia</span> <span class='ocrx_word' id='word_1_702' title='bbox 1886 2039 2071 2075; x_wconf 77' lang='lat' dir='ltr'>dissimula·-</span> 
     </span>
     <span class='ocr_line' id='line_1_101' title="bbox 1184 2088 2073 2133; baseline 0.003 -11"><span class='ocrx_word' id='word_1_703' title='bbox 1184 2088 1239 2122; x_wconf 87' lang='lat' dir='ltr'>bat</span> <span class='ocrx_word' id='word_1_704' title='bbox 1250 2112 1257 2119; x_wconf 88' lang='lat'><strong>.</strong></span> <span class='ocrx_word' id='word_1_705' title='bbox 1285 2088 1547 2124; x_wconf 85' lang='lat' dir='ltr'>Lamentabilem</span> <span class='ocrx_word' id='word_1_706' title='bbox 1575 2088 1693 2123; x_wconf 80' lang='lat' dir='ltr'>statum</span> <span class='ocrx_word' id='word_1_707' title='bbox 1705 2114 1715 2131; x_wconf 91' lang='lat'>,</span> <span class='ocrx_word' id='word_1_708' title='bbox 1743 2091 1778 2123; x_wconf 91' lang='lat' dir='ltr'>in</span> <span class='ocrx_word' id='word_1_709' title='bbox 1809 2100 1906 2133; x_wconf 83' lang='lat' dir='ltr'>quem</span> <span class='ocrx_word' id='word_1_710' title='bbox 1928 2090 2073 2127; x_wconf 65' lang='lat' dir='ltr'>Carolus,</span> 
     </span>
    </p>
   </div>
   <div class='ocr_carea' id='block_1_21' title="bbox 1184 2137 2125 2184">
    <p class='ocr_par' dir='ltr' id='par_1_23' title="bbox 1184 2137 2125 2184">
     <span class='ocr_line' id='line_1_102' title="bbox 1184 2137 2125 2184; baseline 0.005 -12"><span class='ocrx_word' id='word_1_711' title='bbox 1184 2137 1354 2172; x_wconf 69' lang='lat' dir='ltr'>Mar-tellus</span> <span class='ocrx_word' id='word_1_712' title='bbox 1366 2139 1399 2171; x_wconf 84' lang='lat'>&amp;</span> <span class='ocrx_word' id='word_1_713' title='bbox 1412 2138 1635 2184; x_wconf 83' lang='lat' dir='ltr'>Raginfredus</span> <span class='ocrx_word' id='word_1_714' title='bbox 1644 2163 1655 2180; x_wconf 90' lang='lat'>‚</span> <span class='ocrx_word' id='word_1_715' title='bbox 1681 2138 1723 2173; x_wconf 87' lang='lat' dir='ltr'>de</span> <span class='ocrx_word' id='word_1_716' title='bbox 1734 2139 1849 2184; x_wconf 84' lang='lat' dir='ltr'>Regiae</span> <span class='ocrx_word' id='word_1_717' title='bbox 1859 2139 1979 2175; x_wconf 89' lang='lat' dir='ltr'>domus</span> <span class='ocrx_word' id='word_1_718' title='bbox 1996 2140 2071 2174; x_wconf 81' lang='lat' dir='ltr'>Ma·</span> <span class='ocrx_word' id='word_1_719' title='bbox 2119 2166 2125 2177; x_wconf 62' lang='lat'><em>2</em></span> 
     </span>
    </p>
   </div>
   <div class='ocr_carea' id='block_1_22' title="bbox 1176 2188 2073 3384">
    <p class='ocr_par' dir='ltr' id='par_1_24' title="bbox 1176 2188 2073 3384">
     <span class='ocr_line' id='line_1_103' title="bbox 1184 2188 2072 2234; baseline 0.003 -13"><span class='ocrx_word' id='word_1_720' title='bbox 1184 2188 1291 2231; x_wconf 75' lang='lat' dir='ltr'>joratu</span> <span class='ocrx_word' id='word_1_721' title='bbox 1304 2188 1492 2232; x_wconf 79' lang='lat' dir='ltr'>litigantes,</span> <span class='ocrx_word' id='word_1_722' title='bbox 1517 2189 1704 2223; x_wconf 87' lang='lat' dir='ltr'>universum</span> <span class='ocrx_word' id='word_1_723' title='bbox 1726 2189 1846 2224; x_wconf 78' lang='lat' dir='ltr'>Galliae</span> <span class='ocrx_word' id='word_1_724' title='bbox 1866 2190 2072 2234; x_wconf 84' lang='lat' dir='ltr'>Regnum&amp;</span> 
     </span>
     <span class='ocr_line' id='line_1_104' title="bbox 1182 2237 2072 2284; baseline 0.003 -14"><span class='ocrx_word' id='word_1_725' title='bbox 1182 2237 1249 2279; x_wconf 76' lang='lat' dir='ltr'>ejus</span> <span class='ocrx_word' id='word_1_726' title='bbox 1260 2237 1541 2273; x_wconf 76' lang='lat' dir='ltr'>christianitatem</span> <span class='ocrx_word' id='word_1_727' title='bbox 1553 2238 1760 2274; x_wconf 86' lang='lat' dir='ltr'>detruserunt</span> <span class='ocrx_word' id='word_1_728' title='bbox 1772 2264 1783 2280; x_wconf 97' lang='lat'>,</span> <span class='ocrx_word' id='word_1_729' title='bbox 1810 2240 1948 2284; x_wconf 82' lang='lat' dir='ltr'>exponit</span> <span class='ocrx_word' id='word_1_730' title='bbox 1964 2240 2072 2273; x_wconf 89' lang='lat' dir='ltr'>Hinc-</span> 
     </span>
     <span class='ocr_line' id='line_1_105' title="bbox 1182 2286 2073 2334; baseline 0.004 -14"><span class='ocrx_word' id='word_1_731' title='bbox 1182 2297 1289 2321; x_wconf 86' lang='lat' dir='ltr'>marus</span> <span class='ocrx_word' id='word_1_732' title='bbox 1300 2286 1494 2323; x_wconf 83' lang='lat' dir='ltr'>Rhemenfis</span> <span class='ocrx_word' id='word_1_733' title='bbox 1505 2289 1539 2321; x_wconf 87' lang='lat' dir='ltr'>in</span> <span class='ocrx_word' id='word_1_734' title='bbox 1555 2289 1621 2323; x_wconf 84' lang='lat' dir='ltr'>vita</span> <span class='ocrx_word' id='word_1_735' title='bbox 1634 2289 1742 2323; x_wconf 71' lang='lat' dir='ltr'>sancti</span> <span class='ocrx_word' id='word_1_736' title='bbox 1754 2290 1912 2334; x_wconf 84' lang='lat' dir='ltr'>Remigii.</span> <span class='ocrx_word' id='word_1_737' title='bbox 1926 2290 2073 2333; x_wconf 78' lang='lat' dir='ltr'>Lapsam</span> 
     </span>
     <span class='ocr_line' id='line_1_106' title="bbox 1180 2337 2072 2383; baseline 0.002 -11"><span class='ocrx_word' id='word_1_738' title='bbox 1180 2337 1375 2383; x_wconf 86' lang='lat' dir='ltr'>religionem</span> <span class='ocrx_word' id='word_1_739' title='bbox 1394 2339 1429 2374; x_wconf 74' lang='grc' dir='ltr'>δε</span> <span class='ocrx_word' id='word_1_740' title='bbox 1449 2337 1659 2382; x_wconf 85' lang='lat' dir='ltr'>disciplinam</span> <span class='ocrx_word' id='word_1_741' title='bbox 1670 2350 1813 2381; x_wconf 85' lang='lat' dir='ltr'>reparare</span> <span class='ocrx_word' id='word_1_742' title='bbox 1826 2340 1988 2383; x_wconf 74' lang='lat' dir='ltr'>pippinus</span> <span class='ocrx_word' id='word_1_743' title='bbox 2007 2351 2072 2374; x_wconf 87' lang='lat' dir='ltr'>coe-</span> 
     </span>
     <span class='ocr_line' id='line_1_107' title="bbox 1179 2387 2073 2434; baseline 0.001 -12"><span class='ocrx_word' id='word_1_744' title='bbox 1179 2397 1292 2432; x_wconf 86' lang='lat' dir='ltr'>perat,</span> <span class='ocrx_word' id='word_1_745' title='bbox 1316 2387 1427 2433; x_wconf 84' lang='lat' dir='ltr'>&amp;jam</span> <span class='ocrx_word' id='word_1_746' title='bbox 1439 2387 1576 2424; x_wconf 84' lang='lat' dir='ltr'>Carolus</span> <span class='ocrx_word' id='word_1_747' title='bbox 1590 2388 1793 2432; x_wconf 83' lang='lat' dir='ltr'>perficiebat:</span> <span class='ocrx_word' id='word_1_748' title='bbox 1822 2389 1917 2423; x_wconf 89' lang='lat' dir='ltr'>Hinc</span> <span class='ocrx_word' id='word_1_749' title='bbox 1930 2390 2021 2434; x_wconf 86' lang='lat' dir='ltr'>plura</span> <span class='ocrx_word' id='word_1_750' title='bbox 2032 2390 2073 2423; x_wconf 84' lang='lat' dir='ltr'>in</span> 
     </span>
     <span class='ocr_line' id='line_1_108' title="bbox 1180 2437 2070 2487; baseline 0.003 -16"><span class='ocrx_word' id='word_1_751' title='bbox 1180 2438 1250 2482; x_wconf 89' lang='lat' dir='ltr'>ipso</span> <span class='ocrx_word' id='word_1_752' title='bbox 1281 2437 1475 2481; x_wconf 74' lang='lat' dir='ltr'>Apostolica</span> <span class='ocrx_word' id='word_1_753' title='bbox 1501 2438 1599 2474; x_wconf 86' lang='lat' dir='ltr'>Sedes</span> <span class='ocrx_word' id='word_1_754' title='bbox 1624 2439 1794 2477; x_wconf 83' lang='lat' dir='ltr'>toleravit.</span> <span class='ocrx_word' id='word_1_755' title='bbox 1823 2440 1927 2487; x_wconf 74' lang='lat' dir='ltr'>ond</span> <span class='ocrx_word' id='word_1_756' title='bbox 1954 2450 2070 2474; x_wconf 82' lang='lat' dir='ltr'>tamen</span> 
     </span>
     <span class='ocr_line' id='line_1_109' title="bbox 1176 2486 2069 2531; baseline 0.002 -9"><span class='ocrx_word' id='word_1_757' title='bbox 1176 2487 1263 2522; x_wconf 78' lang='lat' dir='ltr'>‘istud</span> <span class='ocrx_word' id='word_1_758' title='bbox 1275 2486 1443 2522; x_wconf 89' lang='lat' dir='ltr'>Tribunal</span> <span class='ocrx_word' id='word_1_759' title='bbox 1455 2487 1624 2522; x_wconf 87' lang='lat' dir='ltr'>Romanas</span> <span class='ocrx_word' id='word_1_760' title='bbox 1637 2487 1888 2531; x_wconf 81' lang='lat' dir='ltr'>Appellationes</span> <span class='ocrx_word' id='word_1_761' title='bbox 1897 2489 1999 2523; x_wconf 83' lang='lat' dir='ltr'>ctiam</span> <span class='ocrx_word' id='word_1_762' title='bbox 2018 2490 2069 2524; x_wconf 90' lang='lat' dir='ltr'>in-</span> 
     </span>
     <span class='ocr_line' id='line_1_110' title="bbox 1180 2536 2067 2581; baseline 0.002 -9"><span class='ocrx_word' id='word_1_763' title='bbox 1180 2537 1290 2572; x_wconf 90' lang='lat' dir='ltr'>feriori</span> <span class='ocrx_word' id='word_1_764' title='bbox 1301 2536 1405 2573; x_wconf 82' lang='lat' dir='ltr'>Clero</span> <span class='ocrx_word' id='word_1_765' title='bbox 1418 2547 1487 2571; x_wconf 89' lang='lat' dir='ltr'>non</span> <span class='ocrx_word' id='word_1_766' title='bbox 1498 2536 1650 2580; x_wconf 88' lang='lat' dir='ltr'>eripuerit</span> <span class='ocrx_word' id='word_1_767' title='bbox 1658 2562 1668 2578; x_wconf 91' lang='lat'><em>‚</em></span> <span class='ocrx_word' id='word_1_768' title='bbox 1695 2537 1741 2570; x_wconf 87' lang='lat' dir='ltr'>est</span> <span class='ocrx_word' id='word_1_769' title='bbox 1752 2538 2048 2581; x_wconf 72' lang='lat' dir='ltr'>exploratissimum</span> <span class='ocrx_word' id='word_1_770' title='bbox 2057 2565 2067 2574; x_wconf 90' lang='lat'><strong>.</strong></span> 
     </span>
     <span class='ocr_line' id='line_1_111' title="bbox 1180 2587 2068 2632; baseline 0.005 -11"><span class='ocrx_word' id='word_1_771' title='bbox 1180 2587 1314 2623; x_wconf 86' lang='lat' dir='ltr'>Etenim</span> <span class='ocrx_word' id='word_1_772' title='bbox 1337 2587 1461 2631; x_wconf 86' lang='lat' dir='ltr'>primus</span> <span class='ocrx_word' id='word_1_773' title='bbox 1481 2587 1514 2621; x_wconf 71' lang='grc' dir='ltr'>ὃς</span> <span class='ocrx_word' id='word_1_774' title='bbox 1529 2588 1683 2630; x_wconf 83' lang='lat' dir='ltr'>palmaris</span> <span class='ocrx_word' id='word_1_775' title='bbox 1707 2587 1882 2630; x_wconf 89' lang='lat' dir='ltr'>articulus,</span> <span class='ocrx_word' id='word_1_776' title='bbox 1909 2599 2007 2632; x_wconf 87' lang='lat' dir='ltr'>quem</span> <span class='ocrx_word' id='word_1_777' title='bbox 2029 2590 2068 2632; x_wconf 77' lang='lat' dir='ltr'>iu</span> 
     </span>
     <span class='ocr_line' id='line_1_112' title="bbox 1179 2635 2067 2683; baseline 0.002 -12"><span class='ocrx_word' id='word_1_778' title='bbox 1179 2638 1264 2682; x_wconf 89' lang='lat' dir='ltr'>lapsa</span> <span class='ocrx_word' id='word_1_779' title='bbox 1294 2637 1402 2672; x_wconf 80' lang='lat' dir='ltr'>nostra</span> <span class='ocrx_word' id='word_1_780' title='bbox 1425 2635 1675 2671; x_wconf 85' lang='lat' dir='ltr'>Christianitate</span> <span class='ocrx_word' id='word_1_781' title='bbox 1695 2639 1858 2681; x_wconf 81' lang='lat' dir='ltr'>reparavit</span> <span class='ocrx_word' id='word_1_782' title='bbox 1882 2638 2067 2683; x_wconf 85' lang='lat' dir='ltr'>Apostolus</span> 
     </span>
     <span class='ocr_line' id='line_1_113' title="bbox 1180 2687 2067 2732; baseline -0.001 -8"><span class='ocrx_word' id='word_1_783' title='bbox 1180 2688 1288 2724; x_wconf 83' lang='lat' dir='ltr'>noster</span> <span class='ocrx_word' id='word_1_784' title='bbox 1310 2688 1446 2723; x_wconf 60' lang='lat' dir='ltr'>Sanctus</span> <span class='ocrx_word' id='word_1_785' title='bbox 1470 2687 1686 2728; x_wconf 83' lang='lat' dir='ltr'>Bonifacius,</span> <span class='ocrx_word' id='word_1_786' title='bbox 1711 2689 1774 2723; x_wconf 84' lang='lat' dir='ltr'>fuit</span> <span class='ocrx_word' id='word_1_787' title='bbox 1800 2688 1980 2732; x_wconf 83' lang='lat' dir='ltr'>pleniffima</span> <span class='ocrx_word' id='word_1_788' title='bbox 1991 2688 2067 2725; x_wconf 84' lang='lat' dir='ltr'>obe-</span> 
     </span>
     <span class='ocr_line' id='line_1_114' title="bbox 1177 2737 2066 2783; baseline 0.001 -10"><span class='ocrx_word' id='word_1_789' title='bbox 1177 2738 1302 2773; x_wconf 87' lang='lat' dir='ltr'>dientia</span> <span class='ocrx_word' id='word_1_790' title='bbox 1313 2748 1412 2783; x_wconf 85' lang='lat' dir='ltr'>atque</span> <span class='ocrx_word' id='word_1_791' title='bbox 1424 2737 1576 2781; x_wconf 69' lang='lat' dir='ltr'>subjectio</span> <span class='ocrx_word' id='word_1_792' title='bbox 1589 2737 1646 2771; x_wconf 85' lang='lat' dir='ltr'>sub</span> <span class='ocrx_word' id='word_1_793' title='bbox 1659 2737 1812 2774; x_wconf 87' lang='lat' dir='ltr'>Romana</span> <span class='ocrx_word' id='word_1_794' title='bbox 1827 2738 1970 2774; x_wconf 84' lang='lat' dir='ltr'>Ecclesia</span> <span class='ocrx_word' id='word_1_795' title='bbox 1982 2764 1991 2771; x_wconf 91' lang='lat'>.</span> <span class='ocrx_word' id='word_1_796' title='bbox 2019 2740 2066 2774; x_wconf 87' lang='lat' dir='ltr'>Et</span> 
     </span>
     <span class='ocr_line' id='line_1_115' title="bbox 1178 2787 2066 2832; baseline -0.001 -8"><span class='ocrx_word' id='word_1_797' title='bbox 1178 2799 1257 2824; x_wconf 74' lang='lat' dir='ltr'>tunc</span> <span class='ocrx_word' id='word_1_798' title='bbox 1271 2800 1376 2823; x_wconf 91' lang='lat' dir='ltr'>novus</span> <span class='ocrx_word' id='word_1_799' title='bbox 1389 2788 1567 2823; x_wconf 89' lang='lat' dir='ltr'>Canonum</span> <span class='ocrx_word' id='word_1_800' title='bbox 1581 2787 1698 2822; x_wconf 84' lang='lat' dir='ltr'>Codex</span> <span class='ocrx_word' id='word_1_801' title='bbox 1709 2811 1720 2828; x_wconf 87' lang='lat'>‚</span> <span class='ocrx_word' id='word_1_802' title='bbox 1742 2799 1797 2832; x_wconf 82' lang='lat' dir='ltr'>per</span> <span class='ocrx_word' id='word_1_803' title='bbox 1805 2789 1966 2825; x_wconf 86' lang='lat' dir='ltr'>Ifidorum</span> <span class='ocrx_word' id='word_1_804' title='bbox 1976 2789 2066 2824; x_wconf 89' lang='lat' dir='ltr'>Mer-</span> 
     </span>
     <span class='ocr_line' id='line_1_116' title="bbox 1178 2838 2065 2882; baseline -0.001 -8"><span class='ocrx_word' id='word_1_805' title='bbox 1178 2850 1321 2874; x_wconf 87' lang='lat' dir='ltr'>catorem</span> <span class='ocrx_word' id='word_1_806' title='bbox 1342 2850 1383 2873; x_wconf 86' lang='lat' dir='ltr'>ex</span> <span class='ocrx_word' id='word_1_807' title='bbox 1407 2838 1570 2882; x_wconf 86' lang='lat' dir='ltr'>Hispania</span> <span class='ocrx_word' id='word_1_808' title='bbox 1591 2838 1827 2881; x_wconf 82' lang='lat' dir='ltr'>deportatusin</span> <span class='ocrx_word' id='word_1_809' title='bbox 1851 2840 2018 2880; x_wconf 77' lang='lat' dir='ltr'>Galliam,</span> <span class='ocrx_word' id='word_1_810' title='bbox 2044 2839 2065 2873; x_wconf 72' lang='lat' dir='ltr'>a</span> 
     </span>
     <span class='ocr_line' id='line_1_117' title="bbox 1179 2887 2065 2934; baseline 0 -10"><span class='ocrx_word' id='word_1_811' title='bbox 1179 2887 1348 2933; x_wconf 89' lang='lat' dir='ltr'>Riculpho</span> <span class='ocrx_word' id='word_1_812' title='bbox 1371 2888 1625 2934; x_wconf 84' lang='lat' dir='ltr'>Moguntinenfi</span> <span class='ocrx_word' id='word_1_813' title='bbox 1659 2888 1824 2932; x_wconf 81' lang='lat' dir='ltr'>Episcopo</span> <span class='ocrx_word' id='word_1_814' title='bbox 1856 2888 2065 2933; x_wconf 81' lang='lat' dir='ltr'>spargebatur</span> 
     </span>
     <span class='ocr_line' id='line_1_118' title="bbox 1179 2937 2063 2984; baseline -0.002 -10"><span class='ocrx_word' id='word_1_815' title='bbox 1179 2951 1232 2984; x_wconf 86' lang='lat' dir='ltr'>per</span> <span class='ocrx_word' id='word_1_816' title='bbox 1254 2950 1388 2974; x_wconf 84' lang='lat' dir='ltr'>omnem</span> <span class='ocrx_word' id='word_1_817' title='bbox 1400 2939 1599 2973; x_wconf 87' lang='lat' dir='ltr'>Francorum</span> <span class='ocrx_word' id='word_1_818' title='bbox 1621 2937 1852 2973; x_wconf 85' lang='lat' dir='ltr'>Monarchiam</span> <span class='ocrx_word' id='word_1_819' title='bbox 1865 2962 1877 2979; x_wconf 89' lang='lat'>,</span> <span class='ocrx_word' id='word_1_820' title='bbox 1903 2939 1936 2973; x_wconf 78' lang='grc' dir='ltr'>δε</span> <span class='ocrx_word' id='word_1_821' title='bbox 1950 2939 1966 2972; x_wconf 75' lang='lat' dir='ltr'>a</span> <span class='ocrx_word' id='word_1_822' title='bbox 1977 2950 2063 2973; x_wconf 89' lang='lat' dir='ltr'>cun-</span> 
     </span>
     <span class='ocr_line' id='line_1_119' title="bbox 1177 2987 2064 3033; baseline -0.002 -9"><span class='ocrx_word' id='word_1_823' title='bbox 1177 2989 1232 3025; x_wconf 66' lang='lat' dir='ltr'>ctis</span> <span class='ocrx_word' id='word_1_824' title='bbox 1244 3014 1254 3030; x_wconf 95' lang='lat'>‚</span> <span class='ocrx_word' id='word_1_825' title='bbox 1280 2989 1330 3023; x_wconf 91' lang='lat' dir='ltr'>uti</span> <span class='ocrx_word' id='word_1_826' title='bbox 1343 3000 1390 3023; x_wconf 89' lang='lat' dir='ltr'>res</span> <span class='ocrx_word' id='word_1_827' title='bbox 1400 2988 1418 3023; x_wconf 80' lang='grc' dir='ltr'>ὲ</span> <span class='ocrx_word' id='word_1_828' title='bbox 1429 2990 1515 3024; x_wconf 91' lang='lat' dir='ltr'>coelo</span> <span class='ocrx_word' id='word_1_829' title='bbox 1527 2990 1632 3032; x_wconf 81' lang='lat' dir='ltr'>lapsa,</span> <span class='ocrx_word' id='word_1_830' title='bbox 1653 2999 1729 3022; x_wconf 90' lang='lat' dir='ltr'>cum</span> <span class='ocrx_word' id='word_1_831' title='bbox 1739 2987 1862 3033; x_wconf 83' lang='lat' dir='ltr'>gaudio</span> <span class='ocrx_word' id='word_1_832' title='bbox 1873 2989 1907 3026; x_wconf 71' lang='grc' dir='ltr'>δι</span> <span class='ocrx_word' id='word_1_833' title='bbox 1919 3000 2064 3024; x_wconf 84' lang='lat' dir='ltr'>reveren-</span> 
     </span>
     <span class='ocr_line' id='line_1_120' title="bbox 1179 3038 2062 3083; baseline -0.002 -8"><span class='ocrx_word' id='word_1_834' title='bbox 1179 3042 1223 3076; x_wconf 87' lang='lat' dir='ltr'>tia</span> <span class='ocrx_word' id='word_1_835' title='bbox 1247 3038 1479 3083; x_wconf 87' lang='lat' dir='ltr'>suscipiebatur</span> <span class='ocrx_word' id='word_1_836' title='bbox 1491 3065 1498 3072; x_wconf 94' lang='lat'><strong>.</strong></span> <span class='ocrx_word' id='word_1_837' title='bbox 1526 3039 1655 3075; x_wconf 90' lang='lat' dir='ltr'>Primus</span> <span class='ocrx_word' id='word_1_838' title='bbox 1674 3049 1751 3073; x_wconf 79' lang='lat' dir='ltr'>eum</span> <span class='ocrx_word' id='word_1_839' title='bbox 1762 3038 1875 3073; x_wconf 87' lang='lat' dir='ltr'>rodere</span> <span class='ocrx_word' id='word_1_840' title='bbox 1892 3040 1988 3073; x_wconf 85' lang='lat' dir='ltr'>ausus</span> <span class='ocrx_word' id='word_1_841' title='bbox 1999 3040 2062 3073; x_wconf 88' lang='lat' dir='ltr'>fuit:</span> 
     </span>
     <span class='ocr_line' id='line_1_121' title="bbox 1179 3087 2058 3126; baseline -0.005 -1"><span class='ocrx_word' id='word_1_842' title='bbox 1179 3089 1369 3125; x_wconf 85' lang='lat' dir='ltr'>Rhemenfis</span> <span class='ocrx_word' id='word_1_843' title='bbox 1380 3091 1591 3126; x_wconf 85' lang='lat' dir='ltr'>Hincmarus.</span> <span class='ocrx_word' id='word_1_844' title='bbox 1619 3094 1666 3123; x_wconf 79' lang='lat' dir='ltr'>At</span> <span class='ocrx_word' id='word_1_845' title='bbox 1677 3087 1816 3125; x_wconf 82' lang='lat' dir='ltr'>successu</span> <span class='ocrx_word' id='word_1_846' title='bbox 1829 3089 2058 3124; x_wconf 82' lang='lat' dir='ltr'>infelicissimo.</span> 
     </span>
     <span class='ocr_line' id='line_1_122' title="bbox 1179 3138 2061 3183; baseline -0.002 -8"><span class='ocrx_word' id='word_1_847' title='bbox 1179 3142 1284 3176; x_wconf 76' lang='lat' dir='ltr'>Porro</span> <span class='ocrx_word' id='word_1_848' title='bbox 1294 3140 1378 3174; x_wconf 90' lang='lat' dir='ltr'>inter</span> <span class='ocrx_word' id='word_1_849' title='bbox 1389 3140 1543 3183; x_wconf 85' lang='lat' dir='ltr'>palmaria</span> <span class='ocrx_word' id='word_1_850' title='bbox 1555 3139 1646 3173; x_wconf 84' lang='lat' dir='ltr'>istius</span> <span class='ocrx_word' id='word_1_851' title='bbox 1660 3138 1796 3173; x_wconf 87' lang='lat' dir='ltr'>Codicis</span> <span class='ocrx_word' id='word_1_852' title='bbox 1805 3140 1910 3183; x_wconf 86' lang='lat' dir='ltr'>capita</span> <span class='ocrx_word' id='word_1_853' title='bbox 1923 3139 1968 3173; x_wconf 89' lang='lat' dir='ltr'>est</span> <span class='ocrx_word' id='word_1_854' title='bbox 1994 3141 2061 3175; x_wconf 86' lang='lat' dir='ltr'>Ro-</span> 
     </span>
     <span class='ocr_line' id='line_1_123' title="bbox 1179 3188 2060 3233; baseline -0.005 -6"><span class='ocrx_word' id='word_1_855' title='bbox 1179 3203 1274 3227; x_wconf 76' lang='lat' dir='ltr'>mana</span> <span class='ocrx_word' id='word_1_856' title='bbox 1295 3191 1394 3225; x_wconf 87' lang='lat' dir='ltr'>etiam</span> <span class='ocrx_word' id='word_1_857' title='bbox 1418 3190 1620 3224; x_wconf 82' lang='lat' dir='ltr'>Cl&#39;ericorum</span> <span class='ocrx_word' id='word_1_858' title='bbox 1644 3188 1854 3233; x_wconf 82' lang='lat' dir='ltr'>Appellatio.</span> <span class='ocrx_word' id='word_1_859' title='bbox 1883 3190 1927 3223; x_wconf 87' lang='lat' dir='ltr'>Et</span> <span class='ocrx_word' id='word_1_860' title='bbox 1955 3189 2060 3231; x_wconf 84' lang='lat' dir='ltr'>plures</span> 
     </span>
     <span class='ocr_line' id='line_1_124' title="bbox 1178 3239 2059 3286; baseline -0.003 -10"><span class='ocrx_word' id='word_1_861' title='bbox 1178 3243 1245 3286; x_wconf 86' lang='lat' dir='ltr'>ejus</span> <span class='ocrx_word' id='word_1_862' title='bbox 1255 3242 1295 3278; x_wconf 91' lang='lat' dir='ltr'>de</span> <span class='ocrx_word' id='word_1_863' title='bbox 1306 3240 1366 3275; x_wconf 87' lang='lat' dir='ltr'>hac</span> <span class='ocrx_word' id='word_1_864' title='bbox 1378 3251 1411 3275; x_wconf 90' lang='lat' dir='ltr'>re</span> <span class='ocrx_word' id='word_1_865' title='bbox 1423 3240 1577 3274; x_wconf 76' lang='lat' dir='ltr'>articulos</span> <span class='ocrx_word' id='word_1_866' title='bbox 1590 3239 1729 3274; x_wconf 83' lang='lat' dir='ltr'>Carolus</span> <span class='ocrx_word' id='word_1_867' title='bbox 1741 3240 1885 3285; x_wconf 86' lang='lat' dir='ltr'>Magnus</span> <span class='ocrx_word' id='word_1_868' title='bbox 1895 3251 1931 3274; x_wconf 87' lang='lat' dir='ltr'>ac</span> <span class='ocrx_word' id='word_1_869' title='bbox 1948 3239 2059 3273; x_wconf 88' lang='lat' dir='ltr'>Ludo-</span> 
     </span>
     <span class='ocr_line' id='line_1_125' title="bbox 1180 3288 2058 3337; baseline -0.005 -11"><span class='ocrx_word' id='word_1_870' title='bbox 1180 3294 1268 3328; x_wconf 90' lang='lat' dir='ltr'>vicus</span> <span class='ocrx_word' id='word_1_871' title='bbox 1279 3291 1560 3337; x_wconf 83' lang='lat' dir='ltr'>pinsinseruerunt</span> <span class='ocrx_word' id='word_1_872' title='bbox 1575 3291 1638 3324; x_wconf 90' lang='lat' dir='ltr'>suis</span> <span class='ocrx_word' id='word_1_873' title='bbox 1658 3288 1919 3334; x_wconf 83' lang='lat' dir='ltr'>Capitularibus.</span> <span class='ocrx_word' id='word_1_874' title='bbox 1947 3290 2058 3337; x_wconf 79' lang='lat' dir='ltr'>Qare</span> 
     </span>
     <span class='ocr_line' id='line_1_126' title="bbox 1178 3340 2060 3384; baseline -0.01 -5"><span class='ocrx_word' id='word_1_875' title='bbox 1178 3344 1384 3378; x_wconf 86' lang='lat' dir='ltr'>manifestum</span> <span class='ocrx_word' id='word_1_876' title='bbox 1408 3341 1473 3381; x_wconf 89' lang='lat' dir='ltr'>est,</span> <span class='ocrx_word' id='word_1_877' title='bbox 1503 3341 1592 3384; x_wconf 90' lang='lat' dir='ltr'>quod</span> <span class='ocrx_word' id='word_1_878' title='bbox 1616 3340 1790 3375; x_wconf 83' lang='lat' dir='ltr'>Gallicana</span> <span class='ocrx_word' id='word_1_879' title='bbox 1811 3351 1892 3375; x_wconf 84' lang='lat' dir='ltr'>tunc</span> <span class='ocrx_word' id='word_1_880' title='bbox 1915 3340 2060 3374; x_wconf 74' lang='lat' dir='ltr'>Ecclesia</span> 
     </span>
    </p>
   </div>
   <div class='ocr_carea' id='block_1_23' title="bbox 1179 3391 2056 3472">
    <p class='ocr_par' dir='ltr' id='par_1_25' title="bbox 1179 3391 2056 3472">
     <span class='ocr_line' id='line_1_127' title="bbox 1179 3391 2056 3439; baseline -0.008 -11"><span class='ocrx_word' id='word_1_881' title='bbox 1179 3394 1252 3430; x_wconf 87' lang='lat' dir='ltr'>istas</span> <span class='ocrx_word' id='word_1_882' title='bbox 1274 3392 1509 3439; x_wconf 82' lang='lat' dir='ltr'>appellationes</span> <span class='ocrx_word' id='word_1_883' title='bbox 1528 3393 1560 3426; x_wconf 89' lang='lat' dir='ltr'>in</span> <span class='ocrx_word' id='word_1_884' title='bbox 1589 3391 1683 3429; x_wconf 87' lang='lat' dir='ltr'>nullo</span> <span class='ocrx_word' id='word_1_885' title='bbox 1707 3391 1837 3436; x_wconf 80' lang='lat' dir='ltr'>penitus</span> <span class='ocrx_word' id='word_1_886' title='bbox 1868 3391 1979 3424; x_wconf 82' lang='lat' dir='ltr'>laeserit</span> <span class='ocrx_word' id='word_1_887' title='bbox 2001 3397 2056 3422; x_wconf 85' lang='lat' dir='ltr'>aut</span> 
     </span>
     <span class='ocr_line' id='line_1_128' title="bbox 1933 3449 2008 3472; baseline -0.013 0"><span class='ocrx_word' id='word_1_888' title='bbox 1933 3449 2008 3472; x_wconf 69' lang='lat' dir='ltr'>COH-</span> 
     </span>
    </p>
   </div>
  </div>
 </body>
</html>
