2326 3718
105 459 178 496 Cap.
197 467 240 487 η.

90 2403 180 2445 Epist.
188 2405 236 2443 402

865 111 904 153 S.

266 197 480 243 Eutychiana
489 193 611 229 haeresis
622 192 787 228 Breviario
798 191 979 231 Liberatus,
1006 188 1142 226 Cartha-

266 248 407 295 ginenfis
421 244 864 280 EcclefiaeArchi·Diaconus:
877 245 946 275 Haec
956 243 1023 284 ergo
1034 241 1144 274 secun-

265 300 308 333 da
321 295 480 340 Ephelina
499 297 610 335 synodo
630 296 799 327 decernente
809 317 820 333 ‚
848 293 881 326 (Β
892 292 1056 332 restituente
1079 294 1144 323 Eu·

247 345 340 386 -ptycbt
362 346 540 384 Presbyterti
560 347 735 389 dignltatem
755 354 789 374 ac
813 343 968 382 Ministertt
993 339 1140 383 Praesula-

263 406 327 433 tum
338 415 348 432 5
374 397 550 430 Flavianus
560 394 720 438 quidem&
734 392 878 434 Eusebius
890 417 900 432 ,
923 391 1140 433 Dorylaeenfis

248 444 447 490 .2Episc0pus
461 472 472 487 ‚
492 451 602 479 carceri
611 448 838 484 mancipantur.
869 445 960 475 Porro
981 442 1072 473 locum
1094 440 1140 472 ob-

261 502 391 529 tinentes
413 498 512 537 Papae
532 500 640 529 LeonIs
665 492 797 526 omnibus
820 517 831 532 ,
857 504 923 535 quae
940 490 1022 535 gesta
1045 491 1139 528 sunt,

259 546 557 581 contradixerunt:
588 543 766 579 Flavianus
792 554 902 580 autem
923 567 934 582 ,
967 538 1080 576 contra
1110 540 1141 572 se

253 596 377 638 prolata*
388 593 563 638 sententia,
583 602 644 636 per
667 595 733 634 ejus
745 596 875 637 Legatos
885 593 987 625 sedem
1000 589 1137 632 Apostoli-

252 639 325 679 ‘cam
334 646 501 688 appellavit
510 643 622 677 libello.
650 642 879 687 Apostolicam
899 642 1015 676 Sedem
1027 641 1061 673 in
1074 639 1139 673 suis

257 694 392 740 Legatis
401 705 568 728 veneratus
579 694 622 727 est
638 717 649 733 ,
675 693 819 737 ideoque
842 691 915 735 ipfis
935 689 1070 724 tradidit
1081 691 1141 722 suae

257 744 485 789 appellationis
506 743 671 778 libellum.
699 743 868 777 Liberatus
891 740 1006 775 diserte
1030 737 1139 773 scribit

254 805 325 833 non
346 795 454 829 solum
474 794 629 828 Hilarum
649 818 661 835 ,
688 793 741 827 sed
766 791 978 836 Apostolicos
997 789 1140 834 Legatos

254 842 463 881 Latrocinali
478 844 610 888 Judicio
629 843 878 878 contradixisse.
909 840 1028 875 Eidem
1047 839 1140 872 debe·

255 905 330 929 mus
340 894 478 938 gratias,
502 894 592 938 quod
607 905 667 928 nos
685 892 801 927 doceat
812 891 1007 926 Flavianum
1029 900 1066 923 ac
1079 889 1140 922 Eu·

252 945 382 985 ,sebium
402 944 497 979 fuiffe
518 944 603 986 apud
616 942 781 986 Ephesum
791 943 809 975 a
820 941 988 975 Dioscoro
999 949 1140 973 carcera-

253 1006 309 1033 tos
327 1018 334 1026 .
362 995 486 1030 Comes
500 992 715 1027 Marcellinus
739 991 830 1025 addit
841 992 994 1025 Sanctum
1007 985 1138 1025 Flavia-

252 1055 335 1077 num
349 1044 442 1077 fuisse
453 1042 630 1086 relegatum
644 1042 822 1084 Hypepam
833 1039 918 1073 Afiae
929 1065 936 1072 .
951 1040 994 1073 Et
1004 1037 1141 1080 Prosper

252 1092 376 1134 Tyro.-
400 1091 527 1123 sanetus
543 1092 718 1124 Flavianus
739 1095 820 1123 inter
840 1100 947 1122 manus
972 1097 1069 1121 eorum
1083 1111 1093 1127 ,
1121 1088 1142 1119 a

250 1140 358 1183 quibus
379 1145 413 1171 tn
433 1140 558 1174 exilium
574 1141 733 1174 ducebatur
756 1163 767 1179 ,
786 1138 910 1183 glorioso
929 1139 974 1172 ad
993 1136 1142 1177 christum

251 1189 314 1232 fine
336 1187 475 1231 transivit
488 1215 495 1222 .
523 1190 659 1224 Etenim
680 1189 876 1224 aDioscoro
897 1187 1139 1230 fueratimpeti-

251 1250 305 1279 tus
315 1239 475 1278 calcibus,
490 1239 524 1274 ὅ(
536 1240 678 1284 graviter
690 1239 778 1273 laesus
792 1264 798 1271 .
825 1237 928 1282 Caesus
941 1238 1118 1271 Flavianus
1129 1261 1141 1277 ,

252 1291 287 1325 ὠ·
298 1289 401 1322 multis
412 1292 534 1330 injurus
542 1288 669 1330 affec‘i'us
681 1313 693 1330 ,
715 1290 810 1322 dolore
815 1291 977 1332 plagarum
987 1292 1135 1331 migravit

252 1340 297 1373 ad
306 1343 466 1372 Dominum
476 1363 485 1371 .
512 1339 596 1373 Sunt
608 1338 702 1374 verba
716 1339 862 1373 Liberati
873 1362 880 1370 .
908 1338 992 1372 Haec
1005 1338 1049 1371 est
1062 1348 1132 1370 cau-

249 1390 305 1429 sa,
333 1399 390 1423 cur
403 1389 549 1433 Magnus
570 1389 642 1423 Leo
661 1388 903 1423 Sanffiffimurn
930 1387 1133 1432 Episcopum

249 1450 321 1473 nou
332 1440 510 1481 reposuerit
530 1438 564 1472 in
579 1440 667 1473 suam
680 1439 815 1474 Sedem.
844 1438 981 1482 Prosper
1003 1437 1136 1479 subjun-

251 1488 324 1534 git:
354 1491 506 1522 Martiam
519 1488 787 1533 AugufliEdic‘Iis,
815 1488 979 1530 Apostolrcae
989 1489 1073 1521 Sedis
1086 1498 1136 1519 au-

250 1538 423 1573 thoritatem
444 1536 556 1582 secutis
582 1563 594 1580 ,
619 1541 747 1579 synodus
773 1537 924 1581 Ephefina
948 1539 1135 1571 damnatur.

249 1588 334 1623 Non
345 1600 401 1632 per
419 1589 515 1623 aliam
528 1589 700 1632 Synodum
711 1614 723 1632 ‚
750 1590 804 1624 sed
830 1600 886 1633 per
898 1587 1000 1623 solam
1021 1585 1135 1623 autho-

247 1640 380 1674 ritatem
389 1639 510 1685 Magni
527 1640 651 1674 Leonis
662 1664 672 1672 .

435 1870 791 1920 CAPUT
875 1873 945 1917 ΙΙ.

248 2006 510 2074 Difiutiuntur
553 2007 723 2073 quadam
758 2012 976 2053 Commenta
1011 2012 1138 2063 Reve-

450 2075 553 2126 rendi
587 2073 947 2213 Patyislllfafihafii

578 2150 662 2210 Qe
683 2165 722 2193 ne
756 2166 796 2192 l.

251 2309 254 2313 ι
325 2283 495 2322 Aschafius
506 2284 822 2332 Qesnelluslaudat
831 2284 951 2328 Magni
964 2283 1088 2318 Leonis
1095 2282 1135 2317 ad

348 2337 583 2379 Imperatorem
593 2332 822 2369 Theodosium
834 2336 956 2369 litteras
967 2358 978 2374 ,
999 2333 1032 2366 δε
1047 2345 1134 2366 com-

250 2395 437 2423 mentatur:
464 2388 519 2417 Ex
532 2382 688 2427 descriptis
699 2384 812 2426 epistole
835 2384 936 2419 verbis
959 2383 1135 2417 altudnobis

251 2436 459 2476 validiffimum
482 2433 563 2474 adest
589 2443 796 2477 argumentum
821 2458 832 2474 ,
858 2446 914 2476 quo
939 2435 959 2465 ἃ
984 2435 1137 2466 Flaviano

252 2488 396 2527 synodum
407 2486 592 2528 appellatam
600 2484 651 2527 effe
665 2483 771 2524 constat
781 2508 791 2524 ,
818 2494 852 2516 ac
865 2485 972 2516 deinde
985 2486 1109 2515 Leonem
1126 2508 1135 2522 ‚

252 2536 336 2581 quafi
345 2538 449 2576 synodi
469 2540 588 2577 Caput.
619 2538 697 2568 Cum
719 2539 798 2568 enim
822 2536 881 2567 Leo
903 2545 941 2566 ex
963 2533 1134 2574 appellatio-

180 2588 188 2604 Ἃ
251 2599 291 2622 ae
321 2588 405 2620 illlur
431 2584 570 2629 Episcopi
595 2585 796 2629 congregaude
822 2583 928 2623 synodi
951 2582 1135 2624 OEcumem'ce

251 2638 440 2678 neceffitatem
454 2634 576 2679 arceffat
595 2659 606 2676 ,
630 2635 693 2668 Sole
703 2635 812 2669 clarius
825 2634 863 2674 est
874 2634 1059 2675 appellatam
1082 2633 1135 2676 effe

249 2688 394 2727 synodum
414 2710 426 2726 ,
452 2697 503 2720 nec
527 2686 654 2719 alterius
677 2684 891 2724 authoritatem
909 2683 1065 2727 pulsatam
1084 2682 1134 2726 effe

249 2738 462 2781 appellationis
474 2735 590 2776 libello,
615 2743 649 2768 ut
670 2736 707 2769 de
719 2734 863 2777 prefini
882 2738 1047 2767 Latrocimt
1064 2731 1133 2776 sen-

246 2793 349 2823 tentia
353 2788 502 2828 judicium
510 2785 595 2828 fieret
605 2809 613 2817 .
640 2785 752 2833 Qam
763 2795 873 2819 autem
887 2809 898 2824 ,
909 2789 1007 2827 inquit
1018 2808 1030 2824 ‚
1060 2784 1130 2827 post

251 2836 737 2882 appellationeminterpofitam
749 2834 813 2870 hoc
833 2833 1008 2869 necessario
1028 2834 1134 2877 postu·

246 2885 356 2927 netur,
381 2887 561 2922 Canonum
583 2885 702 2920 Nicaeae
722 2883 908 2920 habitorum
934 2885 1074 2918 Decreta
1087 2895 1132 2919 te-

246 2934 393 2969 stantur.
421 2938 453 2969 St
471 2942 550 2970 enim
571 2935 616 2969 ad
635 2947 728 2969 unum
749 2947 786 2969 ex
800 2935 1035 2969 occidentalibus
1059 2938 1131 2976 Ept-

251 2982 369 3029 scopum
382 2995 448 3019 cum
460 2987 644 3020 Provinciam
658 2988 709 3019 vel
720 2984 893 3028 Dtoecesana
904 2985 1010 3023 synodo
1018 2992 1131 3026 provo—

253 3042 353 3069 catum
361 3033 399 3075 est
410 3059 422 3075 ,
446 3036 554 3077 quidni
562 3033 642 3077 solus
652 3047 717 3069 cum
733 3034 799 3078 suis
811 3033 1130 3068 Com-Provincialtbus

247 3085 395 3127 judicium
404 3084 558 3119 adornat?
583 3087 622 3118 Ut
631 3087 707 3127 quid
727 3091 854 3119 omnium
875 3083 1067 3125 Ecclefiarum
1079 3086 1132 3118 sa-

252 3136 385 3169 cerdotes
409 3136 426 3169 ἑ
433 3133 500 3178 suis
512 3132 638 3168 Sedibus
657 3135 846 3169 demoventar
859 3160 869 3176 ‚
890 3134 1132 3177 fiuniusJ'udtcio

247 3186 331 3227 p‘offlt
341 3182 431 3227 causa
437 3184 546 3227 finiri?
571 3186 634 3217 Cur
647 3185 818 3220 necessario
838 3185 986 3228 postulata
1006 3185 1132 3222 synodus

255 3234 445 3269 OEcumentca
455 3258 467 3274 ,
493 3234 614 3276 quando
628 3244 687 3267 non
699 3234 883 3270 OEcumonica
894 3235 1022 3275 synodus
1033 3235 1132 3277 appel-

252 3284 321 3319 lata
336 3284 373 3324 est
382 3286 401 3318 ἒ
420 3286 454 3318 Si
466 3284 554 3318 sedes
580 3286 735 3318 Prtmarta
749 3284 846 3319 libello
868 3288 957 3319 adita
978 3284 1016 3325 est
1027 3308 1039 3323 ,
1064 3285 1132 3317 Sedt

251 3332 308 3377 [ue
318 3334 461 3376 Pontifex
472 3335 625 3377 litigantes
629 3332 711 3375 fistaet
722 3357 735 3374 ,
756 3345 823 3370 rem
829 3335 970 3378 discutiat
980 3359 992 3376 ,
1001 3337 1131 3375 Co-Ept-

252 3381 405 3427 stuporum
426 3383 607 3428 sententiam
626 3382 748 3427 ptfiulet
770 3408 783 3428 ,
800 3386 948 3425 ,iuditium
971 3385 1129 3420 decernat:

977 108 1008 152 F
1045 123 1068 153 L
1103 124 1131 153 A
1156 119 1254 155 'va
1292 121 1320 150 A
1356 121 1489 182 Neris&

1917 130 1936 170 3
1951 130 2005 172 23

1207 192 1252 222 Et
1266 187 1355 232 causa
1365 188 1453 230 finita
1469 191 1525 230 est.
1551 194 1684 228 sedideo
1697 191 2019 235 necefl‘ariopostulari
2030 200 2087 229 Ge-

1206 241 1338 273 neralem
1347 241 1490 279 synodum
1503 241 1574 284 post
1592 244 1841 286 appellationem
1862 244 2085 286 interpositam

1204 288 1313 332 cenfitlt
1327 293 1405 328 Leo,
1429 295 1503 333 qula
1526 291 1609 324 illam
1631 295 1650 323 ἃ
1662 296 1814 328 Flaviano
1832 294 2008 336 postulatam
2025 296 2083 337 effe

1204 352 1242 374 ex
1255 338 1340 382 ipfius
1360 340 1475 380 libello,
1501 342 1594 383 atque=
1615 352 1651 372 ex
1674 343 1870 385 consuetudine
1892 343 2086 385 Ecclefiqstisae

1204 391 1369 423 intellexit.
1396 395 1465 423 Nec
1472 389 1741 433 squrovidemte,
1759 395 1928 435 judicioque
1938 394 2085 434 existima-

1205 446 1252 474 vt‘t
1263 441 1314 484 effe
1330 441 1498 484 permt'ffam
1511 465 1521 481 ‚
1547 452 1587 474 an
1598 441 1706 479 synodo
1727 445 1850 484 cogende
1868 438 1958 487 super
1967 442 2084 486 sedere..

1203 499 1276 530 tur,
1303 501 1344 522 an
1366 490 1521 530 instaretur
1539 514 1551 531 ‚
1571 489 1631 534 sed
1650 502 1688 525 ex
1709 492 1868 531 neceffitate
1890 495 2017 536 &officit
2035 493 2086 536 sui

1203 541 1303 573 debito
1313 540 1365 583 effe
1375 542 1466 574 duxlt
1473 550 1530 583 pro
1541 553 1576 574 ea
1587 542 1782 582 impetranda
1794 546 1885 574 etiam
1896 553 1969 576 curn
1983 545 2086 588 gemi-

1204 590 1291 624 tibus
1314 602 1351 623 ac
1379 590 1578 634 lachrymis,
1603 599 1635 623 ut
1645 589 1708 634 ipse
1734 597 1797 628 ait,
1822 591 2004 634 &genibus
2015 606 2085 636 pm.

1204 640 1354 674 volutum
1374 640 1560 684 deprecati,
1585 651 1618 674 ut
1624 639 1731 684 scribit
1756 640 1936 675 Liberatus.

1253 691 1387 724 Errores
1412 691 1522 724 varii‘.
1552 691 1682 725 Primus
1704 692 1772 732 est,
1797 692 1886 736 quod
1910 692 2088 735 Flavianus

1202 751 1270 773 non
1296 741 1398 774 solam
1412 741 1639 783 Apostolicam
1661 741 1778 777 Sedem
1792 766 1803 782 ,
1830 742 1881 775 sed
1894 742 2090 777 Gener-alem

1203 790 1374 832 Synodum
1405 790 1603 824 invocaverit
1627 816 1633 822 .
1663 792 1795 824 Etenim
1823 791 1940 825 diserte
1960 802 2090 836 contra:

1202 839 1356 882 riumjam
1368 842 1555 875 audivimus
1566 840 1606 875 ab
1619 842 1815 883 Imperatore
1829 842 2090 886 Valentiniano,

1201 889 1242 924 ab
1254 890 1321 932 ejus
1341 891 1490 935 Augusta
1516 891 1623 925 Matre
1635 890 1731 925 Galla
1753 891 1902 925 Placidia
1916 917 1926 930 ,
1952 892 1985 925 &
1998 893 2015 926 a
2034 892 2091 926 Li·

1201 939 1336 981 berato,
1362 939 1545 975 dostiffimo
1566 941 1875 986 Carthaginensium
1894 941 2090 982 Archi-Diae

1201 1001 1308 1024 cuno.
1339 990 1507 1025 Secundus
1519 991 1584 1032 est,
1613 992 1703 1036 quod
1715 991 1848 1025 sanstus
1860 992 1931 1026 Leo
1955 1003 1996 1024 ex
2013 993 2088 1025 San-

1201 1040 1243 1072 έὶί
1280 1040 1428 1074 Flaviani
1456 1041 1678 1084 appellatione
1704 1042 1836 1077 arcessat
1871 1042 2091 1077 neceffitatem

1199 1090 1423 1124 convocandae
1443 1090 1612 1125 Generalis
1634 1092 1784 1135 Synodi.
1814 1091 1946 1127 Etenim
1970 1091 2090 1126 Ponti·

1203 1139 1257 1172 fex
1269 1150 1310 1172 ex
1324 1139 1380 1172 ista
1393 1140 1614 1182 appellatione
1627 1141 1751 1175 arceffit
1765 1142 1981 1176 necessitatem
1995 1165 2006 1183 ,
2018 1152 2089 1176 nou

1201 1188 1343 1232 quaipse
1364 1187 1457 1221 istam
1479 1190 1653 1230 Synodum
1675 1190 1843 1234 obligetur
1866 1192 2029 1234 postulare
2051 1190 2088 1226 δι

1201 1237 1363 1272 celebrare
1372 1260 1383 1275 ‚
1414 1238 1467 1272 sed
1480 1248 1542 1282 qua
1555 1238 1765 1272 Theodosius
1778 1241 1877 1282 ipsam
1887 1242 1905 1273 a
1920 1240 2088 1275 Pontifice

1202 1287 1400 1332 postulatam
1422 1286 1588 1332 obligetur
1609 1287 1788 1322 concedere
1810 1312 1818 1320 .
1848 1287 2001 1323 Affirmat
2021 1301 2091 1323 otn-

1203 1349 1278 1372 nem
1293 1337 1387 1381 hujus
1400 1337 1630 1380 appellationis
1652 1336 1971 1372 administrationem
1995 1338 2036 1372 ad
2057 1339 2092 1372 se

1201 1400 1239 1422 ac
1250 1389 1339 1422 suam
1355 1387 1469 1421 Sedem
1483 1388 1620 1431 spectare
1643 1398 1697 1430 per
1711 1386 1868 1421 Nicaenos
1879 1411 1889 1426 ‚
1915 1398 1971 1422 aut
1984 1388 2094 1422 Sardi·

1199 1440 1308 1472 censes
1321 1438 1477 1471 Canones
1490 1461 1497 1469 .
1523 1437 1690 1472 Subsumit
1709 1439 1740 1471 se
1752 1437 1893 1479 judicare
1906 1437 2090 1472 OEcumeni-

1199 1500 1270 1523 cam
1284 1488 1454 1529 Synodum
1466 1485 1542 1521 huic
1557 1488 1651 1531 plene
1662 1487 1838 1521 auferendo
1860 1488 2012 1522 scandalo
2024 1488 2089 1523 effe

1200 1538 1428 1579 necessariam,
1455 1548 1511 1571 aut
1537 1537 1612 1572 sane
1632 1537 1964 1581 expedientiffimam:
1994 1537 2089 1576 Hinc

1200 1588 1370 1623 concludit
1385 1586 1582 1623 Theodosio
1595 1589 1657 1622 effe
1672 1588 1890 1622 neceffitatem
1901 1612 1912 1628 ‚
1939 1588 1991 1621 seu
2002 1586 2089 1626 obli-

1199 1641 1370 1684 gationem
1390 1638 1480 1672 illius
1500 1638 1718 1672 concedendae
1740 1663 1748 1672 .
1775 1638 1879 1672 Hunc
1902 1638 1964 1672 effe
1987 1637 2088 1681 Papa-

1204 1690 1285 1723 lium
1309 1688 1484 1722 verborum
1509 1689 1634 1722 sensum
1655 1688 1700 1722 est
1728 1689 1822 1721 omni
1852 1688 1923 1721 luce
1949 1686 2096 1734 clarius.

1201 1739 1336 1773 Tertius
1355 1749 1442 1771 error
1465 1739 1532 1778 est,
1562 1737 1652 1781 quod
1675 1738 1762 1771 solus
1784 1747 1860 1771 cum
1874 1738 1933 1770 suae
1944 1736 2085 1771 Provin-

1201 1788 1257 1823 cia:
1267 1787 1406 1830 Synodo
1420 1788 1577 1822 Pontifex
1600 1800 1667 1822 non
1681 1789 1823 1831 potuerit
1845 1785 1910 1821 hoc
1921 1785 2084 1831 judicium

1201 1839 1378 1874 adornare.
1407 1839 1541 1874 Etenim
1556 1839 1659 1881 ipsum
1681 1837 1722 1872 ad
1746 1835 1810 1871 hoc
1830 1835 2020 1871 faciendum
2030 1834 2086 1870 ad-

1202 1888 1331 1922 hortata
1345 1889 1515 1922 fuitGalla
1530 1888 1696 1929 Placidia,
1723 1899 1762 1922 ac
1786 1885 1870 1922 istud
1892 1887 1998 1931 ipsum
2019 1887 2085 1920 sua-

1200 1938 1282 1971 dens
1304 1937 1495 1979 lmperatori
1517 1935 1714 1971 Theodosio
1745 1937 1957 1971 disertiffimis
1980 1935 2088 1971 verbis

1201 1987 1394 2030 supplicavit
1415 1997 1516 2020 omne
1537 1986 1699 2028 judicium
1718 1986 1895 2020 transmitti
1915 1986 1956 2020 ad
1980 1985 2089 2021 solum

1200 2037 1363 2068 Concilium
1380 2037 1462 2067 Sedes
1490 2036 1641 2077 apostolice
1662 2060 1669 2066 .
1698 2037 1735 2069 1ss
1743 2035 1787 2069 ud
1805 2035 1911 2078 ipsum
1931 2037 2089 2078 professus

1200 2084 1244 2118 est
1256 2084 1435 2127 Imperator
1448 2083 1706 2118 Valentinianus
1721 2097 1728 2116 :
1753 2085 1910 2124 Predtllus
1923 2087 2062 2118 sacerdos
2072 2110 2094 2126 ,7

1200 2134 1344 2178 Magnus
1356 2135 1447 2175 Le03
1473 2140 1652 2176 congregatis
1663 2145 1700 2166 ex
1721 2139 1800 2166 omni
1811 2133 1890 2166 Orbe
1917 2140 2007 2167 etiam
2019 2137 2089 2168 rell·

1199 2190 1264 2226 quis
1277 2183 1480 2217 sacerdotibus
1502 2190 1585 2216 intra
1597 2185 1718 2217 Italiam
1730 2208 1740 2223 ,
1768 2186 1788 2215 ἃ
1806 2189 1954 2225 principio
1971 2194 2089 2222 omnem,

1198 2233 1317 2276 causam
1323 2233 1446 2277 sollicita
1454 2233 1626 2275 probatione
1645 2232 1809 2277 cognoscens
1819 2258 1828 2274 ,
1844 2231 2085 2277 sententiamse-

1198 2294 1247 2316 rat
1273 2309 1278 2315 .
1306 2284 1415 2317 Verba
1444 2283 1516 2317 sunt
1542 2284 1641 2317 altius
1663 2284 1894 2318 consideranda
1916 2309 1922 2316 .
1951 2284 2083 2328 Magno

1198 2334 1305 2367 Leoni
1319 2345 1385 2366 non
1399 2333 1499 2367 solam
1509 2334 1651 2377 suffragii
1665 2333 1914 2376 Praerogativam
1925 2358 1935 2373 ,
1960 2335 2012 2367 sed
2024 2334 2083 2378 ipfi

1199 2384 1258 2417 soli
1273 2382 1459 2418 adscribunt
1472 2394 1572 2417 omne
1585 2382 1669 2417 istud
1679 2383 1839 2426 judicium
1850 2408 1858 2415 .
1887 2383 1944 2426 Ipsi
1958 2383 2017 2416 soli
2030 2384 2084 2418 de-

1198 2433 1331 2467 cifivum
1344 2433 1531 2477 suffragium
1543 2457 1550 2464 .
1579 2433 1660 2466 Non
1673 2432 1763 2474 quod
1776 2432 1809 2465 in
1824 2434 1918 2466 omni
1933 2433 2083 2468 OEcume·

1200 2485 1274 2517 nica
1288 2480 1425 2525 synodo
1439 2483 1474 2515 fit
1487 2482 1644 2516 Romano
1659 2481 1822 2524 Episcopo
1847 2481 1903 2514 ista
1918 2482 2058 2523 potestas
2068 2495 2078 2515 :

1199 2532 1306 2568 Nullo
1317 2531 1433 2566 modo.
1460 2530 1522 2565 Sed
1535 2531 1624 2575 quod
1646 2530 1712 2574 ipsa
1728 2530 1775 2563 illi
1799 2530 1835 2564 fit
1849 2531 1882 2563 in
1897 2531 2082 2566 OEcumeni-

1197 2585 1243 2618 cis
1269 2582 1435 2626 Synodis‚
1454 2593 1532 2626 quas
1553 2582 1621 2624 ejus
1644 2580 1798 2615 arbitratu
1812 2582 1989 2615 convocari
2001 2594 2083 2617 con·

1198 2634 1308 2678 tigerit
1331 2633 1371 2667 ad
1397 2631 1609 2666 retrastandas
1634 2631 1803 2665 Romanas
1825 2630 2079 2674 appellationes.

1195 2683 1277 2718 Haec
1288 2681 1466 2727 appellatio
1478 2684 1624 2717 recusato
1647 2691 1703 2715 aut
1717 2680 1904 2723 improbato
1915 2680 2021 2724 Judici
2042 2681 2080 2715 li.

1195 2745 1252 2779 gat
1262 2743 1376 2768 omnes
1388 2744 1504 2767 manus
1517 2757 1528 2773 ,
1552 2732 1586 2766 &
1599 2733 1725 2766 causam
1738 2731 1836 2775 pleno
1848 2731 1915 2774 jure
1926 2731 2079 2766 devolvit:

1194 2785 1234 2819 ad
1258 2784 1363 2818 solum
1376 2783 1575 2818 Pontificem
1591 2807 1599 2815 .
1627 2783 1782 2816 Canones
1806 2782 2013 2817 Sardicenses
2023 2781 2079 2824 ipsi

1193 2834 1323 2869 tradunt
1335 2858 1346 2874 ,
1373 2832 1549 2877 autpotius
1568 2831 1733 2867 declarant
1753 2843 1792 2867 ac
1804 2831 1971 2866 stabiliunt
1982 2832 2080 2866 tradi·

1193 2896 1262 2919 tam
1276 2884 1330 2928 ipfi
1351 2884 1369 2918 ὲ
1387 2882 1521 2919 Christo
1536 2883 1688 2917 Domino
1709 2882 1919 2922 facultatem,
1945 2893 2008 2925 qua
2031 2893 2078 2915 re·

1192 2935 1412 2969 tractatorium
1426 2933 1591 2980 Judicium
1615 2933 1707 2977 poffit
1729 2932 1781 2966 vel
1803 2943 1857 2975 per
1870 2933 2077 2975 semetipsum-

1194 2985 1278 3019 solus
1294 2984 1420 3028 agitare
1444 2995 1482 3018 ac
1503 2983 1640 3017 definire
1654 3006 1664 3022 ,
1686 2982 1736 3015 vel
1751 2981 1851 3016 etiarn
1873 2981 2020 3025 delegare
2032 2981 2076 3016 ei·-

1193 3036 1268 3069 dem
1282 3033 1422 3077 Synodo
1435 3058 1446 3073 ‚
1473 3033 1586 3067 vicinat
1600 3032 1782 3066 Provinciae
1795 3055 1806 3072 ,
1833 3031 1898 3066 toti
1909 3031 2050 3067 Dioecefi
2063 3055 2074 3071 ,

1193 3086 1241 3118 vel
1253 3085 1352 3118 etiam
1378 3084 1439 3117 toti
1455 3083 1602 3117 Ecclefiae
1625 3083 1658 3116 in
1671 3081 1884 3116 OEcumenico
1896 3079 2053 3116 Concilio
2064 3105 2072 3113 .

1193 3135 1293 3168 Prout
1311 3132 1542 3177 sapientissimo
1555 3133 1613 3167 suo
1627 3132 1762 3167 arbitrio
1782 3130 1970 3175 judicaverit
1982 3140 2074 3173 expe-

1191 3185 1261 3220 dire
1274 3209 1281 3217 .
1309 3183 1521 3229 Quicumque
1533 3193 1641 3218 autem
1652 3193 1708 3217 aut
1720 3180 1961 3226 qualiscumque
1976 3181 2073 3214 Dele-

1191 3245 1283 3281 gatus
1293 3233 1414 3277 judicat
1423 3245 1465 3268 ex
1480 3233 1546 3267 sola
1557 3232 1757 3267 authoritate
1781 3231 1975 3275 Delegantis
1986 3254 1997 3271 ,
2025 3239 2071 3264 at-

1191 3285 1252 3329 que
1266 3284 1309 3318 ita
1322 3283 1356 3317 in
1381 3284 1451 3327 ipso
1474 3283 1541 3317 solo
1560 3283 1606 3316 est
1621 3307 1632 3323 ‚
1649 3283 1689 3320 ¹&
1701 3288 1742 3317 ex
1761 3283 1832 3326 ipso
1845 3283 1914 3316 solo
1926 3278 2078 3324 procedit

1191 3334 1298 3369 omnis
1309 3331 1488 3367 authoritas
1510 3333 1704 3381 decidendi,
1731 3331 1801 3368 Hic
1813 3331 1858 3368 est
1881 3331 1988 3364 sensus
2001 3329 2069 3362 lm-

1191 3384 1343 3430 peratoris
1360 3381 1619 3426 Valentiniani„
1662 3387 1670 3410 ·'
1918 3428 1962 3472 Q
1998 3423 2019 3459 d

1955 3435 1996 3459 uo
