<?xml version="1.0" encoding="UTF-8"?>
<!DOCTYPE html PUBLIC "-//W3C//DTD XHTML 1.0 Transitional//EN"
    "http://www.w3.org/TR/xhtml1/DTD/xhtml1-transitional.dtd">
<html xmlns="http://www.w3.org/1999/xhtml" xml:lang="en" lang="en">
 <head>
  <title>
</title>
<meta http-equiv="Content-Type" content="text/html;charset=utf-8" />
  <meta name='ocr-system' content='tesseract 3.04.00' />
  <meta name='ocr-capabilities' content='ocr_page ocr_carea ocr_par ocr_line ocrx_word'/>
</head>
<body>
  <div class='ocr_page' id='page_1' title='image "./operaomniastudio08lupuuoft_0303.png"; bbox 0 0 2326 3718; ppageno 0'>
   <div class='ocr_carea' id='block_1_1' title="bbox 71 336 226 374">
    <p class='ocr_par' dir='ltr' id='par_1_1' title="bbox 71 336 226 374">
     <span class='ocr_line' id='line_1_1' title="bbox 71 336 226 374; baseline -0.013 -8"><span class='ocrx_word' id='word_1_1' title='bbox 71 336 226 374; x_wconf 81' lang='lat' dir='ltr'>Ep.24.c.6.</span> 
     </span>
    </p>
   </div>
   <div class='ocr_carea' id='block_1_2' title="bbox 64 2442 223 2480">
    <p class='ocr_par' dir='ltr' id='par_1_2' title="bbox 64 2442 223 2480">
     <span class='ocr_line' id='line_1_2' title="bbox 64 2442 223 2480; baseline -0.006 -2"><span class='ocrx_word' id='word_1_2' title='bbox 64 2442 223 2480; x_wconf 74' lang='lat' dir='ltr'>L⁴·eP·34·</span> 
     </span>
    </p>
   </div>
   <div class='ocr_carea' id='block_1_3' title="bbox 856 97 1465 145">
    <p class='ocr_par' dir='ltr' id='par_1_3' title="bbox 856 97 1465 145">
     <span class='ocr_line' id='line_1_3' title="bbox 856 97 1465 145; baseline -0.008 0"><span class='ocrx_word' id='word_1_3' title='bbox 856 97 1465 145; x_wconf 51' lang='lat' dir='ltr'>numeneus.</span> 
     </span>
    </p>
   </div>
   <div class='ocr_carea' id='block_1_4' title="bbox 244 177 1125 226">
    <p class='ocr_par' dir='ltr' id='par_1_4' title="bbox 244 177 1125 226">
     <span class='ocr_line' id='line_1_4' title="bbox 244 177 1125 226; baseline -0.006 -8"><span class='ocrx_word' id='word_1_4' title='bbox 244 189 331 218; x_wconf 76' lang='lat' dir='ltr'>artes</span> <span class='ocrx_word' id='word_1_5' title='bbox 341 177 494 218; x_wconf 84' lang='lat' dir='ltr'>Dioscori</span> <span class='ocrx_word' id='word_1_6' title='bbox 508 205 519 223; x_wconf 91' lang='lat'><strong>,</strong></span> <span class='ocrx_word' id='word_1_7' title='bbox 537 178 635 224; x_wconf 71' lang='lat' dir='ltr'>atque</span> <span class='ocrx_word' id='word_1_8' title='bbox 647 178 742 226; x_wconf 79' lang='lat' dir='ltr'>hujus</span> <span class='ocrx_word' id='word_1_9' title='bbox 755 179 970 217; x_wconf 84' lang='lat' dir='ltr'>Veteratoris.</span> <span class='ocrx_word' id='word_1_10' title='bbox 998 180 1043 215; x_wconf 91' lang='lat' dir='ltr'>Et</span> <span class='ocrx_word' id='word_1_11' title='bbox 1054 178 1125 214; x_wconf 90' lang='lat' dir='ltr'>nul-</span> 
     </span>
    </p>
   </div>
   <div class='ocr_carea' id='block_1_5' title="bbox 1237 113 2070 231">
    <p class='ocr_par' dir='ltr' id='par_1_5' title="bbox 1237 113 2070 231">
     <span class='ocr_line' id='line_1_5' title="bbox 1575 113 1982 151; baseline 0.015 0"><span class='ocrx_word' id='word_1_12' title='bbox 1575 150 1578 151; x_wconf 10' lang='grc'><em>7</em></span> <span class='ocrx_word' id='word_1_13' title='bbox 1900 113 1931 151; x_wconf 73' lang='lat'>2</span> <span class='ocrx_word' id='word_1_14' title='bbox 1980 135 1982 138; x_wconf 89' lang='lat'>·</span> 
     </span>
     <span class='ocr_line' id='line_1_6' title="bbox 1237 119 2070 231; baseline 0.013 -19"><span class='ocrx_word' id='word_1_15' title='bbox 1237 176 1385 226; x_wconf 70' lang='lat' dir='ltr'>Quaestio</span> <span class='ocrx_word' id='word_1_16' title='bbox 1397 177 1493 212; x_wconf 80' lang='lat' dir='ltr'>tertia</span> <span class='ocrx_word' id='word_1_17' title='bbox 1509 176 1555 213; x_wconf 79' lang='lat' dir='ltr'>est</span> <span class='ocrx_word' id='word_1_18' title='bbox 1565 202 1576 218; x_wconf 87' lang='lat'>‚</span> <span class='ocrx_word' id='word_1_19' title='bbox 1598 119 2070 231; x_wconf 48' lang='lat' dir='ltr'>Quomodosmausinzvia.</span> 
     </span>
    </p>
   </div>
   <div class='ocr_carea' id='block_1_6' title="bbox 245 227 2070 279">
    <p class='ocr_par' dir='ltr' id='par_1_6' title="bbox 245 227 2070 279">
     <span class='ocr_line' id='line_1_7' title="bbox 245 227 2070 279; baseline -0.002 -11"><span class='ocrx_word' id='word_1_20' title='bbox 245 233 374 269; x_wconf 64' lang='lat' dir='ltr'>latentis</span> <span class='ocrx_word' id='word_1_21' title='bbox 394 231 459 266; x_wconf 90' lang='lat' dir='ltr'>fuit</span> <span class='ocrx_word' id='word_1_22' title='bbox 480 233 671 269; x_wconf 83' lang='lat' dir='ltr'>exauditus.</span> <span class='ocrx_word' id='word_1_23' title='bbox 699 231 792 267; x_wconf 88' lang='lat' dir='ltr'>Hinc</span> <span class='ocrx_word' id='word_1_24' title='bbox 803 233 839 266; x_wconf 86' lang='lat' dir='ltr'>in</span> <span class='ocrx_word' id='word_1_25' title='bbox 863 231 939 266; x_wconf 88' lang='lat' dir='ltr'>data</span> <span class='ocrx_word' id='word_1_26' title='bbox 951 229 1058 266; x_wconf 86' lang='lat' dir='ltr'>idibus</span> <span class='ocrx_word' id='word_1_27' title='bbox 1068 231 1127 274; x_wconf 90' lang='lat' dir='ltr'>Ju-</span> <span class='ocrx_word' id='word_1_28' title='bbox 1190 239 1250 265; x_wconf 86' lang='lat' dir='ltr'>nus</span> <span class='ocrx_word' id='word_1_29' title='bbox 1261 227 1296 262; x_wconf 91' lang='lat' dir='ltr'>in</span> <span class='ocrx_word' id='word_1_30' title='bbox 1319 227 1456 264; x_wconf 81' lang='lat' dir='ltr'>secunda</span> <span class='ocrx_word' id='word_1_31' title='bbox 1467 228 1508 267; x_wconf 79' lang='lat' dir='ltr'>ad</span> <span class='ocrx_word' id='word_1_32' title='bbox 1522 229 1672 267; x_wconf 67' lang='lat' dir='ltr'>Sanctum</span> <span class='ocrx_word' id='word_1_33' title='bbox 1684 233 1834 271; x_wconf 80' lang='lat' dir='ltr'>Leonem</span> <span class='ocrx_word' id='word_1_34' title='bbox 1844 235 1981 279; x_wconf 79' lang='lat' dir='ltr'>epistola</span> <span class='ocrx_word' id='word_1_35' title='bbox 1993 239 2070 273; x_wconf 72' lang='lat' dir='ltr'>scri.</span> 
     </span>
    </p>
   </div>
   <div class='ocr_carea' id='block_1_7' title="bbox 233 280 1131 2626">
    <p class='ocr_par' dir='ltr' id='par_1_7' title="bbox 235 280 1128 620">
     <span class='ocr_line' id='line_1_8' title="bbox 245 280 1128 328; baseline -0.006 -9"><span class='ocrx_word' id='word_1_36' title='bbox 245 285 310 319; x_wconf 82' lang='lat' dir='ltr'>niis</span> <span class='ocrx_word' id='word_1_37' title='bbox 321 281 456 326; x_wconf 86' lang='lat' dir='ltr'>epistola</span> <span class='ocrx_word' id='word_1_38' title='bbox 468 306 479 323; x_wconf 96' lang='lat'>‚</span> <span class='ocrx_word' id='word_1_39' title='bbox 507 294 570 328; x_wconf 88' lang='lat' dir='ltr'>qua</span> <span class='ocrx_word' id='word_1_40' title='bbox 582 282 690 318; x_wconf 57' lang='lat' dir='ltr'>Sancti</span> <span class='ocrx_word' id='word_1_41' title='bbox 703 280 853 317; x_wconf 84' lang='lat' dir='ltr'>Flaviani</span> <span class='ocrx_word' id='word_1_42' title='bbox 863 281 1039 325; x_wconf 80' lang='lat' dir='ltr'>synodum</span> <span class='ocrx_word' id='word_1_43' title='bbox 1059 281 1128 325; x_wconf 75' lang='lat' dir='ltr'>ple·</span> 
     </span>
     <span class='ocr_line' id='line_1_9' title="bbox 244 331 1128 376; baseline -0.003 -8"><span class='ocrx_word' id='word_1_44' title='bbox 244 333 287 368; x_wconf 69' lang='lat' dir='ltr'>ne</span> <span class='ocrx_word' id='word_1_45' title='bbox 295 332 504 368; x_wconf 81' lang='lat' dir='ltr'>confirmavit</span> <span class='ocrx_word' id='word_1_46' title='bbox 515 358 526 374; x_wconf 95' lang='lat'>,</span> <span class='ocrx_word' id='word_1_47' title='bbox 552 333 593 367; x_wconf 88' lang='lat' dir='ltr'>ad</span> <span class='ocrx_word' id='word_1_48' title='bbox 604 333 705 368; x_wconf 87' lang='lat' dir='ltr'>finem</span> <span class='ocrx_word' id='word_1_49' title='bbox 719 331 790 366; x_wconf 86' lang='lat' dir='ltr'>haec</span> <span class='ocrx_word' id='word_1_50' title='bbox 804 332 919 376; x_wconf 80' lang='lat' dir='ltr'>ponit:</span> <span class='ocrx_word' id='word_1_51' title='bbox 946 334 997 366; x_wconf 72' lang='lat' dir='ltr'>Ad</span> <span class='ocrx_word' id='word_1_52' title='bbox 1016 342 1128 366; x_wconf 85' lang='lat' dir='ltr'>omnem</span> 
     </span>
     <span class='ocr_line' id='line_1_10' title="bbox 240 380 1128 426; baseline 0.001 -11"><span class='ocrx_word' id='word_1_53' title='bbox 240 380 360 426; x_wconf 73' lang='lat' dir='ltr'>eausam</span> <span class='ocrx_word' id='word_1_54' title='bbox 369 384 422 425; x_wconf 74' lang='lat' dir='ltr'>pie</span> <span class='ocrx_word' id='word_1_55' title='bbox 442 385 476 417; x_wconf 77' lang='lat' dir='ltr'>o·</span> <span class='ocrx_word' id='word_1_56' title='bbox 483 382 614 426; x_wconf 82' lang='lat' dir='ltr'>fideliter</span> <span class='ocrx_word' id='word_1_57' title='bbox 637 384 841 426; x_wconf 82' lang='lat' dir='ltr'><em>exequendam</em></span> <span class='ocrx_word' id='word_1_58' title='bbox 853 387 980 417; x_wconf 77' lang='lat' dir='ltr'><em>Fratres</em></span> <span class='ocrx_word' id='word_1_59' title='bbox 992 381 1103 422; x_wconf 76' lang='lat' dir='ltr'>nostros</span> <span class='ocrx_word' id='word_1_60' title='bbox 1115 405 1128 422; x_wconf 87' lang='lat'><strong>,</strong></span> 
     </span>
     <span class='ocr_line' id='line_1_11' title="bbox 235 431 1127 480; baseline -0.003 -13"><span class='ocrx_word' id='word_1_61' title='bbox 235 435 269 480; x_wconf 85' lang='lat' dir='ltr'><strong><em>J</em></strong></span> <span class='ocrx_word' id='word_1_62' title='bbox 271 435 363 467; x_wconf 87' lang='lat' dir='ltr'>ulium</span> <span class='ocrx_word' id='word_1_63' title='bbox 375 431 552 477; x_wconf 77' lang='lat' dir='ltr'><em>Episcopum</em></span> <span class='ocrx_word' id='word_1_64' title='bbox 565 458 576 475; x_wconf 88' lang='lat'>‚</span> <span class='ocrx_word' id='word_1_65' title='bbox 602 435 637 468; x_wconf 71' lang='grc'>6·</span> <span class='ocrx_word' id='word_1_66' title='bbox 646 437 796 467; x_wconf 86' lang='lat' dir='ltr'>Renatum</span> <span class='ocrx_word' id='word_1_67' title='bbox 809 434 1017 474; x_wconf 71' lang='lat' dir='ltr'><em>Presbyterum</em></span> <span class='ocrx_word' id='word_1_68' title='bbox 1029 433 1127 466; x_wconf 82' lang='lat' dir='ltr'>Tituli</span> 
     </span>
     <span class='ocr_line' id='line_1_12' title="bbox 236 481 1127 527; baseline -0.003 -9"><span class='ocrx_word' id='word_1_69' title='bbox 236 483 343 518; x_wconf 65' lang='lat' dir='ltr'>sancii</span> <span class='ocrx_word' id='word_1_70' title='bbox 354 485 519 519; x_wconf 83' lang='lat' dir='ltr'>Clementis</span> <span class='ocrx_word' id='word_1_71' title='bbox 530 507 541 523; x_wconf 88' lang='lat'>‚</span> <span class='ocrx_word' id='word_1_72' title='bbox 560 482 619 527; x_wconf 75' lang='lat' dir='ltr'>sed</span> <span class='ocrx_word' id='word_1_73' title='bbox 632 481 769 524; x_wconf 71' lang='lat' dir='ltr'>&amp;filium</span> <span class='ocrx_word' id='word_1_74' title='bbox 792 495 889 519; x_wconf 88' lang='lat' dir='ltr'>meum</span> <span class='ocrx_word' id='word_1_75' title='bbox 902 484 1042 521; x_wconf 81' lang='lat' dir='ltr'><em>Hilarum</em></span> <span class='ocrx_word' id='word_1_76' title='bbox 1052 485 1127 515; x_wconf 88' lang='lat' dir='ltr'>Dia-</span> 
     </span>
     <span class='ocr_line' id='line_1_13' title="bbox 239 533 1125 578; baseline 0.001 -12"><span class='ocrx_word' id='word_1_77' title='bbox 239 546 344 569; x_wconf 74' lang='lat' dir='ltr'>conum</span> <span class='ocrx_word' id='word_1_78' title='bbox 357 559 367 573; x_wconf 92' lang='lat'><em>,</em></span> <span class='ocrx_word' id='word_1_79' title='bbox 393 540 460 568; x_wconf 83' lang='lat' dir='ltr'>vice</span> <span class='ocrx_word' id='word_1_80' title='bbox 469 534 565 575; x_wconf 82' lang='lat' dir='ltr'>nostra</span> <span class='ocrx_word' id='word_1_81' title='bbox 575 535 741 567; x_wconf 75' lang='lat' dir='ltr'><em>direximus</em></span> <span class='ocrx_word' id='word_1_82' title='bbox 752 557 760 567; x_wconf 93' lang='lat'>.</span> <span class='ocrx_word' id='word_1_83' title='bbox 786 534 842 569; x_wconf 84' lang='lat' dir='ltr'>Ad</span> <span class='ocrx_word' id='word_1_84' title='bbox 855 535 883 569; x_wconf 92' lang='lat' dir='ltr'>E</span> <span class='ocrx_word' id='word_1_85' title='bbox 886 533 1053 578; x_wconf 34' lang='lat' dir='ltr'>pthefinam</span> <span class='ocrx_word' id='word_1_86' title='bbox 1065 534 1125 576; x_wconf 87' lang='lat' dir='ltr'>Sy·</span> 
     </span>
     <span class='ocr_line' id='line_1_14' title="bbox 240 583 391 620; baseline 0 -1"><span class='ocrx_word' id='word_1_87' title='bbox 240 583 370 620; x_wconf 84' lang='lat' dir='ltr'>nodum</span> <span class='ocrx_word' id='word_1_88' title='bbox 382 609 391 619; x_wconf 95' lang='lat'>.</span> 
     </span>
    </p>

    <p class='ocr_par' dir='ltr' id='par_1_8' title="bbox 233 631 1131 2626">
     <span class='ocr_line' id='line_1_15' title="bbox 290 631 1127 683; baseline -0.005 -14"><span class='ocrx_word' id='word_1_89' title='bbox 290 634 439 683; x_wconf 82' lang='lat' dir='ltr'>Qaestio</span> <span class='ocrx_word' id='word_1_90' title='bbox 461 633 599 668; x_wconf 88' lang='lat' dir='ltr'>secunda</span> <span class='ocrx_word' id='word_1_91' title='bbox 619 633 688 674; x_wconf 87' lang='lat' dir='ltr'>est,</span> <span class='ocrx_word' id='word_1_92' title='bbox 716 632 900 681; x_wconf 78' lang='lat' dir='ltr'>Qomodo</span> <span class='ocrx_word' id='word_1_93' title='bbox 911 634 1044 669; x_wconf 65' lang='lat' dir='ltr'>Sanctus</span> <span class='ocrx_word' id='word_1_94' title='bbox 1056 631 1127 666; x_wconf 91' lang='lat' dir='ltr'>Leo</span> 
     </span>
     <span class='ocr_line' id='line_1_16' title="bbox 239 682 1125 730; baseline -0.001 -12"><span class='ocrx_word' id='word_1_95' title='bbox 239 685 312 730; x_wconf 88' lang='lat' dir='ltr'>post</span> <span class='ocrx_word' id='word_1_96' title='bbox 332 684 528 726; x_wconf 64' lang='lat' dir='ltr'>interiectam</span> <span class='ocrx_word' id='word_1_97' title='bbox 550 684 591 718; x_wconf 85' lang='lat' dir='ltr'>ab</span> <span class='ocrx_word' id='word_1_98' title='bbox 612 685 798 726; x_wconf 87' lang='lat' dir='ltr'>Eutychete</span> <span class='ocrx_word' id='word_1_99' title='bbox 811 708 821 723; x_wconf 89' lang='lat'><em>‚</em></span> <span class='ocrx_word' id='word_1_100' title='bbox 847 682 1050 728; x_wconf 82' lang='lat' dir='ltr'>&amp;generalis</span> <span class='ocrx_word' id='word_1_101' title='bbox 1071 684 1125 726; x_wconf 85' lang='lat' dir='ltr'>Sy·</span> 
     </span>
     <span class='ocr_line' id='line_1_17' title="bbox 239 732 1129 777; baseline -0.004 -6"><span class='ocrx_word' id='word_1_102' title='bbox 239 735 323 771; x_wconf 87' lang='lat' dir='ltr'>nodi</span> <span class='ocrx_word' id='word_1_103' title='bbox 344 734 527 769; x_wconf 71' lang='lat' dir='ltr'>indistione</span> <span class='ocrx_word' id='word_1_104' title='bbox 548 733 720 768; x_wconf 79' lang='lat' dir='ltr'>stabilitam</span> <span class='ocrx_word' id='word_1_105' title='bbox 748 733 929 777; x_wconf 59' lang='lat' dir='ltr'>&amp;Principe</span> <span class='ocrx_word' id='word_1_106' title='bbox 939 732 1129 777; x_wconf 87' lang='lat' dir='ltr'>appellatio-</span> 
     </span>
     <span class='ocr_line' id='line_1_18' title="bbox 238 781 1127 829; baseline -0.003 -9"><span class='ocrx_word' id='word_1_107' title='bbox 238 796 316 821; x_wconf 87' lang='lat' dir='ltr'>nem</span> <span class='ocrx_word' id='word_1_108' title='bbox 330 786 493 826; x_wconf 81' lang='lat' dir='ltr'>potuerit,</span> <span class='ocrx_word' id='word_1_109' title='bbox 519 784 569 818; x_wconf 91' lang='lat' dir='ltr'>vel</span> <span class='ocrx_word' id='word_1_110' title='bbox 581 781 674 818; x_wconf 84' lang='lat' dir='ltr'>ausus</span> <span class='ocrx_word' id='word_1_111' title='bbox 688 785 785 819; x_wconf 89' lang='lat' dir='ltr'>fuerit</span> <span class='ocrx_word' id='word_1_112' title='bbox 812 785 985 829; x_wconf 85' lang='lat' dir='ltr'>procedere</span> <span class='ocrx_word' id='word_1_113' title='bbox 996 783 1036 818; x_wconf 87' lang='lat' dir='ltr'>acl</span> <span class='ocrx_word' id='word_1_114' title='bbox 1048 794 1127 818; x_wconf 88' lang='lat' dir='ltr'>con-</span> 
     </span>
     <span class='ocr_line' id='line_1_19' title="bbox 238 833 1126 878; baseline -0.003 -8"><span class='ocrx_word' id='word_1_115' title='bbox 238 835 435 870; x_wconf 80' lang='lat' dir='ltr'>firmandam</span> <span class='ocrx_word' id='word_1_116' title='bbox 458 836 567 869; x_wconf 60' lang='lat' dir='ltr'>Sancti</span> <span class='ocrx_word' id='word_1_117' title='bbox 585 835 733 869; x_wconf 85' lang='lat' dir='ltr'>Flaviani</span> <span class='ocrx_word' id='word_1_118' title='bbox 747 835 941 878; x_wconf 88' lang='lat' dir='ltr'>Synodum,</span> <span class='ocrx_word' id='word_1_119' title='bbox 965 834 999 868; x_wconf 70' lang='grc' dir='ltr'>ὅς</span> <span class='ocrx_word' id='word_1_120' title='bbox 1021 834 1061 868; x_wconf 87' lang='lat' dir='ltr'>ad</span> <span class='ocrx_word' id='word_1_121' title='bbox 1073 833 1126 867; x_wconf 87' lang='lat' dir='ltr'>da·</span> 
     </span>
     <span class='ocr_line' id='line_1_20' title="bbox 238 884 1128 928; baseline -0.004 -8"><span class='ocrx_word' id='word_1_122' title='bbox 238 886 422 920; x_wconf 87' lang='lat' dir='ltr'>mnandum</span> <span class='ocrx_word' id='word_1_123' title='bbox 436 884 673 928; x_wconf 84' lang='lat' dir='ltr'>Eutychetem?</span> <span class='ocrx_word' id='word_1_124' title='bbox 699 885 754 919; x_wconf 92' lang='lat' dir='ltr'>Ad</span> <span class='ocrx_word' id='word_1_125' title='bbox 767 885 987 919; x_wconf 82' lang='lat' dir='ltr'>damnandam</span> <span class='ocrx_word' id='word_1_126' title='bbox 998 895 1065 917; x_wconf 91' lang='lat' dir='ltr'>non</span> <span class='ocrx_word' id='word_1_127' title='bbox 1081 884 1128 917; x_wconf 90' lang='lat' dir='ltr'>so-</span> 
     </span>
     <span class='ocr_line' id='line_1_21' title="bbox 239 933 1127 978; baseline -0.005 -8"><span class='ocrx_word' id='word_1_128' title='bbox 239 934 414 970; x_wconf 81' lang='lat' dir='ltr'>lummodo</span> <span class='ocrx_word' id='word_1_129' title='bbox 425 935 602 969; x_wconf 66' lang='lat' dir='ltr'>destrinam</span> <span class='ocrx_word' id='word_1_130' title='bbox 615 959 626 974; x_wconf 84' lang='lat'><strong>,</strong></span> <span class='ocrx_word' id='word_1_131' title='bbox 650 935 703 969; x_wconf 87' lang='lat' dir='ltr'>sed</span> <span class='ocrx_word' id='word_1_132' title='bbox 715 935 750 969; x_wconf 84' lang='lat'>&amp;</span> <span class='ocrx_word' id='word_1_133' title='bbox 762 933 955 978; x_wconf 85' lang='lat' dir='ltr'>personam?</span> <span class='ocrx_word' id='word_1_134' title='bbox 982 933 1127 977; x_wconf 86' lang='lat' dir='ltr'>Respon-</span> 
     </span>
     <span class='ocr_line' id='line_1_22' title="bbox 239 982 1127 1026; baseline -0.005 -5"><span class='ocrx_word' id='word_1_135' title='bbox 239 986 305 1021; x_wconf 86' lang='lat' dir='ltr'>deo</span> <span class='ocrx_word' id='word_1_136' title='bbox 329 985 660 1020; x_wconf 88' lang='lat' dir='ltr'>RomaniPontificis</span> <span class='ocrx_word' id='word_1_137' title='bbox 672 983 904 1018; x_wconf 85' lang='lat' dir='ltr'>authoritatem</span> <span class='ocrx_word' id='word_1_138' title='bbox 927 994 981 1026; x_wconf 88' lang='lat' dir='ltr'>per</span> <span class='ocrx_word' id='word_1_139' title='bbox 1001 982 1127 1025; x_wconf 86' lang='lat' dir='ltr'>interje-</span> 
     </span>
     <span class='ocr_line' id='line_1_23' title="bbox 239 1032 1127 1078; baseline -0.006 -8"><span class='ocrx_word' id='word_1_140' title='bbox 239 1039 306 1071; x_wconf 70' lang='lat' dir='ltr'>flas</span> <span class='ocrx_word' id='word_1_141' title='bbox 316 1035 356 1068; x_wconf 83' lang='lat' dir='ltr'>ad</span> <span class='ocrx_word' id='word_1_142' title='bbox 369 1035 520 1078; x_wconf 86' lang='lat' dir='ltr'>generale</span> <span class='ocrx_word' id='word_1_143' title='bbox 532 1034 724 1068; x_wconf 73' lang='lat' dir='ltr'>Concilium</span> <span class='ocrx_word' id='word_1_144' title='bbox 737 1033 974 1077; x_wconf 79' lang='lat' dir='ltr'>appellationes</span> <span class='ocrx_word' id='word_1_145' title='bbox 992 1032 1127 1066; x_wconf 88' lang='lat' dir='ltr'>nullate·</span> 
     </span>
     <span class='ocr_line' id='line_1_24' title="bbox 238 1082 1129 1127; baseline -0.002 -9"><span class='ocrx_word' id='word_1_146' title='bbox 238 1084 303 1120; x_wconf 68' lang='lat' dir='ltr'>mis</span> <span class='ocrx_word' id='word_1_147' title='bbox 321 1082 487 1127; x_wconf 79' lang='lat' dir='ltr'>suspendi.</span> <span class='ocrx_word' id='word_1_148' title='bbox 516 1083 620 1117; x_wconf 83' lang='lat' dir='ltr'>Causa</span> <span class='ocrx_word' id='word_1_149' title='bbox 641 1083 812 1117; x_wconf 84' lang='lat' dir='ltr'>dumtaxat</span> <span class='ocrx_word' id='word_1_150' title='bbox 831 1082 1040 1118; x_wconf 82' lang='lat' dir='ltr'>devolvitur.</span> <span class='ocrx_word' id='word_1_151' title='bbox 1068 1083 1129 1116; x_wconf 85' lang='lat' dir='ltr'>Im-</span> 
     </span>
     <span class='ocr_line' id='line_1_25' title="bbox 236 1132 1129 1176; baseline -0.002 -8"><span class='ocrx_word' id='word_1_152' title='bbox 236 1134 369 1171; x_wconf 78' lang='lat' dir='ltr'>monce</span> <span class='ocrx_word' id='word_1_153' title='bbox 381 1132 585 1175; x_wconf 85' lang='lat' dir='ltr'>devolvitur,</span> <span class='ocrx_word' id='word_1_154' title='bbox 613 1134 670 1167; x_wconf 83' lang='lat' dir='ltr'>nifi</span> <span class='ocrx_word' id='word_1_155' title='bbox 692 1145 734 1168; x_wconf 84' lang='lat' dir='ltr'>ex</span> <span class='ocrx_word' id='word_1_156' title='bbox 766 1132 972 1176; x_wconf 87' lang='lat' dir='ltr'>beneplacito</span> <span class='ocrx_word' id='word_1_157' title='bbox 993 1132 1129 1167; x_wconf 84' lang='lat' dir='ltr'>Pontifi-</span> 
     </span>
     <span class='ocr_line' id='line_1_26' title="bbox 236 1182 1128 1230; baseline -0.003 -11"><span class='ocrx_word' id='word_1_158' title='bbox 236 1185 287 1219; x_wconf 88' lang='lat' dir='ltr'>cis</span> <span class='ocrx_word' id='word_1_159' title='bbox 298 1208 306 1216; x_wconf 95' lang='lat'>.</span> <span class='ocrx_word' id='word_1_160' title='bbox 333 1182 445 1230; x_wconf 73' lang='lat' dir='ltr'>Qare</span> <span class='ocrx_word' id='word_1_161' title='bbox 457 1184 490 1216; x_wconf 90' lang='lat' dir='ltr'>in</span> <span class='ocrx_word' id='word_1_162' title='bbox 502 1183 559 1217; x_wconf 85' lang='lat' dir='ltr'>ista</span> <span class='ocrx_word' id='word_1_163' title='bbox 571 1183 709 1225; x_wconf 87' lang='lat' dir='ltr'>Synodo</span> <span class='ocrx_word' id='word_1_164' title='bbox 721 1184 776 1226; x_wconf 84' lang='lat' dir='ltr'>ipfi</span> <span class='ocrx_word' id='word_1_165' title='bbox 790 1193 976 1226; x_wconf 85' lang='lat' dir='ltr'>permanent</span> <span class='ocrx_word' id='word_1_166' title='bbox 988 1183 1039 1227; x_wconf 83' lang='lat' dir='ltr'>ju&#39;s</span> <span class='ocrx_word' id='word_1_167' title='bbox 1053 1191 1128 1226; x_wconf 84' lang='lat' dir='ltr'>prae-</span> 
     </span>
     <span class='ocr_line' id='line_1_27' title="bbox 237 1232 1131 1279; baseline -0.004 -9"><span class='ocrx_word' id='word_1_168' title='bbox 237 1234 362 1270; x_wconf 81' lang='lat' dir='ltr'>fidendi</span> <span class='ocrx_word' id='word_1_169' title='bbox 375 1259 385 1274; x_wconf 93' lang='lat'>‚</span> <span class='ocrx_word' id='word_1_170' title='bbox 413 1233 548 1274; x_wconf 85' lang='lat' dir='ltr'>relatio,</span> <span class='ocrx_word' id='word_1_171' title='bbox 575 1233 717 1279; x_wconf 78' lang='lat' dir='ltr'>suffragii</span> <span class='ocrx_word' id='word_1_172' title='bbox 738 1232 978 1278; x_wconf 72' lang='lat' dir='ltr'>praerogativa,</span> <span class='ocrx_word' id='word_1_173' title='bbox 1004 1233 1131 1276; x_wconf 88' lang='lat' dir='ltr'>aliaque</span> 
     </span>
     <span class='ocr_line' id='line_1_28' title="bbox 237 1283 1130 1326; baseline -0.003 -7"><span class='ocrx_word' id='word_1_174' title='bbox 237 1285 354 1319; x_wconf 84' lang='lat' dir='ltr'>omnia</span> <span class='ocrx_word' id='word_1_175' title='bbox 369 1308 376 1316; x_wconf 88' lang='lat'>.</span> <span class='ocrx_word' id='word_1_176' title='bbox 405 1284 539 1318; x_wconf 86' lang='lat' dir='ltr'>Etenim</span> <span class='ocrx_word' id='word_1_177' title='bbox 553 1283 733 1318; x_wconf 69' lang='lat' dir='ltr'>Arelatensi</span> <span class='ocrx_word' id='word_1_178' title='bbox 745 1283 884 1326; x_wconf 89' lang='lat' dir='ltr'>Synodo</span> <span class='ocrx_word' id='word_1_179' title='bbox 895 1308 906 1325; x_wconf 90' lang='lat'><strong>,</strong></span> <span class='ocrx_word' id='word_1_180' title='bbox 931 1295 1001 1325; x_wconf 78' lang='lat' dir='ltr'>quae</span> <span class='ocrx_word' id='word_1_181' title='bbox 1017 1284 1130 1318; x_wconf 86' lang='lat' dir='ltr'>datum</span> 
     </span>
     <span class='ocr_line' id='line_1_29' title="bbox 236 1332 1130 1377; baseline -0.002 -8"><span class='ocrx_word' id='word_1_182' title='bbox 236 1334 257 1369; x_wconf 67' lang='grc' dir='ltr'>ἢ</span> <span class='ocrx_word' id='word_1_183' title='bbox 269 1332 460 1368; x_wconf 83' lang='lat' dir='ltr'>Melchiade</span> <span class='ocrx_word' id='word_1_184' title='bbox 473 1334 638 1368; x_wconf 85' lang='lat' dir='ltr'>Pontifice</span> <span class='ocrx_word' id='word_1_185' title='bbox 656 1334 691 1370; x_wconf 86' lang='lat' dir='ltr'>in</span> <span class='ocrx_word' id='word_1_186' title='bbox 704 1334 898 1368; x_wconf 85' lang='lat' dir='ltr'>Donatistas</span> <span class='ocrx_word' id='word_1_187' title='bbox 907 1333 1068 1377; x_wconf 83' lang='lat' dir='ltr'>judicium</span> <span class='ocrx_word' id='word_1_188' title='bbox 1086 1343 1130 1367; x_wconf 82' lang='lat' dir='ltr'>re-</span> 
     </span>
     <span class='ocr_line' id='line_1_30' title="bbox 238 1383 1129 1429; baseline -0.001 -11"><span class='ocrx_word' id='word_1_189' title='bbox 238 1383 395 1419; x_wconf 68' lang='lat' dir='ltr'>tractabat</span> <span class='ocrx_word' id='word_1_190' title='bbox 417 1407 428 1424; x_wconf 92' lang='lat'><strong>,</strong></span> <span class='ocrx_word' id='word_1_191' title='bbox 455 1383 557 1425; x_wconf 87' lang='lat' dir='ltr'>pleno</span> <span class='ocrx_word' id='word_1_192' title='bbox 589 1383 658 1427; x_wconf 87' lang='lat' dir='ltr'>jure</span> <span class='ocrx_word' id='word_1_193' title='bbox 680 1383 821 1428; x_wconf 82' lang='lat' dir='ltr'>praesedit</span> <span class='ocrx_word' id='word_1_194' title='bbox 845 1383 989 1429; x_wconf 84' lang='lat' dir='ltr'>Legatio</span> <span class='ocrx_word' id='word_1_195' title='bbox 1022 1383 1129 1418; x_wconf 63' lang='lat' dir='ltr'>Sancti</span> 
     </span>
     <span class='ocr_line' id='line_1_31' title="bbox 237 1433 1131 1478; baseline -0.001 -9"><span class='ocrx_word' id='word_1_196' title='bbox 237 1433 395 1478; x_wconf 76' lang='lat' dir='ltr'>sylvestri</span> <span class='ocrx_word' id='word_1_197' title='bbox 406 1458 413 1465; x_wconf 91' lang='lat'><strong>.</strong></span> <span class='ocrx_word' id='word_1_198' title='bbox 445 1433 488 1467; x_wconf 86' lang='lat' dir='ltr'>Et</span> <span class='ocrx_word' id='word_1_199' title='bbox 513 1433 691 1468; x_wconf 78' lang='lat' dir='ltr'>Sardicenli</span> <span class='ocrx_word' id='word_1_200' title='bbox 705 1434 865 1469; x_wconf 88' lang='lat' dir='ltr'>Concilio</span> <span class='ocrx_word' id='word_1_201' title='bbox 875 1458 887 1474; x_wconf 90' lang='lat'><strong>,</strong></span> <span class='ocrx_word' id='word_1_202' title='bbox 913 1433 1004 1477; x_wconf 87' lang='lat' dir='ltr'>quod</span> <span class='ocrx_word' id='word_1_203' title='bbox 1030 1444 1131 1468; x_wconf 83' lang='lat' dir='ltr'>retra-</span> 
     </span>
     <span class='ocr_line' id='line_1_32' title="bbox 237 1482 1129 1525; baseline -0.003 -4"><span class='ocrx_word' id='word_1_204' title='bbox 237 1484 343 1521; x_wconf 65' lang='lat' dir='ltr'>itabat</span> <span class='ocrx_word' id='word_1_205' title='bbox 355 1484 464 1518; x_wconf 72' lang='lat' dir='ltr'>Sansti</span> <span class='ocrx_word' id='word_1_206' title='bbox 479 1482 650 1518; x_wconf 75' lang='lat' dir='ltr'>Athanafii</span> <span class='ocrx_word' id='word_1_207' title='bbox 663 1509 674 1525; x_wconf 91' lang='lat'>‚</span> <span class='ocrx_word' id='word_1_208' title='bbox 701 1485 734 1519; x_wconf 75' lang='grc' dir='ltr'>ἀ</span> <span class='ocrx_word' id='word_1_209' title='bbox 747 1484 886 1519; x_wconf 88' lang='lat' dir='ltr'>aliorum</span> <span class='ocrx_word' id='word_1_210' title='bbox 904 1485 1129 1521; x_wconf 84' lang='lat' dir='ltr'>Orientalium</span> 
     </span>
     <span class='ocr_line' id='line_1_33' title="bbox 237 1532 1131 1579; baseline -0.001 -10"><span class='ocrx_word' id='word_1_211' title='bbox 237 1535 482 1579; x_wconf 86' lang='lat' dir='ltr'>Episcoporum</span> <span class='ocrx_word' id='word_1_212' title='bbox 495 1535 592 1568; x_wconf 71' lang='lat' dir='ltr'>fastas</span> <span class='ocrx_word' id='word_1_213' title='bbox 602 1535 618 1568; x_wconf 73' lang='lat' dir='ltr'>a</span> <span class='ocrx_word' id='word_1_214' title='bbox 636 1532 722 1578; x_wconf 62' lang='lat' dir='ltr'>Jul&#39;io</span> <span class='ocrx_word' id='word_1_215' title='bbox 737 1534 902 1569; x_wconf 89' lang='lat' dir='ltr'>Pontifice</span> <span class='ocrx_word' id='word_1_216' title='bbox 914 1534 1131 1573; x_wconf 59' lang='lat' dir='ltr'>revestiens,</span> 
     </span>
     <span class='ocr_line' id='line_1_34' title="bbox 238 1583 1129 1630; baseline -0.001 -11"><span class='ocrx_word' id='word_1_217' title='bbox 238 1585 386 1629; x_wconf 65' lang='lat' dir='ltr'>presedit</span> <span class='ocrx_word' id='word_1_218' title='bbox 398 1584 520 1618; x_wconf 86' lang='lat' dir='ltr'>Hofius</span> <span class='ocrx_word' id='word_1_219' title='bbox 535 1583 713 1628; x_wconf 84' lang='lat' dir='ltr'>Episcopus</span> <span class='ocrx_word' id='word_1_220' title='bbox 723 1610 733 1625; x_wconf 92' lang='lat'><em>,</em></span> <span class='ocrx_word' id='word_1_221' title='bbox 760 1585 903 1630; x_wconf 82' lang='lat' dir='ltr'>Legatus</span> <span class='ocrx_word' id='word_1_222' title='bbox 920 1585 1064 1628; x_wconf 83' lang='lat' dir='ltr'>ejusdem</span> <span class='ocrx_word' id='word_1_223' title='bbox 1079 1585 1129 1628; x_wconf 83' lang='lat' dir='ltr'>Ju-</span> 
     </span>
     <span class='ocr_line' id='line_1_35' title="bbox 237 1634 1128 1678; baseline 0.001 -11"><span class='ocrx_word' id='word_1_224' title='bbox 237 1635 275 1668; x_wconf 77' lang='lat' dir='ltr'>iii</span> <span class='ocrx_word' id='word_1_225' title='bbox 289 1660 295 1667; x_wconf 94' lang='lat'><em>.</em></span> <span class='ocrx_word' id='word_1_226' title='bbox 323 1636 435 1668; x_wconf 85' lang='lat' dir='ltr'>Etiam</span> <span class='ocrx_word' id='word_1_227' title='bbox 460 1634 622 1677; x_wconf 73' lang='lat' dir='ltr'>Ephelina</span> <span class='ocrx_word' id='word_1_228' title='bbox 643 1635 797 1678; x_wconf 85' lang='lat' dir='ltr'>Synodus</span> <span class='ocrx_word' id='word_1_229' title='bbox 820 1637 884 1671; x_wconf 89' lang='lat' dir='ltr'>fuit</span> <span class='ocrx_word' id='word_1_230' title='bbox 913 1636 1128 1669; x_wconf 73' lang='lat' dir='ltr'>retractatoria</span> 
     </span>
     <span class='ocr_line' id='line_1_36' title="bbox 236 1683 1129 1725; baseline 0 -7"><span class='ocrx_word' id='word_1_231' title='bbox 236 1685 322 1718; x_wconf 85' lang='lat' dir='ltr'>datae</span> <span class='ocrx_word' id='word_1_232' title='bbox 333 1684 351 1718; x_wconf 72' lang='lat' dir='ltr'>a</span> <span class='ocrx_word' id='word_1_233' title='bbox 364 1683 540 1718; x_wconf 85' lang='lat' dir='ltr'>Caelessino</span> <span class='ocrx_word' id='word_1_234' title='bbox 552 1684 717 1719; x_wconf 85' lang='lat' dir='ltr'>Pontifice</span> <span class='ocrx_word' id='word_1_235' title='bbox 732 1686 766 1719; x_wconf 88' lang='lat' dir='ltr'>in</span> <span class='ocrx_word' id='word_1_236' title='bbox 781 1684 974 1720; x_wconf 84' lang='lat' dir='ltr'>Nestorium</span> <span class='ocrx_word' id='word_1_237' title='bbox 998 1685 1129 1725; x_wconf 78' lang='lat' dir='ltr'>damna,-</span> 
     </span>
     <span class='ocr_line' id='line_1_37' title="bbox 237 1734 1127 1779; baseline -0.001 -10"><span class='ocrx_word' id='word_1_238' title='bbox 237 1735 343 1769; x_wconf 79' lang='lat' dir='ltr'>tionis</span> <span class='ocrx_word' id='word_1_239' title='bbox 354 1748 365 1768; x_wconf 88' lang='grc'>.·</span> <span class='ocrx_word' id='word_1_240' title='bbox 392 1734 525 1768; x_wconf 87' lang='lat' dir='ltr'>Etenim</span> <span class='ocrx_word' id='word_1_241' title='bbox 548 1735 582 1769; x_wconf 78' lang='grc' dir='ltr'>ἀ</span> <span class='ocrx_word' id='word_1_242' title='bbox 598 1735 665 1779; x_wconf 86' lang='lat' dir='ltr'>ipse</span> <span class='ocrx_word' id='word_1_243' title='bbox 677 1735 720 1769; x_wconf 84' lang='lat' dir='ltr'>ab</span> <span class='ocrx_word' id='word_1_244' title='bbox 730 1735 929 1779; x_wconf 83' lang='lat' dir='ltr'>istojudieio</span> <span class='ocrx_word' id='word_1_245' title='bbox 951 1735 1127 1779; x_wconf 80' lang='lat' dir='ltr'>appellave-</span> 
     </span>
     <span class='ocr_line' id='line_1_38' title="bbox 238 1784 1129 1829; baseline -0.002 -8"><span class='ocrx_word' id='word_1_246' title='bbox 238 1794 288 1821; x_wconf 79' lang='lat' dir='ltr'>rat</span> <span class='ocrx_word' id='word_1_247' title='bbox 300 1809 307 1816; x_wconf 94' lang='lat'>.</span> <span class='ocrx_word' id='word_1_248' title='bbox 336 1784 380 1818; x_wconf 87' lang='lat' dir='ltr'>Et</span> <span class='ocrx_word' id='word_1_249' title='bbox 393 1793 504 1818; x_wconf 85' lang='lat' dir='ltr'>tamen</span> <span class='ocrx_word' id='word_1_250' title='bbox 517 1785 663 1828; x_wconf 70' lang='lat' dir='ltr'>praesedit</span> <span class='ocrx_word' id='word_1_251' title='bbox 677 1797 731 1829; x_wconf 89' lang='lat' dir='ltr'>per</span> <span class='ocrx_word' id='word_1_252' title='bbox 741 1786 886 1829; x_wconf 83' lang='lat' dir='ltr'>ejusdem</span> <span class='ocrx_word' id='word_1_253' title='bbox 897 1786 1075 1820; x_wconf 74' lang='lat' dir='ltr'>pontificis</span> <span class='ocrx_word' id='word_1_254' title='bbox 1086 1785 1129 1819; x_wconf 83' lang='lat' dir='ltr'>vi·</span> 
     </span>
     <span class='ocr_line' id='line_1_39' title="bbox 237 1834 1127 1878; baseline -0.002 -8"><span class='ocrx_word' id='word_1_255' title='bbox 237 1846 293 1870; x_wconf 84' lang='lat' dir='ltr'>ces</span> <span class='ocrx_word' id='word_1_256' title='bbox 315 1834 449 1869; x_wconf 71' lang='lat' dir='ltr'>sanstus</span> <span class='ocrx_word' id='word_1_257' title='bbox 474 1834 621 1878; x_wconf 88' lang='lat' dir='ltr'>Cyrillus</span> <span class='ocrx_word' id='word_1_258' title='bbox 640 1834 830 1870; x_wconf 88' lang='lat' dir='ltr'>Patriarcha</span> <span class='ocrx_word' id='word_1_259' title='bbox 862 1835 1127 1870; x_wconf 82' lang='lat' dir='ltr'>Alexandrinus.</span> 
     </span>
     <span class='ocr_line' id='line_1_40' title="bbox 237 1885 1128 1930; baseline -0.001 -11"><span class='ocrx_word' id='word_1_260' title='bbox 237 1885 281 1920; x_wconf 82' lang='lat' dir='ltr'>Et</span> <span class='ocrx_word' id='word_1_261' title='bbox 297 1886 419 1929; x_wconf 87' lang='lat' dir='ltr'>primus</span> <span class='ocrx_word' id='word_1_262' title='bbox 430 1885 586 1918; x_wconf 85' lang='lat' dir='ltr'>articulus</span> <span class='ocrx_word' id='word_1_263' title='bbox 596 1909 606 1925; x_wconf 89' lang='lat'><strong>,</strong></span> <span class='ocrx_word' id='word_1_264' title='bbox 633 1896 732 1929; x_wconf 87' lang='lat' dir='ltr'>quem</span> <span class='ocrx_word' id='word_1_265' title='bbox 758 1885 901 1920; x_wconf 87' lang='lat' dir='ltr'>discuffit</span> <span class='ocrx_word' id='word_1_266' title='bbox 912 1886 946 1920; x_wconf 77' lang='grc' dir='ltr'>δε</span> <span class='ocrx_word' id='word_1_267' title='bbox 958 1885 1128 1930; x_wconf 84' lang='lat' dir='ltr'>castigavit</span> 
     </span>
     <span class='ocr_line' id='line_1_41' title="bbox 236 1933 1128 1979; baseline -0.002 -9"><span class='ocrx_word' id='word_1_268' title='bbox 236 1933 515 1970; x_wconf 82' lang='lat' dir='ltr'>Chalcedonenfis</span> <span class='ocrx_word' id='word_1_269' title='bbox 524 1935 679 1978; x_wconf 83' lang='lat' dir='ltr'>synodus</span> <span class='ocrx_word' id='word_1_270' title='bbox 693 1959 703 1975; x_wconf 92' lang='lat'><strong>,</strong></span> <span class='ocrx_word' id='word_1_271' title='bbox 731 1935 796 1969; x_wconf 85' lang='lat' dir='ltr'>fuit</span> <span class='ocrx_word' id='word_1_272' title='bbox 815 1935 977 1979; x_wconf 75' lang='lat' dir='ltr'>Ephesum</span> <span class='ocrx_word' id='word_1_273' title='bbox 989 1935 1128 1969; x_wconf 77' lang='lat' dir='ltr'>Diosco-</span> 
     </span>
     <span class='ocr_line' id='line_1_42' title="bbox 235 1982 1128 2030; baseline -0.001 -11"><span class='ocrx_word' id='word_1_274' title='bbox 235 1986 264 2030; x_wconf 77' lang='lat' dir='ltr'>ri</span> <span class='ocrx_word' id='word_1_275' title='bbox 276 1984 412 2020; x_wconf 85' lang='lat' dir='ltr'>audacia</span> <span class='ocrx_word' id='word_1_276' title='bbox 423 1985 459 2019; x_wconf 89' lang='lat' dir='ltr'>in</span> <span class='ocrx_word' id='word_1_277' title='bbox 473 1982 617 2029; x_wconf 81' lang='lat' dir='ltr'>Legatos</span> <span class='ocrx_word' id='word_1_278' title='bbox 628 1985 736 2020; x_wconf 71' lang='lat' dir='ltr'>Sansti</span> <span class='ocrx_word' id='word_1_279' title='bbox 749 1986 890 2020; x_wconf 82' lang='lat' dir='ltr'>Leonis.</span> <span class='ocrx_word' id='word_1_280' title='bbox 919 1985 964 2019; x_wconf 82' lang='lat' dir='ltr'>Et</span> <span class='ocrx_word' id='word_1_281' title='bbox 978 1985 1038 2028; x_wconf 67' lang='lat' dir='ltr'>ipsi</span> <span class='ocrx_word' id='word_1_282' title='bbox 1057 1996 1128 2028; x_wconf 74' lang='lat' dir='ltr'>prae·</span> 
     </span>
     <span class='ocr_line' id='line_1_43' title="bbox 240 2033 1129 2079; baseline -0.004 -9"><span class='ocrx_word' id='word_1_283' title='bbox 240 2035 392 2071; x_wconf 90' lang='lat' dir='ltr'>sederunt</span> <span class='ocrx_word' id='word_1_284' title='bbox 403 2044 528 2079; x_wconf 86' lang='lat' dir='ltr'>magno</span> <span class='ocrx_word' id='word_1_285' title='bbox 551 2033 631 2068; x_wconf 89' lang='lat' dir='ltr'>huic</span> <span class='ocrx_word' id='word_1_286' title='bbox 650 2035 811 2069; x_wconf 86' lang='lat' dir='ltr'>Concilio</span> <span class='ocrx_word' id='word_1_287' title='bbox 823 2058 834 2074; x_wconf 91' lang='lat'><em>‚</em></span> <span class='ocrx_word' id='word_1_288' title='bbox 859 2035 893 2068; x_wconf 87' lang='lat'>&amp;</span> <span class='ocrx_word' id='word_1_289' title='bbox 916 2035 1012 2067; x_wconf 85' lang='lat' dir='ltr'>illum</span> <span class='ocrx_word' id='word_1_290' title='bbox 1028 2034 1129 2067; x_wconf 82' lang='lat' dir='ltr'>exin-</span> 
     </span>
     <span class='ocr_line' id='line_1_44' title="bbox 237 2081 1129 2127; baseline -0.003 -8"><span class='ocrx_word' id='word_1_291' title='bbox 237 2086 316 2119; x_wconf 86' lang='lat' dir='ltr'>vaso</span> <span class='ocrx_word' id='word_1_292' title='bbox 341 2083 466 2127; x_wconf 83' lang='lat' dir='ltr'>Judicis</span> <span class='ocrx_word' id='word_1_293' title='bbox 491 2082 639 2117; x_wconf 87' lang='lat' dir='ltr'>Throno</span> <span class='ocrx_word' id='word_1_294' title='bbox 659 2082 844 2126; x_wconf 82' lang='lat' dir='ltr'>dejecerunt</span> <span class='ocrx_word' id='word_1_295' title='bbox 857 2083 897 2117; x_wconf 85' lang='lat' dir='ltr'>ad</span> <span class='ocrx_word' id='word_1_296' title='bbox 908 2082 979 2117; x_wconf 86' lang='lat' dir='ltr'>reos</span> <span class='ocrx_word' id='word_1_297' title='bbox 991 2106 1005 2114; x_wconf 89' lang='lat'>..</span> <span class='ocrx_word' id='word_1_298' title='bbox 1023 2081 1129 2117; x_wconf 79' lang='lat' dir='ltr'>Porro</span> 
     </span>
     <span class='ocr_line' id='line_1_45' title="bbox 237 2132 1128 2179; baseline -0.001 -11"><span class='ocrx_word' id='word_1_299' title='bbox 237 2134 390 2179; x_wconf 83' lang='lat' dir='ltr'>Magnus</span> <span class='ocrx_word' id='word_1_300' title='bbox 404 2133 475 2167; x_wconf 86' lang='lat' dir='ltr'>Leo</span> <span class='ocrx_word' id='word_1_301' title='bbox 487 2156 498 2173; x_wconf 89' lang='lat'>‚</span> <span class='ocrx_word' id='word_1_302' title='bbox 527 2133 607 2167; x_wconf 88' lang='lat' dir='ltr'>dum</span> <span class='ocrx_word' id='word_1_303' title='bbox 623 2133 817 2176; x_wconf 86' lang='lat' dir='ltr'>Eutychetis</span> <span class='ocrx_word' id='word_1_304' title='bbox 828 2132 1084 2177; x_wconf 87' lang='lat' dir='ltr'>appellationem</span> <span class='ocrx_word' id='word_1_305' title='bbox 1094 2132 1128 2167; x_wconf 86' lang='lat'>&amp;</span> 
     </span>
     <span class='ocr_line' id='line_1_46' title="bbox 237 2182 1129 2227; baseline 0 -10"><span class='ocrx_word' id='word_1_306' title='bbox 237 2186 340 2218; x_wconf 86' lang='lat' dir='ltr'>sacras</span> <span class='ocrx_word' id='word_1_307' title='bbox 348 2185 554 2227; x_wconf 82' lang='lat' dir='ltr'>Imperatoris</span> <span class='ocrx_word' id='word_1_308' title='bbox 565 2182 749 2218; x_wconf 81' lang='lat' dir='ltr'>Theodofii</span> <span class='ocrx_word' id='word_1_309' title='bbox 761 2183 915 2227; x_wconf 78' lang='lat' dir='ltr'>jussiones</span> <span class='ocrx_word' id='word_1_310' title='bbox 926 2182 1010 2218; x_wconf 87' lang='lat' dir='ltr'>nihil</span> <span class='ocrx_word' id='word_1_311' title='bbox 1027 2194 1129 2218; x_wconf 87' lang='lat' dir='ltr'>mora·</span> 
     </span>
     <span class='ocr_line' id='line_1_47' title="bbox 235 2232 1129 2277; baseline -0.001 -10"><span class='ocrx_word' id='word_1_312' title='bbox 235 2243 291 2268; x_wconf 81' lang='lat' dir='ltr'>tus</span> <span class='ocrx_word' id='word_1_313' title='bbox 304 2257 315 2273; x_wconf 86' lang='lat'>,</span> <span class='ocrx_word' id='word_1_314' title='bbox 339 2234 528 2267; x_wconf 79' lang='lat' dir='ltr'>constanter</span> <span class='ocrx_word' id='word_1_315' title='bbox 538 2233 686 2276; x_wconf 76' lang='lat' dir='ltr'>proceffit</span> <span class='ocrx_word' id='word_1_316' title='bbox 699 2234 734 2266; x_wconf 86' lang='lat' dir='ltr'>in</span> <span class='ocrx_word' id='word_1_317' title='bbox 745 2233 813 2277; x_wconf 82' lang='lat' dir='ltr'>ejus</span> <span class='ocrx_word' id='word_1_318' title='bbox 824 2232 945 2277; x_wconf 83' lang='lat' dir='ltr'>dogma</span> <span class='ocrx_word' id='word_1_319' title='bbox 963 2244 1002 2267; x_wconf 81' lang='lat' dir='ltr'>ac</span> <span class='ocrx_word' id='word_1_320' title='bbox 1026 2234 1129 2276; x_wconf 54' lang='lat' dir='ltr'>persor</span> 
     </span>
     <span class='ocr_line' id='line_1_48' title="bbox 238 2280 1128 2327; baseline -0.001 -10"><span class='ocrx_word' id='word_1_321' title='bbox 238 2295 316 2317; x_wconf 86' lang='lat' dir='ltr'>nam</span> <span class='ocrx_word' id='word_1_322' title='bbox 338 2307 350 2323; x_wconf 90' lang='lat'><strong>,</strong></span> <span class='ocrx_word' id='word_1_323' title='bbox 375 2283 502 2317; x_wconf 87' lang='lat' dir='ltr'>secutus</span> <span class='ocrx_word' id='word_1_324' title='bbox 525 2280 570 2315; x_wconf 86' lang='lat' dir='ltr'>est</span> <span class='ocrx_word' id='word_1_325' title='bbox 594 2282 739 2327; x_wconf 88' lang='lat' dir='ltr'>regulam</span> <span class='ocrx_word' id='word_1_326' title='bbox 760 2307 771 2324; x_wconf 88' lang='lat'><em>,</em></span> <span class='ocrx_word' id='word_1_327' title='bbox 798 2293 839 2316; x_wconf 86' lang='lat' dir='ltr'>ex</span> <span class='ocrx_word' id='word_1_328' title='bbox 861 2293 925 2324; x_wconf 87' lang='lat' dir='ltr'>qua</span> <span class='ocrx_word' id='word_1_329' title='bbox 951 2281 1128 2326; x_wconf 68' lang='lat' dir='ltr'>postmodo</span> 
     </span>
     <span class='ocr_line' id='line_1_49' title="bbox 237 2330 1126 2377; baseline 0 -11"><span class='ocrx_word' id='word_1_330' title='bbox 237 2333 386 2377; x_wconf 86' lang='lat' dir='ltr'>Magnus</span> <span class='ocrx_word' id='word_1_331' title='bbox 395 2332 577 2376; x_wconf 80' lang='lat' dir='ltr'>Gregorius</span> <span class='ocrx_word' id='word_1_332' title='bbox 590 2356 601 2372; x_wconf 95' lang='lat'>‚</span> <span class='ocrx_word' id='word_1_333' title='bbox 628 2334 668 2366; x_wconf 88' lang='lat' dir='ltr'>de</span> <span class='ocrx_word' id='word_1_334' title='bbox 680 2333 823 2367; x_wconf 83' lang='lat' dir='ltr'>Maximi</span> <span class='ocrx_word' id='word_1_335' title='bbox 846 2330 1126 2376; x_wconf 80' lang='lat' dir='ltr'>Archi-Episcopi</span> 
     </span>
     <span class='ocr_line' id='line_1_50' title="bbox 238 2379 1124 2426; baseline 0 -10"><span class='ocrx_word' id='word_1_336' title='bbox 238 2382 427 2422; x_wconf 78' lang='lat' dir='ltr'>Salonitani</span> <span class='ocrx_word' id='word_1_337' title='bbox 438 2382 533 2415; x_wconf 85' lang='lat' dir='ltr'>causa</span> <span class='ocrx_word' id='word_1_338' title='bbox 542 2391 642 2424; x_wconf 86' lang='lat' dir='ltr'>agens</span> <span class='ocrx_word' id='word_1_339' title='bbox 654 2406 664 2421; x_wconf 88' lang='lat'>,</span> <span class='ocrx_word' id='word_1_340' title='bbox 692 2382 816 2425; x_wconf 79' lang='lat' dir='ltr'>scripsit</span> <span class='ocrx_word' id='word_1_341' title='bbox 825 2379 865 2416; x_wconf 86' lang='lat' dir='ltr'>ad</span> <span class='ocrx_word' id='word_1_342' title='bbox 886 2382 1124 2426; x_wconf 79' lang='lat' dir='ltr'>imperatricem</span> 
     </span>
     <span class='ocr_line' id='line_1_51' title="bbox 239 2429 1127 2475; baseline -0.001 -9"><span class='ocrx_word' id='word_1_343' title='bbox 239 2431 518 2466; x_wconf 81' lang='lat' dir='ltr'>Constantinam:</span> <span class='ocrx_word' id='word_1_344' title='bbox 546 2429 726 2474; x_wconf 57' lang='lat' dir='ltr'>Priusquam</span> <span class='ocrx_word' id='word_1_345' title='bbox 750 2431 815 2465; x_wconf 82' lang='lat' dir='ltr'>haec</span> <span class='ocrx_word' id='word_1_346' title='bbox 825 2430 1031 2475; x_wconf 72' lang='lat' dir='ltr'>cognoscantur</span> <span class='ocrx_word' id='word_1_347' title='bbox 1043 2456 1054 2472; x_wconf 93' lang='lat'><strong>,</strong></span> <span class='ocrx_word' id='word_1_348' title='bbox 1079 2435 1127 2465; x_wconf 76' lang='lat' dir='ltr'>Se—</span> 
     </span>
     <span class='ocr_line' id='line_1_52' title="bbox 237 2481 1127 2526; baseline -0.001 -10"><span class='ocrx_word' id='word_1_349' title='bbox 237 2483 398 2522; x_wconf 84' lang='lat' dir='ltr'>reniffimus</span> <span class='ocrx_word' id='word_1_350' title='bbox 412 2484 558 2514; x_wconf 88' lang='lat' dir='ltr'>Dominus</span> <span class='ocrx_word' id='word_1_351' title='bbox 580 2481 761 2526; x_wconf 78' lang='lat' dir='ltr'>discurrente</span> <span class='ocrx_word' id='word_1_352' title='bbox 768 2483 886 2522; x_wconf 79' lang='lat' dir='ltr'>J&#39;ufflone</span> <span class='ocrx_word' id='word_1_353' title='bbox 900 2487 1046 2524; x_wconf 72' lang='lat' dir='ltr'>pracepit.</span> <span class='ocrx_word' id='word_1_354' title='bbox 1057 2506 1068 2521; x_wconf 90' lang='lat'>,</span> <span class='ocrx_word' id='word_1_355' title='bbox 1093 2492 1127 2516; x_wconf 83' lang='lat' dir='ltr'>ut</span> 
     </span>
     <span class='ocr_line' id='line_1_53' title="bbox 239 2530 1126 2574; baseline 0.001 -9"><span class='ocrx_word' id='word_1_356' title='bbox 239 2536 410 2566; x_wconf 82' lang='lat' dir='ltr'>Maximum</span> <span class='ocrx_word' id='word_1_357' title='bbox 435 2537 604 2566; x_wconf 84' lang='lat' dir='ltr'>venientem</span> <span class='ocrx_word' id='word_1_358' title='bbox 630 2543 695 2565; x_wconf 84' lang='lat' dir='ltr'>cum</span> <span class='ocrx_word' id='word_1_359' title='bbox 705 2531 810 2565; x_wconf 80' lang='lat' dir='ltr'>bonore</span> <span class='ocrx_word' id='word_1_360' title='bbox 818 2530 979 2574; x_wconf 83' lang='lat' dir='ltr'>suscipiam</span> <span class='ocrx_word' id='word_1_361' title='bbox 995 2556 1002 2563; x_wconf 90' lang='lat'>.</span> <span class='ocrx_word' id='word_1_362' title='bbox 1028 2532 1126 2566; x_wconf 61' lang='lat' dir='ltr'>Valde*</span> 
     </span>
     <span class='ocr_line' id='line_1_54' title="bbox 233 2582 1125 2626; baseline 0 -11"><span class='ocrx_word' id='word_1_363' title='bbox 233 2593 334 2626; x_wconf 78' lang='lat' dir='ltr'>grave</span> <span class='ocrx_word' id='word_1_364' title='bbox 346 2582 385 2623; x_wconf 82' lang='lat' dir='ltr'>est</span> <span class='ocrx_word' id='word_1_365' title='bbox 397 2606 407 2623; x_wconf 92' lang='lat'>‚</span> <span class='ocrx_word' id='word_1_366' title='bbox 433 2590 465 2615; x_wconf 84' lang='lat' dir='ltr'>ut</span> <span class='ocrx_word' id='word_1_367' title='bbox 476 2587 526 2617; x_wconf 78' lang='lat' dir='ltr'>vir</span> <span class='ocrx_word' id='word_1_368' title='bbox 537 2607 549 2623; x_wconf 88' lang='lat'>,</span> <span class='ocrx_word' id='word_1_369' title='bbox 576 2583 614 2615; x_wconf 85' lang='lat' dir='ltr'>de</span> <span class='ocrx_word' id='word_1_370' title='bbox 622 2594 678 2625; x_wconf 86' lang='lat' dir='ltr'>quo</span> <span class='ocrx_word' id='word_1_371' title='bbox 692 2588 781 2615; x_wconf 78' lang='lat' dir='ltr'>tama</span> <span class='ocrx_word' id='word_1_372' title='bbox 792 2583 827 2616; x_wconf 70' lang='lat' dir='ltr'>&lt;at</span> <span class='ocrx_word' id='word_1_373' title='bbox 836 2583 914 2615; x_wconf 82' lang='lat' dir='ltr'>talia</span> <span class='ocrx_word' id='word_1_374' title='bbox 928 2587 1125 2623; x_wconf 73' lang='lat' dir='ltr'>nunciantur,</span> 
     </span>
    </p>
   </div>
   <div class='ocr_carea' id='block_1_8' title="bbox 1187 277 2071 333">
    <p class='ocr_par' dir='ltr' id='par_1_9' title="bbox 1187 277 2071 333">
     <span class='ocr_line' id='line_1_55' title="bbox 1187 277 2071 333; baseline 0.01 -19"><span class='ocrx_word' id='word_1_375' title='bbox 1187 277 1241 314; x_wconf 77' lang='lat' dir='ltr'>bar</span> <span class='ocrx_word' id='word_1_376' title='bbox 1257 278 1482 325; x_wconf 84' lang='lat' dir='ltr'>Eutychetem</span> <span class='ocrx_word' id='word_1_377' title='bbox 1501 279 1537 313; x_wconf 88' lang='lat' dir='ltr'>in</span> <span class='ocrx_word' id='word_1_378' title='bbox 1551 281 1605 317; x_wconf 81' lang='lat' dir='ltr'>sua</span> <span class='ocrx_word' id='word_1_379' title='bbox 1627 287 1741 320; x_wconf 80' lang='lat' dir='ltr'>contra</span> <span class='ocrx_word' id='word_1_380' title='bbox 1758 285 1948 322; x_wconf 80' lang='lat' dir='ltr'>Nestorium</span> <span class='ocrx_word' id='word_1_381' title='bbox 1958 298 2071 333; x_wconf 78' lang='lat' dir='ltr'>pugna</span> 
     </span>
    </p>
   </div>
   <div class='ocr_carea' id='block_1_9' title="bbox 1158 328 2073 476">
    <p class='ocr_par' dir='ltr' id='par_1_10' title="bbox 1158 328 2073 476">
     <span class='ocr_line' id='line_1_56' title="bbox 1158 328 2073 380; baseline 0.013 -17"><span class='ocrx_word' id='word_1_382' title='bbox 1158 365 1162 378; x_wconf 31' lang='grc' dir='ltr'>Δ,</span> <span class='ocrx_word' id='word_1_383' title='bbox 1187 328 1336 364; x_wconf 86' lang='lat' dir='ltr'>militasse</span> <span class='ocrx_word' id='word_1_384' title='bbox 1360 340 1419 374; x_wconf 86' lang='lat' dir='ltr'>pro</span> <span class='ocrx_word' id='word_1_385' title='bbox 1431 328 1619 371; x_wconf 53' lang='lat' dir='ltr'>ssNestorio,</span> <span class='ocrx_word' id='word_1_386' title='bbox 1639 341 1683 370; x_wconf 74' lang='lat' dir='ltr'>,ac</span> <span class='ocrx_word' id='word_1_387' title='bbox 1692 334 1974 380; x_wconf 82' lang='lat' dir='ltr'>ejusimpietatem</span> <span class='ocrx_word' id='word_1_388' title='bbox 1992 350 2073 377; x_wconf 74' lang='lat' dir='ltr'>coa-</span> 
     </span>
     <span class='ocr_line' id='line_1_57' title="bbox 1159 379 2072 430; baseline 0.009 -15"><span class='ocrx_word' id='word_1_389' title='bbox 1159 383 1162 415; x_wconf 77' lang='grc' dir='ltr'><strong>ἒ</strong></span> <span class='ocrx_word' id='word_1_390' title='bbox 1187 379 1322 417; x_wconf 71' lang='lat' dir='ltr'>firmasse</span> <span class='ocrx_word' id='word_1_391' title='bbox 1337 380 1353 412; x_wconf 65' lang='grc' dir='ltr'>,ἒ</span> <span class='ocrx_word' id='word_1_392' title='bbox 1380 381 1514 419; x_wconf 78' lang='lat' dir='ltr'>Etenim</span> <span class='ocrx_word' id='word_1_393' title='bbox 1536 379 1708 421; x_wconf 67' lang='lat' dir='ltr'>Nestorius</span> <span class='ocrx_word' id='word_1_394' title='bbox 1724 383 1757 416; x_wconf 75' lang='grc' dir='ltr'>δε</span> <span class='ocrx_word' id='word_1_395' title='bbox 1770 385 1938 430; x_wconf 85' lang='lat' dir='ltr'>Eutyches</span> <span class='ocrx_word' id='word_1_396' title='bbox 1961 387 2072 426; x_wconf 78' lang='lat' dir='ltr'>advet-</span> 
     </span>
     <span class='ocr_line' id='line_1_58' title="bbox 1160 428 2070 476; baseline 0.009 -11"><span class='ocrx_word' id='word_1_397' title='bbox 1160 436 1161 440; x_wconf 77' lang='grc'>’</span> <span class='ocrx_word' id='word_1_398' title='bbox 1186 431 1296 467; x_wconf 87' lang='lat' dir='ltr'>santur</span> <span class='ocrx_word' id='word_1_399' title='bbox 1308 442 1378 465; x_wconf 86' lang='lat' dir='ltr'>non</span> <span class='ocrx_word' id='word_1_400' title='bbox 1391 431 1503 466; x_wconf 73' lang='lat' dir='ltr'>minus</span> <span class='ocrx_word' id='word_1_401' title='bbox 1512 428 1713 475; x_wconf 77' lang='lat' dir='ltr'>capitaliter,</span> <span class='ocrx_word' id='word_1_402' title='bbox 1739 434 1836 475; x_wconf 73' lang='lat' dir='ltr'>quam</span> <span class='ocrx_word' id='word_1_403' title='bbox 1852 436 2012 474; x_wconf 88' lang='lat' dir='ltr'>Sabellius</span> <span class='ocrx_word' id='word_1_404' title='bbox 2033 439 2070 476; x_wconf 83' lang='lat'>&amp;</span> 
     </span>
    </p>
   </div>
   <div class='ocr_carea' id='block_1_10' title="bbox 1186 481 2088 1527">
    <p class='ocr_par' dir='ltr' id='par_1_11' title="bbox 1186 481 2088 1527">
     <span class='ocr_line' id='line_1_59' title="bbox 1187 481 2072 532; baseline 0.006 -17"><span class='ocrx_word' id='word_1_405' title='bbox 1187 481 1288 518; x_wconf 85' lang='lat' dir='ltr'>Arius</span> <span class='ocrx_word' id='word_1_406' title='bbox 1297 506 1305 514; x_wconf 91' lang='lat'><strong>.</strong></span> <span class='ocrx_word' id='word_1_407' title='bbox 1332 481 1535 526; x_wconf 84' lang='lat' dir='ltr'>Respondeo</span> <span class='ocrx_word' id='word_1_408' title='bbox 1544 482 1698 519; x_wconf 69' lang='lat' dir='ltr'>Sanctum</span> <span class='ocrx_word' id='word_1_409' title='bbox 1711 482 1908 522; x_wconf 82' lang='lat' dir='ltr'>Flavianum</span> <span class='ocrx_word' id='word_1_410' title='bbox 1922 488 2072 532; x_wconf 68' lang='lat' dir='ltr'>scripsisse</span> 
     </span>
     <span class='ocr_line' id='line_1_60' title="bbox 1186 531 2072 577; baseline 0.008 -11"><span class='ocrx_word' id='word_1_411' title='bbox 1186 531 1353 566; x_wconf 66' lang='lat' dir='ltr'>rectissima</span> <span class='ocrx_word' id='word_1_412' title='bbox 1375 556 1384 565; x_wconf 91' lang='lat'><strong>.</strong></span> <span class='ocrx_word' id='word_1_413' title='bbox 1413 531 1547 567; x_wconf 86' lang='lat' dir='ltr'>Etenim</span> <span class='ocrx_word' id='word_1_414' title='bbox 1570 531 1714 576; x_wconf 82' lang='lat' dir='ltr'>palmare</span> <span class='ocrx_word' id='word_1_415' title='bbox 1740 532 1937 577; x_wconf 86' lang='lat' dir='ltr'>Eutychetis</span> <span class='ocrx_word' id='word_1_416' title='bbox 1956 538 2072 573; x_wconf 87' lang='lat' dir='ltr'>funda·-</span> 
     </span>
     <span class='ocr_line' id='line_1_61' title="bbox 1186 582 2075 628; baseline 0.007 -11"><span class='ocrx_word' id='word_1_417' title='bbox 1186 593 1337 617; x_wconf 83' lang='lat' dir='ltr'>mentum</span> <span class='ocrx_word' id='word_1_418' title='bbox 1357 582 1422 618; x_wconf 90' lang='lat' dir='ltr'>fuit</span> <span class='ocrx_word' id='word_1_419' title='bbox 1436 607 1448 625; x_wconf 86' lang='lat'>,</span> <span class='ocrx_word' id='word_1_420' title='bbox 1475 582 1566 628; x_wconf 90' lang='lat' dir='ltr'>quod</span> <span class='ocrx_word' id='word_1_421' title='bbox 1588 593 1704 620; x_wconf 85' lang='lat' dir='ltr'>natura</span> <span class='ocrx_word' id='word_1_422' title='bbox 1726 582 1952 628; x_wconf 70' lang='lat' dir='ltr'>&amp;hypostasis</span> <span class='ocrx_word' id='word_1_423' title='bbox 1972 588 2075 623; x_wconf 74' lang='lat' dir='ltr'>essent</span> 
     </span>
     <span class='ocr_line' id='line_1_62' title="bbox 1187 633 2074 676; baseline 0.007 -11"><span class='ocrx_word' id='word_1_424' title='bbox 1187 643 1289 666; x_wconf 86' lang='lat' dir='ltr'>unum</span> <span class='ocrx_word' id='word_1_425' title='bbox 1312 633 1346 668; x_wconf 70' lang='grc' dir='ltr'>ἃ</span> <span class='ocrx_word' id='word_1_426' title='bbox 1366 633 1455 668; x_wconf 88' lang='lat' dir='ltr'>idem</span> <span class='ocrx_word' id='word_1_427' title='bbox 1477 658 1485 668; x_wconf 89' lang='grc'><strong>.</strong></span> <span class='ocrx_word' id='word_1_428' title='bbox 1513 633 1691 676; x_wconf 80' lang='lat' dir='ltr'>subjunxit</span> <span class='ocrx_word' id='word_1_429' title='bbox 1713 634 1901 672; x_wconf 80' lang='lat' dir='ltr'>Dominum</span> <span class='ocrx_word' id='word_1_430' title='bbox 1925 634 2074 671; x_wconf 82' lang='lat' dir='ltr'>nostrum</span> 
     </span>
     <span class='ocr_line' id='line_1_63' title="bbox 1187 682 2076 731; baseline 0.004 -16"><span class='ocrx_word' id='word_1_431' title='bbox 1187 683 1345 725; x_wconf 83' lang='lat' dir='ltr'>JESUM</span> <span class='ocrx_word' id='word_1_432' title='bbox 1357 682 1623 721; x_wconf 85' lang='lat' dir='ltr'>CHRISTUM</span> <span class='ocrx_word' id='word_1_433' title='bbox 1638 683 1703 731; x_wconf 79' lang='lat' dir='ltr'>effe</span> <span class='ocrx_word' id='word_1_434' title='bbox 1711 683 1841 719; x_wconf 83' lang='lat' dir='ltr'>unicam</span> <span class='ocrx_word' id='word_1_435' title='bbox 1854 683 2051 729; x_wconf 66' lang='lat' dir='ltr'>hypostasim</span> <span class='ocrx_word' id='word_1_436' title='bbox 2061 708 2076 727; x_wconf 82' lang='lat'>‚</span> 
     </span>
     <span class='ocr_line' id='line_1_64' title="bbox 1187 733 2073 771; baseline 0.006 -6"><span class='ocrx_word' id='word_1_437' title='bbox 1187 743 1224 766; x_wconf 89' lang='lat' dir='ltr'>ac</span> <span class='ocrx_word' id='word_1_438' title='bbox 1241 733 1319 766; x_wconf 86' lang='lat' dir='ltr'>inde</span> <span class='ocrx_word' id='word_1_439' title='bbox 1346 733 1507 768; x_wconf 74' lang='lat' dir='ltr'>conclusit</span> <span class='ocrx_word' id='word_1_440' title='bbox 1517 735 1579 771; x_wconf 83' lang='lat' dir='ltr'>effe</span> <span class='ocrx_word' id='word_1_441' title='bbox 1592 734 1736 768; x_wconf 79' lang='lat' dir='ltr'>similiter</span> <span class='ocrx_word' id='word_1_442' title='bbox 1756 736 1889 769; x_wconf 86' lang='lat' dir='ltr'>unicam</span> <span class='ocrx_word' id='word_1_443' title='bbox 1901 746 2073 771; x_wconf 81' lang='lat' dir='ltr'>naturam.</span> 
     </span>
     <span class='ocr_line' id='line_1_65' title="bbox 1191 782 2077 828; baseline 0.007 -13"><span class='ocrx_word' id='word_1_444' title='bbox 1191 782 1236 816; x_wconf 87' lang='lat' dir='ltr'>At</span> <span class='ocrx_word' id='word_1_445' title='bbox 1250 782 1327 816; x_wconf 78' lang='lat' dir='ltr'>vero</span> <span class='ocrx_word' id='word_1_446' title='bbox 1348 783 1433 817; x_wconf 85' lang='lat' dir='ltr'>istud</span> <span class='ocrx_word' id='word_1_447' title='bbox 1446 783 1551 828; x_wconf 87' lang='lat' dir='ltr'>ipsum</span> <span class='ocrx_word' id='word_1_448' title='bbox 1579 783 1642 818; x_wconf 88' lang='lat' dir='ltr'>fuit</span> <span class='ocrx_word' id='word_1_449' title='bbox 1656 784 1796 826; x_wconf 87' lang='lat' dir='ltr'>palmate</span> <span class='ocrx_word' id='word_1_450' title='bbox 1819 785 2077 826; x_wconf 81' lang='lat' dir='ltr'>fundamentum</span> 
     </span>
     <span class='ocr_line' id='line_1_66' title="bbox 1188 831 2080 877; baseline 0.008 -12"><span class='ocrx_word' id='word_1_451' title='bbox 1188 831 1333 868; x_wconf 83' lang='lat' dir='ltr'>Nestorii</span> <span class='ocrx_word' id='word_1_452' title='bbox 1347 858 1354 865; x_wconf 94' lang='lat'>.</span> <span class='ocrx_word' id='word_1_453' title='bbox 1383 834 1517 868; x_wconf 88' lang='lat' dir='ltr'>Etenim</span> <span class='ocrx_word' id='word_1_454' title='bbox 1530 832 1586 868; x_wconf 88' lang='lat' dir='ltr'>hic</span> <span class='ocrx_word' id='word_1_455' title='bbox 1599 833 1767 877; x_wconf 69' lang='lat' dir='ltr'>subjunxit</span> <span class='ocrx_word' id='word_1_456' title='bbox 1779 832 1945 870; x_wconf 82' lang='lat' dir='ltr'>Christum</span> <span class='ocrx_word' id='word_1_457' title='bbox 1958 836 2080 872; x_wconf 60' lang='lat' dir='ltr'>nomin</span> 
     </span>
     <span class='ocr_line' id='line_1_67' title="bbox 1191 883 2080 927; baseline 0.006 -11"><span class='ocrx_word' id='word_1_458' title='bbox 1191 894 1270 917; x_wconf 89' lang='lat' dir='ltr'>num</span> <span class='ocrx_word' id='word_1_459' title='bbox 1280 886 1342 918; x_wconf 79' lang='lat' dir='ltr'>esse</span> <span class='ocrx_word' id='word_1_460' title='bbox 1354 883 1436 919; x_wconf 88' lang='lat' dir='ltr'>duas</span> <span class='ocrx_word' id='word_1_461' title='bbox 1448 894 1592 925; x_wconf 80' lang='lat' dir='ltr'>naturas,</span> <span class='ocrx_word' id='word_1_462' title='bbox 1604 895 1642 918; x_wconf 79' lang='lat' dir='ltr'>ae</span> <span class='ocrx_word' id='word_1_463' title='bbox 1650 884 1730 919; x_wconf 88' lang='lat' dir='ltr'>inde</span> <span class='ocrx_word' id='word_1_464' title='bbox 1740 884 1899 919; x_wconf 78' lang='lat' dir='ltr'>conclusit</span> <span class='ocrx_word' id='word_1_465' title='bbox 1910 886 1973 920; x_wconf 76' lang='lat' dir='ltr'>effe</span> <span class='ocrx_word' id='word_1_466' title='bbox 1984 886 2080 927; x_wconf 48' lang='lat' dir='ltr'>duasss</span> 
     </span>
     <span class='ocr_line' id='line_1_68' title="bbox 1192 932 2081 988; baseline 0.003 -23"><span class='ocrx_word' id='word_1_467' title='bbox 1192 933 1256 966; x_wconf 85' lang='lat' dir='ltr'>sola</span> <span class='ocrx_word' id='word_1_468' title='bbox 1270 932 1479 969; x_wconf 86' lang='lat' dir='ltr'>authoritatis</span> <span class='ocrx_word' id='word_1_469' title='bbox 1496 946 1538 969; x_wconf 80' lang='lat' dir='ltr'>ac</span> <span class='ocrx_word' id='word_1_470' title='bbox 1558 934 1734 988; x_wconf 62' lang='lat' dir='ltr'>dignitatis</span> <span class='ocrx_word' id='word_1_471' title='bbox 1750 936 1991 969; x_wconf 86' lang='lat' dir='ltr'>communione</span> <span class='ocrx_word' id='word_1_472' title='bbox 2001 946 2081 969; x_wconf 86' lang='lat' dir='ltr'>con-</span> 
     </span>
     <span class='ocr_line' id='line_1_69' title="bbox 1190 981 2081 1031; baseline 0.006 -16"><span class='ocrx_word' id='word_1_473' title='bbox 1190 981 1314 1023; x_wconf 70' lang='lat' dir='ltr'>Junssas</span> <span class='ocrx_word' id='word_1_474' title='bbox 1331 1008 1342 1024; x_wconf 91' lang='lat'><strong>,</strong></span> <span class='ocrx_word' id='word_1_475' title='bbox 1367 982 1556 1028; x_wconf 82' lang='lat' dir='ltr'>hypostases</span> <span class='ocrx_word' id='word_1_476' title='bbox 1581 986 1635 1019; x_wconf 90' lang='lat' dir='ltr'>seu</span> <span class='ocrx_word' id='word_1_477' title='bbox 1657 986 1810 1028; x_wconf 84' lang='lat' dir='ltr'>personas</span> <span class='ocrx_word' id='word_1_478' title='bbox 1837 1009 1846 1018; x_wconf 88' lang='lat'>.</span> <span class='ocrx_word' id='word_1_479' title='bbox 1872 985 2081 1031; x_wconf 77' lang='lat' dir='ltr'>Qapropoer</span> 
     </span>
     <span class='ocr_line' id='line_1_70' title="bbox 1192 1031 2084 1080; baseline -0.002 -12"><span class='ocrx_word' id='word_1_480' title='bbox 1192 1031 1362 1074; x_wconf 83' lang='lat' dir='ltr'>Eutyches</span> <span class='ocrx_word' id='word_1_481' title='bbox 1384 1044 1498 1068; x_wconf 87' lang='lat' dir='ltr'>contra</span> <span class='ocrx_word' id='word_1_482' title='bbox 1510 1035 1701 1071; x_wconf 86' lang='lat' dir='ltr'>Nestorium</span> <span class='ocrx_word' id='word_1_483' title='bbox 1725 1034 1812 1070; x_wconf 74' lang='lat' dir='ltr'>male</span> <span class='ocrx_word' id='word_1_484' title='bbox 1824 1034 2006 1080; x_wconf 82' lang='lat' dir='ltr'>pugnando</span> <span class='ocrx_word' id='word_1_485' title='bbox 2020 1036 2084 1068; x_wconf 53' lang='lat' dir='ltr'>for„</span> 
     </span>
     <span class='ocr_line' id='line_1_71' title="bbox 1192 1082 2082 1133; baseline 0.006 -18"><span class='ocrx_word' id='word_1_486' title='bbox 1192 1082 1311 1117; x_wconf 72' lang='lat' dir='ltr'>tiffime</span> <span class='ocrx_word' id='word_1_487' title='bbox 1324 1094 1380 1126; x_wconf 90' lang='lat' dir='ltr'>pro</span> <span class='ocrx_word' id='word_1_488' title='bbox 1402 1084 1473 1127; x_wconf 91' lang='lat' dir='ltr'>ipso</span> <span class='ocrx_word' id='word_1_489' title='bbox 1494 1084 1651 1119; x_wconf 85' lang='lat' dir='ltr'>militavit</span> <span class='ocrx_word' id='word_1_490' title='bbox 1664 1110 1671 1118; x_wconf 93' lang='lat'><strong>.</strong></span> <span class='ocrx_word' id='word_1_491' title='bbox 1698 1085 1804 1133; x_wconf 73' lang='lat' dir='ltr'>Quod</span> <span class='ocrx_word' id='word_1_492' title='bbox 1830 1085 2082 1130; x_wconf 59' lang='lat' dir='ltr'>ipsum-›Nesto-</span> 
     </span>
     <span class='ocr_line' id='line_1_72' title="bbox 1192 1132 2082 1182; baseline 0.002 -16"><span class='ocrx_word' id='word_1_493' title='bbox 1192 1132 1257 1166; x_wconf 84' lang='lat' dir='ltr'>rius</span> <span class='ocrx_word' id='word_1_494' title='bbox 1281 1132 1367 1166; x_wconf 78' lang='lat' dir='ltr'>male</span> <span class='ocrx_word' id='word_1_495' title='bbox 1387 1143 1504 1168; x_wconf 86' lang='lat' dir='ltr'>contra</span> <span class='ocrx_word' id='word_1_496' title='bbox 1529 1134 1777 1177; x_wconf 85' lang='lat' dir='ltr'>Apollinarium</span> <span class='ocrx_word' id='word_1_497' title='bbox 1804 1136 1986 1182; x_wconf 77' lang='lat' dir='ltr'>pugnando</span> <span class='ocrx_word' id='word_1_498' title='bbox 2003 1134 2082 1169; x_wconf 75' lang='lat' dir='ltr'>fecie</span> 
     </span>
     <span class='ocr_line' id='line_1_73' title="bbox 1193 1181 2082 1230; baseline 0.004 -15"><span class='ocrx_word' id='word_1_499' title='bbox 1193 1193 1253 1225; x_wconf 86' lang='lat' dir='ltr'>pro</span> <span class='ocrx_word' id='word_1_500' title='bbox 1272 1181 1492 1226; x_wconf 79' lang='lat' dir='ltr'>-Apollinario</span> <span class='ocrx_word' id='word_1_501' title='bbox 1518 1206 1529 1223; x_wconf 90' lang='lat'>‚</span> <span class='ocrx_word' id='word_1_502' title='bbox 1558 1184 1701 1226; x_wconf 82' lang='lat' dir='ltr'>ideoque</span> <span class='ocrx_word' id='word_1_503' title='bbox 1727 1185 1762 1218; x_wconf 77' lang='grc' dir='ltr'>δε</span> <span class='ocrx_word' id='word_1_504' title='bbox 1777 1196 1846 1227; x_wconf 76' lang='lat' dir='ltr'>pro</span> <span class='ocrx_word' id='word_1_505' title='bbox 1869 1184 2082 1230; x_wconf 85' lang='lat' dir='ltr'>Eutychete.</span> 
     </span>
     <span class='ocr_line' id='line_1_74' title="bbox 1195 1230 2085 1274; baseline 0.003 -8"><span class='ocrx_word' id='word_1_506' title='bbox 1195 1230 1323 1267; x_wconf 88' lang='lat' dir='ltr'>Eodem</span> <span class='ocrx_word' id='word_1_507' title='bbox 1338 1233 1373 1265; x_wconf 90' lang='lat' dir='ltr'>in</span> <span class='ocrx_word' id='word_1_508' title='bbox 1386 1233 1458 1267; x_wconf 90' lang='lat' dir='ltr'>luto</span> <span class='ocrx_word' id='word_1_509' title='bbox 1470 1230 1558 1266; x_wconf 81' lang='lat' dir='ltr'>haefit</span> <span class='ocrx_word' id='word_1_510' title='bbox 1570 1231 1692 1267; x_wconf 87' lang='lat' dir='ltr'>Paulus</span> <span class='ocrx_word' id='word_1_511' title='bbox 1705 1232 1935 1268; x_wconf 87' lang='lat' dir='ltr'>Samosatenfis</span> <span class='ocrx_word' id='word_1_512' title='bbox 1946 1258 1957 1274; x_wconf 87' lang='lat'>,</span> <span class='ocrx_word' id='word_1_513' title='bbox 1981 1236 2085 1270; x_wconf 78' lang='lat' dir='ltr'>etiam</span> 
     </span>
     <span class='ocr_line' id='line_1_75' title="bbox 1193 1281 2085 1328; baseline 0.003 -13"><span class='ocrx_word' id='word_1_514' title='bbox 1193 1281 1355 1317; x_wconf 88' lang='lat' dir='ltr'>Sabellius</span> <span class='ocrx_word' id='word_1_515' title='bbox 1367 1306 1377 1321; x_wconf 93' lang='lat'>,</span> <span class='ocrx_word' id='word_1_516' title='bbox 1403 1281 1502 1324; x_wconf 75' lang='lat' dir='ltr'>atque</span> <span class='ocrx_word' id='word_1_517' title='bbox 1516 1281 1616 1316; x_wconf 87' lang='lat' dir='ltr'>Arius</span> <span class='ocrx_word' id='word_1_518' title='bbox 1629 1306 1636 1313; x_wconf 90' lang='lat'><strong>.</strong></span> <span class='ocrx_word' id='word_1_519' title='bbox 1665 1283 1719 1315; x_wconf 85' lang='lat' dir='ltr'>Ex</span> <span class='ocrx_word' id='word_1_520' title='bbox 1731 1283 1794 1317; x_wconf 89' lang='lat' dir='ltr'>isto</span> <span class='ocrx_word' id='word_1_521' title='bbox 1806 1282 1905 1318; x_wconf 89' lang='lat' dir='ltr'>devio</span> <span class='ocrx_word' id='word_1_522' title='bbox 1919 1283 2085 1328; x_wconf 87' lang='lat' dir='ltr'>principio</span> 
     </span>
     <span class='ocr_line' id='line_1_76' title="bbox 1193 1330 2086 1374; baseline 0.002 -7"><span class='ocrx_word' id='word_1_523' title='bbox 1193 1331 1275 1367; x_wconf 89' lang='lat' dir='ltr'>alter</span> <span class='ocrx_word' id='word_1_524' title='bbox 1283 1333 1319 1368; x_wconf 82' lang='lat' dir='ltr'>in</span> <span class='ocrx_word' id='word_1_525' title='bbox 1334 1332 1458 1368; x_wconf 83' lang='lat' dir='ltr'>Divina</span> <span class='ocrx_word' id='word_1_526' title='bbox 1471 1330 1644 1374; x_wconf 66' lang='lat' dir='ltr'>Maiestate</span> <span class='ocrx_word' id='word_1_527' title='bbox 1655 1332 1753 1366; x_wconf 84' lang='lat' dir='ltr'>finxit</span> <span class='ocrx_word' id='word_1_528' title='bbox 1764 1342 1827 1366; x_wconf 87' lang='lat' dir='ltr'>tres</span> <span class='ocrx_word' id='word_1_529' title='bbox 1838 1342 1970 1369; x_wconf 82' lang='lat' dir='ltr'>naturas</span> <span class='ocrx_word' id='word_1_530' title='bbox 1980 1358 1991 1374; x_wconf 91' lang='lat'>‚</span> <span class='ocrx_word' id='word_1_531' title='bbox 2002 1334 2086 1369; x_wconf 83' lang='lat' dir='ltr'>alter</span> 
     </span>
     <span class='ocr_line' id='line_1_77' title="bbox 1192 1381 2086 1427; baseline -0.003 -10"><span class='ocrx_word' id='word_1_532' title='bbox 1192 1382 1374 1427; x_wconf 83' lang='lat' dir='ltr'>abnegavit</span> <span class='ocrx_word' id='word_1_533' title='bbox 1388 1392 1450 1416; x_wconf 88' lang='lat' dir='ltr'>tres</span> <span class='ocrx_word' id='word_1_534' title='bbox 1464 1383 1616 1425; x_wconf 86' lang='lat' dir='ltr'>personas</span> <span class='ocrx_word' id='word_1_535' title='bbox 1630 1408 1637 1415; x_wconf 93' lang='lat'><strong><em>.</em></strong></span> <span class='ocrx_word' id='word_1_536' title='bbox 1667 1381 1774 1417; x_wconf 84' lang='lat' dir='ltr'>Unde</span> <span class='ocrx_word' id='word_1_537' title='bbox 1793 1383 1893 1417; x_wconf 85' lang='lat' dir='ltr'>etiam</span> <span class='ocrx_word' id='word_1_538' title='bbox 1907 1383 1965 1427; x_wconf 74' lang='lat' dir='ltr'>ipsi</span> <span class='ocrx_word' id='word_1_539' title='bbox 1983 1384 2018 1418; x_wconf 74' lang='grc' dir='ltr'>ὅτ.</span> <span class='ocrx_word' id='word_1_540' title='bbox 2031 1384 2086 1417; x_wconf 87' lang='lat' dir='ltr'>in.-</span> 
     </span>
     <span class='ocr_line' id='line_1_78' title="bbox 1194 1431 2086 1474; baseline 0.001 -7"><span class='ocrx_word' id='word_1_541' title='bbox 1194 1433 1301 1467; x_wconf 85' lang='lat' dir='ltr'>vicem</span> <span class='ocrx_word' id='word_1_542' title='bbox 1320 1431 1524 1469; x_wconf 78' lang='lat' dir='ltr'>hostiliffime</span> <span class='ocrx_word' id='word_1_543' title='bbox 1546 1432 1707 1467; x_wconf 88' lang='lat' dir='ltr'>invadunt</span> <span class='ocrx_word' id='word_1_544' title='bbox 1718 1458 1729 1474; x_wconf 90' lang='lat'><strong>,</strong></span> <span class='ocrx_word' id='word_1_545' title='bbox 1746 1433 1789 1466; x_wconf 73' lang='grc' dir='ltr'>,δε</span> <span class='ocrx_word' id='word_1_546' title='bbox 1800 1432 1945 1467; x_wconf 84' lang='lat' dir='ltr'>invicem</span> <span class='ocrx_word' id='word_1_547' title='bbox 1955 1433 2086 1468; x_wconf 82' lang='lat' dir='ltr'>fortiffi·</span> 
     </span>
     <span class='ocr_line' id='line_1_79' title="bbox 1195 1481 2088 1527; baseline 0 -10"><span class='ocrx_word' id='word_1_548' title='bbox 1195 1482 1247 1517; x_wconf 76' lang='lat' dir='ltr'>me</span> <span class='ocrx_word' id='word_1_549' title='bbox 1267 1481 1439 1517; x_wconf 85' lang='lat' dir='ltr'>stabiliunt</span> <span class='ocrx_word' id='word_1_550' title='bbox 1453 1508 1460 1515; x_wconf 93' lang='lat'><em>.</em></span> <span class='ocrx_word' id='word_1_551' title='bbox 1490 1482 1635 1518; x_wconf 76' lang='lat' dir='ltr'>Proinde</span> <span class='ocrx_word' id='word_1_552' title='bbox 1653 1484 1788 1519; x_wconf 79' lang='lat' dir='ltr'>unicum</span> <span class='ocrx_word' id='word_1_553' title='bbox 1810 1483 2088 1527; x_wconf 15' lang='lat' dir='ltr'>deviumkprinci-</span> 
     </span>
    </p>
   </div>
   <div class='ocr_carea' id='block_1_11' title="bbox 1195 1531 2098 1582">
    <p class='ocr_par' dir='ltr' id='par_1_12' title="bbox 1195 1531 2098 1582">
     <span class='ocr_line' id='line_1_80' title="bbox 1195 1531 2098 1582; baseline 0 -15"><span class='ocrx_word' id='word_1_554' title='bbox 1195 1534 1290 1577; x_wconf 57' lang='lat' dir='ltr'>pium*</span> <span class='ocrx_word' id='word_1_555' title='bbox 1299 1533 1395 1568; x_wconf 89' lang='lat' dir='ltr'>nobis</span> <span class='ocrx_word' id='word_1_556' title='bbox 1409 1534 1531 1577; x_wconf 81' lang='lat' dir='ltr'>peperit</span> <span class='ocrx_word' id='word_1_557' title='bbox 1543 1543 1684 1578; x_wconf 89' lang='lat' dir='ltr'>quatuor</span> <span class='ocrx_word' id='word_1_558' title='bbox 1699 1533 1844 1577; x_wconf 83' lang='lat' dir='ltr'>peffimas</span> <span class='ocrx_word' id='word_1_559' title='bbox 1856 1531 1987 1569; x_wconf 77' lang='lat' dir='ltr'>haereses</span> <span class='ocrx_word' id='word_1_560' title='bbox 1999 1558 2012 1575; x_wconf 87' lang='lat'>‚</span> <span class='ocrx_word' id='word_1_561' title='bbox 2037 1534 2098 1582; x_wconf 24' lang='lat' dir='ltr'>in·-</span> 
     </span>
    </p>
   </div>
   <div class='ocr_carea' id='block_1_12' title="bbox 1185 1583 2089 2627">
    <p class='ocr_par' dir='ltr' id='par_1_13' title="bbox 1193 1583 2087 1878">
     <span class='ocr_line' id='line_1_81' title="bbox 1196 1583 2087 1628; baseline 0.001 -11"><span class='ocrx_word' id='word_1_562' title='bbox 1196 1584 1301 1619; x_wconf 87' lang='lat' dir='ltr'>vicem</span> <span class='ocrx_word' id='word_1_563' title='bbox 1316 1590 1528 1628; x_wconf 74' lang='lat' dir='ltr'>pugnantes,</span> <span class='ocrx_word' id='word_1_564' title='bbox 1553 1584 1587 1618; x_wconf 86' lang='lat'>&amp;</span> <span class='ocrx_word' id='word_1_565' title='bbox 1608 1584 1752 1618; x_wconf 85' lang='lat' dir='ltr'>invicem</span> <span class='ocrx_word' id='word_1_566' title='bbox 1773 1583 1994 1627; x_wconf 83' lang='lat' dir='ltr'>adjuvantes.</span> <span class='ocrx_word' id='word_1_567' title='bbox 2022 1584 2087 1618; x_wconf 90' lang='lat' dir='ltr'>Vi-</span> 
     </span>
     <span class='ocr_line' id='line_1_82' title="bbox 1194 1633 2086 1671; baseline 0.002 -3"><span class='ocrx_word' id='word_1_568' title='bbox 1194 1633 1334 1669; x_wconf 84' lang='lat' dir='ltr'>deantur</span> <span class='ocrx_word' id='word_1_569' title='bbox 1359 1635 1495 1668; x_wconf 64' lang='lat' dir='ltr'>Sanstus</span> <span class='ocrx_word' id='word_1_570' title='bbox 1517 1633 1709 1669; x_wconf 78' lang='lat' dir='ltr'>Anastafius</span> <span class='ocrx_word' id='word_1_571' title='bbox 1735 1634 1863 1669; x_wconf 84' lang='lat' dir='ltr'>Sinaita</span> <span class='ocrx_word' id='word_1_572' title='bbox 1889 1633 1924 1667; x_wconf 87' lang='lat' dir='ltr'>in</span> <span class='ocrx_word' id='word_1_573' title='bbox 1951 1633 2086 1671; x_wconf 82' lang='lat' dir='ltr'>erudito</span> 
     </span>
     <span class='ocr_line' id='line_1_83' title="bbox 1193 1683 2087 1728; baseline 0.001 -10"><span class='ocrx_word' id='word_1_574' title='bbox 1193 1695 1291 1727; x_wconf 81' lang='lat' dir='ltr'>opere</span> <span class='ocrx_word' id='word_1_575' title='bbox 1311 1695 1429 1721; x_wconf 79' lang='lat' dir='ltr'>eontra</span> <span class='ocrx_word' id='word_1_576' title='bbox 1441 1683 1660 1718; x_wconf 85' lang='lat' dir='ltr'>Nestorianos</span> <span class='ocrx_word' id='word_1_577' title='bbox 1682 1686 1716 1718; x_wconf 76' lang='grc' dir='ltr'>ἀ</span> <span class='ocrx_word' id='word_1_578' title='bbox 1734 1684 1963 1728; x_wconf 87' lang='lat' dir='ltr'>Eutychianos</span> <span class='ocrx_word' id='word_1_579' title='bbox 1976 1709 1987 1724; x_wconf 92' lang='lat'>‚</span> <span class='ocrx_word' id='word_1_580' title='bbox 2015 1684 2087 1719; x_wconf 92' lang='lat' dir='ltr'>Ru-</span> 
     </span>
     <span class='ocr_line' id='line_1_84' title="bbox 1195 1733 2086 1780; baseline 0.002 -13"><span class='ocrx_word' id='word_1_581' title='bbox 1195 1733 1292 1768; x_wconf 81' lang='lat' dir='ltr'>sticus</span> <span class='ocrx_word' id='word_1_582' title='bbox 1318 1733 1476 1775; x_wconf 66' lang='lat' dir='ltr'>Romanae</span> <span class='ocrx_word' id='word_1_583' title='bbox 1514 1734 1660 1768; x_wconf 78' lang='lat' dir='ltr'>Ecclefiae</span> <span class='ocrx_word' id='word_1_584' title='bbox 1686 1734 1860 1780; x_wconf 80' lang='lat' dir='ltr'>Diaconus</span> <span class='ocrx_word' id='word_1_585' title='bbox 1881 1759 1891 1775; x_wconf 86' lang='lat'>‚</span> <span class='ocrx_word' id='word_1_586' title='bbox 1922 1735 2086 1769; x_wconf 84' lang='lat' dir='ltr'>Leontius</span> 
     </span>
     <span class='ocr_line' id='line_1_85' title="bbox 1194 1782 2085 1828; baseline 0.002 -11"><span class='ocrx_word' id='word_1_587' title='bbox 1194 1782 1413 1819; x_wconf 80' lang='lat' dir='ltr'>Scholasticus</span> <span class='ocrx_word' id='word_1_588' title='bbox 1426 1784 1627 1826; x_wconf 85' lang='lat' dir='ltr'>Byzantinus</span> <span class='ocrx_word' id='word_1_589' title='bbox 1640 1809 1651 1824; x_wconf 87' lang='lat'>‚</span> <span class='ocrx_word' id='word_1_590' title='bbox 1677 1784 1712 1818; x_wconf 88' lang='lat'>&amp;</span> <span class='ocrx_word' id='word_1_591' title='bbox 1726 1784 1782 1818; x_wconf 88' lang='lat' dir='ltr'>alii</span> <span class='ocrx_word' id='word_1_592' title='bbox 1807 1783 1936 1828; x_wconf 86' lang='lat' dir='ltr'>antiqui</span> <span class='ocrx_word' id='word_1_593' title='bbox 1950 1784 2085 1819; x_wconf 83' lang='lat' dir='ltr'>istarum</span> 
     </span>
     <span class='ocr_line' id='line_1_86' title="bbox 1193 1831 1645 1878; baseline -0.007 -8"><span class='ocrx_word' id='word_1_594' title='bbox 1193 1831 1349 1873; x_wconf 75' lang='lat' dir='ltr'>haerefion</span> <span class='ocrx_word' id='word_1_595' title='bbox 1369 1835 1622 1878; x_wconf 66' lang='lat' dir='ltr'>impugnatores</span> <span class='ocrx_word' id='word_1_596' title='bbox 1638 1860 1645 1867; x_wconf 92' lang='lat'>.</span> 
     </span>
    </p>

    <p class='ocr_par' dir='ltr' id='par_1_14' title="bbox 1185 1883 2089 2627">
     <span class='ocr_line' id='line_1_87' title="bbox 1244 1883 2088 1930; baseline 0.002 -14"><span class='ocrx_word' id='word_1_597' title='bbox 1244 1884 1392 1930; x_wconf 82' lang='lat' dir='ltr'>Qaestio</span> <span class='ocrx_word' id='word_1_598' title='bbox 1410 1894 1531 1926; x_wconf 61' lang='lat' dir='ltr'>&gt;quarta</span> <span class='ocrx_word' id='word_1_599' title='bbox 1553 1884 1599 1918; x_wconf 88' lang='lat' dir='ltr'>est</span> <span class='ocrx_word' id='word_1_600' title='bbox 1619 1909 1630 1926; x_wconf 91' lang='lat'>‚</span> <span class='ocrx_word' id='word_1_601' title='bbox 1658 1884 1729 1919; x_wconf 86' lang='lat' dir='ltr'>Cur</span> <span class='ocrx_word' id='word_1_602' title='bbox 1754 1883 1924 1928; x_wconf 85' lang='lat' dir='ltr'>Eutyches</span> <span class='ocrx_word' id='word_1_603' title='bbox 1946 1886 1981 1919; x_wconf 86' lang='lat' dir='ltr'>in</span> <span class='ocrx_word' id='word_1_604' title='bbox 2006 1886 2061 1918; x_wconf 89' lang='lat' dir='ltr'>sua</span> <span class='ocrx_word' id='word_1_605' title='bbox 2075 1908 2088 1926; x_wconf 82' lang='lat'><em>,</em></span> 
     </span>
     <span class='ocr_line' id='line_1_88' title="bbox 1193 1932 2088 1979; baseline 0.004 -14"><span class='ocrx_word' id='word_1_606' title='bbox 1193 1944 1294 1976; x_wconf 73' lang='lat' dir='ltr'>quam</span> <span class='ocrx_word' id='word_1_607' title='bbox 1309 1933 1351 1973; x_wconf 73' lang='lat' dir='ltr'>ad</span> <span class='ocrx_word' id='word_1_608' title='bbox 1375 1932 1536 1970; x_wconf 85' lang='lat' dir='ltr'>Florentii</span> <span class='ocrx_word' id='word_1_609' title='bbox 1553 1934 1683 1968; x_wconf 76' lang='lat' dir='ltr'>Pati-itii</span> <span class='ocrx_word' id='word_1_610' title='bbox 1709 1945 1800 1968; x_wconf 86' lang='lat' dir='ltr'>aures</span> <span class='ocrx_word' id='word_1_611' title='bbox 1819 1935 1897 1969; x_wconf 88' lang='lat' dir='ltr'>fecit</span> <span class='ocrx_word' id='word_1_612' title='bbox 1910 1961 1920 1977; x_wconf 89' lang='lat'>‚</span> <span class='ocrx_word' id='word_1_613' title='bbox 1946 1935 2088 1979; x_wconf 84' lang='lat' dir='ltr'>appella-</span> 
     </span>
     <span class='ocr_line' id='line_1_89' title="bbox 1192 1981 2088 2030; baseline 0.003 -13"><span class='ocrx_word' id='word_1_614' title='bbox 1192 1984 1286 2021; x_wconf 76' lang='lat' dir='ltr'>tione</span> <span class='ocrx_word' id='word_1_615' title='bbox 1296 1993 1307 2023; x_wconf 81' lang='lat'>&#39;,</span> <span class='ocrx_word' id='word_1_616' title='bbox 1319 1983 1503 2026; x_wconf 70' lang='lat' dir='ltr'>exprimens</span> <span class='ocrx_word' id='word_1_617' title='bbox 1513 1981 1844 2019; x_wconf 73' lang='lat' dir='ltr'>Thessalonicensem</span> <span class='ocrx_word' id='word_1_618' title='bbox 1856 1985 2063 2030; x_wconf 89' lang='lat' dir='ltr'>Episcopum</span> <span class='ocrx_word' id='word_1_619' title='bbox 2074 2008 2088 2025; x_wconf 83' lang='lat'><em>,</em></span> 
     </span>
     <span class='ocr_line' id='line_1_90' title="bbox 1192 2032 2087 2072; baseline 0.004 -6"><span class='ocrx_word' id='word_1_620' title='bbox 1192 2032 1338 2069; x_wconf 82' lang='lat' dir='ltr'>omiserit</span> <span class='ocrx_word' id='word_1_621' title='bbox 1364 2032 1589 2067; x_wconf 71' lang='lat' dir='ltr'>patriarcham</span> <span class='ocrx_word' id='word_1_622' title='bbox 1615 2033 1870 2069; x_wconf 78' lang='lat' dir='ltr'>Antiochenam</span> <span class='ocrx_word' id='word_1_623' title='bbox 1897 2037 1915 2068; x_wconf 68' lang='grc' dir='ltr'>,ἓ</span> <span class='ocrx_word' id='word_1_624' title='bbox 1951 2036 2087 2072; x_wconf 85' lang='lat' dir='ltr'>Etenim</span> 
     </span>
     <span class='ocr_line' id='line_1_91' title="bbox 1194 2080 2086 2127; baseline 0.003 -12"><span class='ocrx_word' id='word_1_625' title='bbox 1194 2080 1493 2119; x_wconf 78' lang='lat' dir='ltr'>Theffalonicensis</span> <span class='ocrx_word' id='word_1_626' title='bbox 1507 2082 1688 2127; x_wconf 86' lang='lat' dir='ltr'>Episcopus</span> <span class='ocrx_word' id='word_1_627' title='bbox 1703 2093 1771 2116; x_wconf 90' lang='lat' dir='ltr'>non</span> <span class='ocrx_word' id='word_1_628' title='bbox 1794 2093 1862 2118; x_wconf 87' lang='lat' dir='ltr'>erat</span> <span class='ocrx_word' id='word_1_629' title='bbox 1875 2084 2065 2119; x_wconf 85' lang='lat' dir='ltr'>Patriarcha</span> <span class='ocrx_word' id='word_1_630' title='bbox 2076 2108 2086 2118; x_wconf 89' lang='lat'><em>.</em></span> 
     </span>
     <span class='ocr_line' id='line_1_92' title="bbox 1193 2130 2087 2177; baseline 0.003 -11"><span class='ocrx_word' id='word_1_631' title='bbox 1193 2130 1304 2169; x_wconf 69' lang='lat' dir='ltr'>Imm&amp;</span> <span class='ocrx_word' id='word_1_632' title='bbox 1326 2143 1389 2168; x_wconf 86' lang='lat' dir='ltr'>nec</span> <span class='ocrx_word' id='word_1_633' title='bbox 1401 2132 1571 2167; x_wconf 83' lang='lat' dir='ltr'>Exarchus</span> <span class='ocrx_word' id='word_1_634' title='bbox 1584 2157 1591 2165; x_wconf 95' lang='lat'><strong><em>.</em></strong></span> <span class='ocrx_word' id='word_1_635' title='bbox 1621 2132 1822 2177; x_wconf 69' lang='lat' dir='ltr'>Respopdeo</span> <span class='ocrx_word' id='word_1_636' title='bbox 1840 2134 1930 2168; x_wconf 87' lang='lat' dir='ltr'>istius</span> <span class='ocrx_word' id='word_1_637' title='bbox 1943 2134 2087 2170; x_wconf 77' lang='lat' dir='ltr'>omifflo-</span> 
     </span>
     <span class='ocr_line' id='line_1_93' title="bbox 1194 2182 2087 2229; baseline 0.004 -13"><span class='ocrx_word' id='word_1_638' title='bbox 1194 2182 1245 2216; x_wconf 86' lang='lat' dir='ltr'>nis</span> <span class='ocrx_word' id='word_1_639' title='bbox 1268 2183 1380 2229; x_wconf 72' lang='lat' dir='ltr'>causas</span> <span class='ocrx_word' id='word_1_640' title='bbox 1407 2183 1490 2227; x_wconf 65' lang='lat' dir='ltr'>reste</span> <span class='ocrx_word' id='word_1_641' title='bbox 1515 2184 1641 2226; x_wconf 85' lang='lat' dir='ltr'>exponi</span> <span class='ocrx_word' id='word_1_642' title='bbox 1664 2182 1684 2216; x_wconf 75' lang='grc' dir='ltr'>ὲ</span> <span class='ocrx_word' id='word_1_643' title='bbox 1707 2182 1748 2217; x_wconf 78' lang='lat' dir='ltr'>R.</span> <span class='ocrx_word' id='word_1_644' title='bbox 1773 2183 1869 2220; x_wconf 83' lang='lat' dir='ltr'>Patre</span> <span class='ocrx_word' id='word_1_645' title='bbox 1912 2184 2087 2221; x_wconf 86' lang='lat' dir='ltr'>Paschafio</span> 
     </span>
     <span class='ocr_line' id='line_1_94' title="bbox 1192 2231 2089 2278; baseline 0.006 -12"><span class='ocrx_word' id='word_1_646' title='bbox 1192 2233 1378 2278; x_wconf 83' lang='lat' dir='ltr'>Qesnello</span> <span class='ocrx_word' id='word_1_647' title='bbox 1405 2257 1412 2265; x_wconf 93' lang='lat'>.</span> <span class='ocrx_word' id='word_1_648' title='bbox 1440 2231 1628 2267; x_wconf 83' lang='lat' dir='ltr'>Palmarem</span> <span class='ocrx_word' id='word_1_649' title='bbox 1654 2233 1818 2271; x_wconf 65' lang='lat' dir='ltr'>rationem</span> <span class='ocrx_word' id='word_1_650' title='bbox 1845 2234 2045 2271; x_wconf 84' lang='lat' dir='ltr'>addiscimus</span> <span class='ocrx_word' id='word_1_651' title='bbox 2068 2233 2089 2271; x_wconf 62' lang='grc' dir='ltr'><strong>ἢ</strong></span> 
     </span>
     <span class='ocr_line' id='line_1_95' title="bbox 1194 2282 2087 2327; baseline 0.004 -11"><span class='ocrx_word' id='word_1_652' title='bbox 1194 2282 1351 2317; x_wconf 85' lang='lat' dir='ltr'>Facundo</span> <span class='ocrx_word' id='word_1_653' title='bbox 1384 2282 1619 2319; x_wconf 84' lang='lat' dir='ltr'>Hermianenfi·</span> <span class='ocrx_word' id='word_1_654' title='bbox 1660 2283 1824 2327; x_wconf 79' lang='lat' dir='ltr'>Episcopo</span> <span class='ocrx_word' id='word_1_655' title='bbox 1852 2297 1860 2317; x_wconf 91' lang='lat'><strong>:</strong></span> <span class='ocrx_word' id='word_1_656' title='bbox 1899 2285 2087 2320; x_wconf 68' lang='lat' dir='ltr'>Venerabilis</span> 
     </span>
     <span class='ocr_line' id='line_1_96' title="bbox 1193 2331 2087 2379; baseline 0.006 -15"><span class='ocrx_word' id='word_1_657' title='bbox 1193 2334 1328 2365; x_wconf 75' lang='lat' dir='ltr'>nammis</span> <span class='ocrx_word' id='word_1_658' title='bbox 1352 2332 1553 2366; x_wconf 77' lang='lat' dir='ltr'>Antiochenus</span> <span class='ocrx_word' id='word_1_659' title='bbox 1567 2356 1578 2372; x_wconf 91' lang='lat'><strong>,</strong></span> <span class='ocrx_word' id='word_1_660' title='bbox 1598 2331 1648 2376; x_wconf 83' lang='lat' dir='ltr'>sui</span> <span class='ocrx_word' id='word_1_661' title='bbox 1661 2334 1967 2379; x_wconf 78' lang='lat' dir='ltr'>DecefforisJoannis</span> <span class='ocrx_word' id='word_1_662' title='bbox 1979 2359 1990 2375; x_wconf 86' lang='lat'>,</span> <span class='ocrx_word' id='word_1_663' title='bbox 2015 2337 2087 2370; x_wconf 79' lang='lat' dir='ltr'>alio-</span> 
     </span>
     <span class='ocr_line' id='line_1_97' title="bbox 1192 2382 2088 2428; baseline 0.007 -14"><span class='ocrx_word' id='word_1_664' title='bbox 1192 2393 1315 2425; x_wconf 82' lang='lat' dir='ltr'>rumque</span> <span class='ocrx_word' id='word_1_665' title='bbox 1320 2384 1554 2424; x_wconf 80' lang='lat' dir='ltr'>praecedentium</span> <span class='ocrx_word' id='word_1_666' title='bbox 1565 2384 1754 2426; x_wconf 80' lang='lat' dir='ltr'>collegarum</span> <span class='ocrx_word' id='word_1_667' title='bbox 1761 2382 1942 2426; x_wconf 68' lang='lat' dir='ltr'>sententiam</span> <span class='ocrx_word' id='word_1_668' title='bbox 1954 2395 2061 2419; x_wconf 85' lang='lat' dir='ltr'>tenens</span> <span class='ocrx_word' id='word_1_669' title='bbox 2074 2411 2088 2428; x_wconf 89' lang='lat'>,</span> 
     </span>
     <span class='ocr_line' id='line_1_98' title="bbox 1192 2431 2086 2475; baseline 0.007 -10"><span class='ocrx_word' id='word_1_670' title='bbox 1192 2431 1333 2470; x_wconf 75' lang='lat' dir='ltr'>Eutychio</span> <span class='ocrx_word' id='word_1_671' title='bbox 1339 2433 1522 2474; x_wconf 71' lang='lat' dir='ltr'>Apollinaris</span> <span class='ocrx_word' id='word_1_672' title='bbox 1531 2432 1738 2473; x_wconf 79' lang='lat' dir='ltr'>Haereſsarcbae</span> <span class='ocrx_word' id='word_1_673' title='bbox 1750 2438 1932 2475; x_wconf 78' lang='lat' dir='ltr'>impietatem</span> <span class='ocrx_word' id='word_1_674' title='bbox 1941 2446 2086 2472; x_wconf 81' lang='lat' dir='ltr'>renovare</span> 
     </span>
     <span class='ocr_line' id='line_1_99' title="bbox 1190 2481 2086 2526; baseline 0.003 -11"><span class='ocrx_word' id='word_1_675' title='bbox 1190 2486 1344 2520; x_wconf 74' lang='lat' dir='ltr'>tentanti,</span> <span class='ocrx_word' id='word_1_676' title='bbox 1368 2483 1404 2516; x_wconf 59' lang='lat' dir='ltr'>&lt;a</span> <span class='ocrx_word' id='word_1_677' title='bbox 1415 2481 1449 2514; x_wconf 87' lang='lat' dir='ltr'>ob</span> <span class='ocrx_word' id='word_1_678' title='bbox 1470 2481 1522 2515; x_wconf 85' lang='lat' dir='ltr'>boc</span> <span class='ocrx_word' id='word_1_679' title='bbox 1535 2484 1696 2516; x_wconf 88' lang='lat' dir='ltr'>Diodorum</span> <span class='ocrx_word' id='word_1_680' title='bbox 1709 2485 1798 2526; x_wconf 64' lang='lat' dir='ltr'>atqu?</span> <span class='ocrx_word' id='word_1_681' title='bbox 1815 2483 1997 2519; x_wconf 83' lang='lat' dir='ltr'>Theodorum</span> <span class='ocrx_word' id='word_1_682' title='bbox 2008 2497 2086 2520; x_wconf 80' lang='lat' dir='ltr'>ana-</span> 
     </span>
     <span class='ocr_line' id='line_1_100' title="bbox 1188 2531 2086 2579; baseline 0.007 -15"><span class='ocrx_word' id='word_1_683' title='bbox 1188 2531 1385 2569; x_wconf 73' lang='lat' dir='ltr'>thematizare</span> <span class='ocrx_word' id='word_1_684' title='bbox 1401 2531 1615 2575; x_wconf 56' lang='lat' dir='ltr'>presumo-nti,</span> <span class='ocrx_word' id='word_1_685' title='bbox 1636 2538 1756 2574; x_wconf 76' lang='lat' dir='ltr'>primur</span> <span class='ocrx_word' id='word_1_686' title='bbox 1771 2533 1889 2573; x_wconf 28' lang='lat' dir='ltr'>*restitit</span> <span class='ocrx_word' id='word_1_687' title='bbox 1901 2557 1912 2573; x_wconf 93' lang='lat'>‚</span> <span class='ocrx_word' id='word_1_688' title='bbox 1936 2537 1982 2569; x_wconf 77' lang='lat' dir='ltr'>ad</span> <span class='ocrx_word' id='word_1_689' title='bbox 1992 2540 2086 2579; x_wconf 83' lang='lat' dir='ltr'>Impe-</span> 
     </span>
     <span class='ocr_line' id='line_1_101' title="bbox 1185 2581 2084 2627; baseline 0.008 -13"><span class='ocrx_word' id='word_1_690' title='bbox 1185 2590 1350 2623; x_wconf 78' lang='lat' dir='ltr'>peraeorem</span> <span class='ocrx_word' id='word_1_691' title='bbox 1367 2581 1552 2623; x_wconf 64' lang='lat' dir='ltr'>theodofium</span> <span class='ocrx_word' id='word_1_692' title='bbox 1570 2581 1705 2627; x_wconf 78' lang='lat' dir='ltr'>scribens</span> <span class='ocrx_word' id='word_1_693' title='bbox 1727 2608 1735 2616; x_wconf 94' lang='lat'>.</span> <span class='ocrx_word' id='word_1_694' title='bbox 1764 2584 1922 2619; x_wconf 84' lang='lat' dir='ltr'>Domnus</span> <span class='ocrx_word' id='word_1_695' title='bbox 1946 2586 1981 2620; x_wconf 90' lang='lat' dir='ltr'>id</span> <span class='ocrx_word' id='word_1_696' title='bbox 2004 2587 2084 2622; x_wconf 87' lang='lat' dir='ltr'>fecit</span> 
     </span>
    </p>
   </div>
   <div class='ocr_carea' id='block_1_13' title="bbox 2103 2304 2259 2341">
    <p class='ocr_par' dir='ltr' id='par_1_15' title="bbox 2103 2304 2259 2341">
     <span class='ocr_line' id='line_1_102' title="bbox 2103 2304 2259 2341; baseline -0.013 -5"><span class='ocrx_word' id='word_1_697' title='bbox 2103 2304 2259 2341; x_wconf 82' lang='lat' dir='ltr'>1..12.C.5.</span> 
     </span>
    </p>
   </div>
   <div class='ocr_carea' id='block_1_14' title="bbox 237 2630 2259 2686">
    <p class='ocr_par' dir='ltr' id='par_1_16' title="bbox 237 2630 2259 2686">
     <span class='ocr_line' id='line_1_103' title="bbox 237 2630 2259 2686; baseline 0.004 -22"><span class='ocrx_word' id='word_1_698' title='bbox 237 2644 304 2668; x_wconf 76' lang='lat' dir='ltr'>cnm</span> <span class='ocrx_word' id='word_1_699' title='bbox 315 2642 388 2666; x_wconf 86' lang='lat' dir='ltr'>ante</span> <span class='ocrx_word' id='word_1_700' title='bbox 398 2638 506 2675; x_wconf 80' lang='lat' dir='ltr'>requiri</span> <span class='ocrx_word' id='word_1_701' title='bbox 518 2644 552 2665; x_wconf 83' lang='lat' dir='ltr'>ac</span> <span class='ocrx_word' id='word_1_702' title='bbox 562 2631 671 2675; x_wconf 84' lang='lat' dir='ltr'>discuti</span> <span class='ocrx_word' id='word_1_703' title='bbox 693 2631 822 2672; x_wconf 80' lang='lat' dir='ltr'>debeat,</span> <span class='ocrx_word' id='word_1_704' title='bbox 848 2631 1022 2666; x_wconf 76' lang='lat' dir='ltr'>honoretur.</span> <span class='ocrx_word' id='word_1_705' title='bbox 1041 2630 1129 2674; x_wconf 80' lang='lat' dir='ltr'>Etfi</span> <span class='ocrx_word' id='word_1_706' title='bbox 1191 2633 1418 2675; x_wconf 83' lang='lat' dir='ltr'>Synodaliter.</span> <span class='ocrx_word' id='word_1_707' title='bbox 1449 2632 1653 2676; x_wconf 85' lang='lat' dir='ltr'>Synodalem</span> <span class='ocrx_word' id='word_1_708' title='bbox 1675 2633 1847 2677; x_wconf 85' lang='lat' dir='ltr'>epistolam</span> <span class='ocrx_word' id='word_1_709' title='bbox 1870 2634 1967 2670; x_wconf 90' lang='lat' dir='ltr'>nobis</span> <span class='ocrx_word' id='word_1_710' title='bbox 1977 2638 2083 2672; x_wconf 84' lang='lat' dir='ltr'>custo·</span> <span class='ocrx_word' id='word_1_711' title='bbox 2099 2648 2259 2686; x_wconf 70' lang='lat' dir='ltr'>L,3,e,5.</span> 
     </span>
    </p>
   </div>
   <div class='ocr_carea' id='block_1_15' title="bbox 234 2680 1126 3431">
    <p class='ocr_par' dir='ltr' id='par_1_17' title="bbox 234 2680 1126 3431">
     <span class='ocr_line' id='line_1_104' title="bbox 238 2680 1125 2726; baseline 0 -11"><span class='ocrx_word' id='word_1_712' title='bbox 238 2681 450 2726; x_wconf 84' lang='lat' dir='ltr'>Episcoporum</span> <span class='ocrx_word' id='word_1_713' title='bbox 473 2680 570 2725; x_wconf 80' lang='lat' dir='ltr'>causae</span> <span class='ocrx_word' id='word_1_714' title='bbox 595 2682 1125 2725; x_wconf 69' lang='lat' dir='ltr'>mibi-commifflirumopudpiiffimos</span> 
     </span>
     <span class='ocr_line' id='line_1_105' title="bbox 238 2731 1123 2776; baseline 0 -11"><span class='ocrx_word' id='word_1_715' title='bbox 238 2735 383 2766; x_wconf 72' lang='lat' dir='ltr'>Domino:</span> <span class='ocrx_word' id='word_1_716' title='bbox 412 2733 538 2766; x_wconf 83' lang='lat' dir='ltr'>allorum</span> <span class='ocrx_word' id='word_1_717' title='bbox 557 2738 728 2774; x_wconf 78' lang='lat' dir='ltr'>patrociniis</span> <span class='ocrx_word' id='word_1_718' title='bbox 752 2731 949 2776; x_wconf 80' lang='lat' dir='ltr'>disponuntur</span> <span class='ocrx_word' id='word_1_719' title='bbox 973 2756 984 2772; x_wconf 91' lang='lat'><strong>‚</strong></span> <span class='ocrx_word' id='word_1_720' title='bbox 1011 2732 1123 2774; x_wconf 77' lang='lat' dir='ltr'>infelix</span> 
     </span>
     <span class='ocr_line' id='line_1_106' title="bbox 238 2781 1124 2827; baseline 0 -11"><span class='ocrx_word' id='word_1_721' title='bbox 238 2794 289 2827; x_wconf 82' lang='lat' dir='ltr'>ego</span> <span class='ocrx_word' id='word_1_722' title='bbox 308 2788 341 2816; x_wconf 84' lang='lat' dir='ltr'>in</span> <span class='ocrx_word' id='word_1_723' title='bbox 363 2782 492 2825; x_wconf 80' lang='lat' dir='ltr'>Ecclesia</span> <span class='ocrx_word' id='word_1_724' title='bbox 514 2781 568 2823; x_wconf 84' lang='lat' dir='ltr'>ista</span> <span class='ocrx_word' id='word_1_725' title='bbox 580 2784 657 2826; x_wconf 87' lang='lat' dir='ltr'>quid</span> <span class='ocrx_word' id='word_1_726' title='bbox 662 2782 740 2824; x_wconf 83' lang='lat' dir='ltr'>facio</span> <span class='ocrx_word' id='word_1_727' title='bbox 754 2784 769 2815; x_wconf 74' lang='grc' dir='ltr'><em>ἓ</em></span> <span class='ocrx_word' id='word_1_728' title='bbox 794 2784 854 2817; x_wconf 79' lang='lat' dir='ltr'>Sed</span> <span class='ocrx_word' id='word_1_729' title='bbox 863 2792 897 2816; x_wconf 91' lang='lat' dir='ltr'>ut</span> <span class='ocrx_word' id='word_1_730' title='bbox 907 2781 1047 2825; x_wconf 79' lang='lat' dir='ltr'>Episcopi</span> <span class='ocrx_word' id='word_1_731' title='bbox 1065 2787 1124 2816; x_wconf 71' lang='lat' dir='ltr'>mei</span> 
     </span>
     <span class='ocr_line' id='line_1_107' title="bbox 237 2831 1126 2877; baseline 0.001 -12"><span class='ocrx_word' id='word_1_732' title='bbox 237 2831 405 2876; x_wconf 78' lang='lat' dir='ltr'>despiciant</span> <span class='ocrx_word' id='word_1_733' title='bbox 415 2857 428 2873; x_wconf 92' lang='lat'>‚</span> <span class='ocrx_word' id='word_1_734' title='bbox 452 2835 487 2867; x_wconf 68' lang='grc' dir='ltr'><em>θ</em></span> <span class='ocrx_word' id='word_1_735' title='bbox 497 2842 601 2873; x_wconf 79' lang='lat' dir='ltr'>contra</span> <span class='ocrx_word' id='word_1_736' title='bbox 610 2843 657 2867; x_wconf 89' lang='lat' dir='ltr'>me</span> <span class='ocrx_word' id='word_1_737' title='bbox 675 2832 822 2877; x_wconf 73' lang='lat' dir='ltr'>refuqum</span> <span class='ocrx_word' id='word_1_738' title='bbox 836 2833 882 2866; x_wconf 81' lang='lat' dir='ltr'>ad</span> <span class='ocrx_word' id='word_1_739' title='bbox 900 2831 1057 2876; x_wconf 60' lang='lat' dir='ltr'>saeculares</span> <span class='ocrx_word' id='word_1_740' title='bbox 1060 2835 1092 2876; x_wconf 88' lang='lat' dir='ltr'><strong><em>J</em></strong></span> <span class='ocrx_word' id='word_1_741' title='bbox 1094 2844 1126 2866; x_wconf 72' lang='lat' dir='ltr'>ii-</span> 
     </span>
     <span class='ocr_line' id='line_1_108' title="bbox 239 2881 1125 2928; baseline 0.001 -14"><span class='ocrx_word' id='word_1_742' title='bbox 239 2883 319 2914; x_wconf 84' lang='lat' dir='ltr'>dices</span> <span class='ocrx_word' id='word_1_743' title='bbox 331 2881 481 2926; x_wconf 77' lang='lat' dir='ltr'>habeant3</span> <span class='ocrx_word' id='word_1_744' title='bbox 506 2889 700 2926; x_wconf 75' lang='lat' dir='ltr'>omnipotenti</span> <span class='ocrx_word' id='word_1_745' title='bbox 712 2887 903 2928; x_wconf 80' lang='lat' dir='ltr'>Deogratias</span> <span class='ocrx_word' id='word_1_746' title='bbox 923 2895 978 2927; x_wconf 82' lang='lat' dir='ltr'>ago</span> <span class='ocrx_word' id='word_1_747' title='bbox 989 2907 1001 2924; x_wconf 92' lang='lat'><strong>,</strong></span> <span class='ocrx_word' id='word_1_748' title='bbox 1023 2891 1125 2925; x_wconf 81' lang='lat' dir='ltr'>pecca·</span> 
     </span>
     <span class='ocr_line' id='line_1_109' title="bbox 241 2931 1123 2977; baseline 0.003 -14"><span class='ocrx_word' id='word_1_749' title='bbox 241 2936 283 2964; x_wconf 76' lang='lat' dir='ltr'>tis</span> <span class='ocrx_word' id='word_1_750' title='bbox 303 2936 376 2964; x_wconf 87' lang='lat' dir='ltr'>meis</span> <span class='ocrx_word' id='word_1_751' title='bbox 399 2933 523 2974; x_wconf 83' lang='lat' dir='ltr'>deputo.</span> <span class='ocrx_word' id='word_1_752' title='bbox 551 2940 612 2970; x_wconf 81' lang='lat' dir='ltr'>Hoc</span> <span class='ocrx_word' id='word_1_753' title='bbox 629 2943 731 2967; x_wconf 84' lang='lat' dir='ltr'>tamen</span> <span class='ocrx_word' id='word_1_754' title='bbox 744 2933 876 2967; x_wconf 82' lang='lat' dir='ltr'>breviter</span> <span class='ocrx_word' id='word_1_755' title='bbox 881 2931 1027 2977; x_wconf 80' lang='lat' dir='ltr'>suggero,</span> <span class='ocrx_word' id='word_1_756' title='bbox 1052 2938 1123 2975; x_wconf 83' lang='lat' dir='ltr'>quia</span> 
     </span>
     <span class='ocr_line' id='line_1_110' title="bbox 238 2981 1121 3025; baseline 0.003 -12"><span class='ocrx_word' id='word_1_757' title='bbox 238 2981 430 3023; x_wconf 70' lang='lat' dir='ltr'>aliquantum</span> <span class='ocrx_word' id='word_1_758' title='bbox 449 2981 582 3024; x_wconf 77' lang='lat' dir='ltr'>exspec‘Io</span> <span class='ocrx_word' id='word_1_759' title='bbox 594 3009 605 3024; x_wconf 86' lang='lat'>,</span> <span class='ocrx_word' id='word_1_760' title='bbox 630 2985 664 3018; x_wconf 64' lang='grc' dir='ltr'>(ν</span> <span class='ocrx_word' id='word_1_761' title='bbox 678 2983 756 3025; x_wconf 81' lang='lat' dir='ltr'>fiad</span> <span class='ocrx_word' id='word_1_762' title='bbox 766 2994 813 3017; x_wconf 86' lang='lat' dir='ltr'>me</span> <span class='ocrx_word' id='word_1_763' title='bbox 826 2989 930 3017; x_wconf 81' lang='lat' dir='ltr'>venire</span> <span class='ocrx_word' id='word_1_764' title='bbox 941 2984 994 3017; x_wconf 84' lang='lat' dir='ltr'>diu</span> <span class='ocrx_word' id='word_1_765' title='bbox 1006 2982 1121 3023; x_wconf 62' lang='lat' dir='ltr'>distule-</span> 
     </span>
     <span class='ocr_line' id='line_1_111' title="bbox 238 3033 1124 3073; baseline 0.006 -9"><span class='ocrx_word' id='word_1_766' title='bbox 238 3036 300 3071; x_wconf 85' lang='lat' dir='ltr'>rit,</span> <span class='ocrx_word' id='word_1_767' title='bbox 328 3036 360 3063; x_wconf 89' lang='lat' dir='ltr'>in</span> <span class='ocrx_word' id='word_1_768' title='bbox 373 3042 404 3064; x_wconf 90' lang='lat' dir='ltr'>eo</span> <span class='ocrx_word' id='word_1_769' title='bbox 414 3042 547 3066; x_wconf 82' lang='lat' dir='ltr'>exercere</span> <span class='ocrx_word' id='word_1_770' title='bbox 558 3033 763 3073; x_wconf 65' lang='lat' dir='ltr'>distrifflonem</span> <span class='ocrx_word' id='word_1_771' title='bbox 773 3038 955 3068; x_wconf 77' lang='lat' dir='ltr'>eanonicam</span> <span class='ocrx_word' id='word_1_772' title='bbox 976 3035 1053 3066; x_wconf 88' lang='lat' dir='ltr'>nullo</span> <span class='ocrx_word' id='word_1_773' title='bbox 1065 3045 1124 3069; x_wconf 83' lang='lat' dir='ltr'>mo-</span> 
     </span>
     <span class='ocr_line' id='line_1_112' title="bbox 238 3081 1123 3126; baseline 0.005 -13"><span class='ocrx_word' id='word_1_774' title='bbox 238 3083 279 3114; x_wconf 69' lang='lat' dir='ltr'>do</span> <span class='ocrx_word' id='word_1_775' title='bbox 299 3081 421 3123; x_wconf 76' lang='lat' dir='ltr'>cessabo.</span> <span class='ocrx_word' id='word_1_776' title='bbox 447 3085 485 3115; x_wconf 76' lang='lat'>111</span> <span class='ocrx_word' id='word_1_777' title='bbox 504 3088 697 3125; x_wconf 71' lang='lat' dir='ltr'>omnipotenti</span> <span class='ocrx_word' id='word_1_778' title='bbox 719 3094 820 3118; x_wconf 85' lang='lat' dir='ltr'>autem</span> <span class='ocrx_word' id='word_1_779' title='bbox 844 3088 970 3117; x_wconf 89' lang='lat' dir='ltr'>Domino</span> <span class='ocrx_word' id='word_1_780' title='bbox 987 3083 1099 3126; x_wconf 80' lang='lat' dir='ltr'>confido</span> <span class='ocrx_word' id='word_1_781' title='bbox 1111 3108 1123 3125; x_wconf 87' lang='lat'><strong>,</strong></span> 
     </span>
     <span class='ocr_line' id='line_1_113' title="bbox 237 3132 1119 3175; baseline 0.005 -12"><span class='ocrx_word' id='word_1_782' title='bbox 237 3137 310 3173; x_wconf 82' lang='lat' dir='ltr'>quia</span> <span class='ocrx_word' id='word_1_783' title='bbox 318 3132 435 3175; x_wconf 84' lang='lat' dir='ltr'>longam</span> <span class='ocrx_word' id='word_1_784' title='bbox 446 3133 580 3173; x_wconf 81' lang='lat' dir='ltr'>Piiffimis</span> <span class='ocrx_word' id='word_1_785' title='bbox 593 3136 728 3167; x_wconf 85' lang='lat' dir='ltr'>Dominis</span> <span class='ocrx_word' id='word_1_786' title='bbox 740 3140 841 3168; x_wconf 82' lang='lat' dir='ltr'>vitam</span> <span class='ocrx_word' id='word_1_787' title='bbox 861 3134 969 3167; x_wconf 79' lang='lat' dir='ltr'>tribuet</span> <span class='ocrx_word' id='word_1_788' title='bbox 982 3158 994 3174; x_wconf 84' lang='lat'><em>,</em></span> <span class='ocrx_word' id='word_1_789' title='bbox 1019 3135 1119 3170; x_wconf 66' lang='lat' dir='ltr'>(tt-no·</span> 
     </span>
     <span class='ocr_line' id='line_1_114' title="bbox 238 3180 1120 3228; baseline 0.003 -13"><span class='ocrx_word' id='word_1_790' title='bbox 238 3183 286 3215; x_wconf 84' lang='lat' dir='ltr'>bis</span> <span class='ocrx_word' id='word_1_791' title='bbox 305 3180 360 3224; x_wconf 78' lang='lat' dir='ltr'>sub</span> <span class='ocrx_word' id='word_1_792' title='bbox 380 3193 472 3215; x_wconf 88' lang='lat' dir='ltr'>manu</span> <span class='ocrx_word' id='word_1_793' title='bbox 491 3182 589 3222; x_wconf 80' lang='lat' dir='ltr'>vestra</span> <span class='ocrx_word' id='word_1_794' title='bbox 610 3195 667 3215; x_wconf 87' lang='lat' dir='ltr'>non</span> <span class='ocrx_word' id='word_1_795' title='bbox 686 3181 843 3226; x_wconf 85' lang='lat' dir='ltr'>secundum</span> <span class='ocrx_word' id='word_1_796' title='bbox 858 3193 983 3228; x_wconf 72' lang='lat' dir='ltr'>peccata</span> <span class='ocrx_word' id='word_1_797' title='bbox 1002 3184 1120 3225; x_wconf 78' lang='lat' dir='ltr'>nostra,</span> 
     </span>
     <span class='ocr_line' id='line_1_115' title="bbox 234 3230 1122 3279; baseline 0.005 -15"><span class='ocrx_word' id='word_1_798' title='bbox 234 3230 293 3278; x_wconf 69' lang='lat' dir='ltr'>fid</span> <span class='ocrx_word' id='word_1_799' title='bbox 305 3230 464 3274; x_wconf 70' lang='lat' dir='ltr'>ficundum</span> <span class='ocrx_word' id='word_1_800' title='bbox 480 3231 666 3277; x_wconf 81' lang='lat' dir='ltr'>gratiaesuae</span> <span class='ocrx_word' id='word_1_801' title='bbox 687 3234 766 3268; x_wconf 81' lang='lat' dir='ltr'>dona</span> <span class='ocrx_word' id='word_1_802' title='bbox 789 3234 923 3279; x_wconf 76' lang='lat' dir='ltr'>disponet</span> <span class='ocrx_word' id='word_1_803' title='bbox 937 3260 945 3268; x_wconf 93' lang='lat'>.</span> <span class='ocrx_word' id='word_1_804' title='bbox 974 3235 1122 3279; x_wconf 88' lang='lat' dir='ltr'>Magnus</span> 
     </span>
     <span class='ocr_line' id='line_1_116' title="bbox 237 3282 1120 3326; baseline 0.002 -10"><span class='ocrx_word' id='word_1_805' title='bbox 237 3283 311 3317; x_wconf 90' lang='lat' dir='ltr'>Leo</span> <span class='ocrx_word' id='word_1_806' title='bbox 323 3282 449 3316; x_wconf 90' lang='lat' dir='ltr'>censuit</span> <span class='ocrx_word' id='word_1_807' title='bbox 460 3293 529 3317; x_wconf 90' lang='lat' dir='ltr'>non</span> <span class='ocrx_word' id='word_1_808' title='bbox 555 3282 799 3318; x_wconf 85' lang='lat' dir='ltr'>crastinandum</span> <span class='ocrx_word' id='word_1_809' title='bbox 809 3309 822 3326; x_wconf 86' lang='lat'><strong>,</strong></span> <span class='ocrx_word' id='word_1_810' title='bbox 849 3287 902 3321; x_wconf 86' lang='lat' dir='ltr'>sed</span> <span class='ocrx_word' id='word_1_811' title='bbox 915 3287 1120 3321; x_wconf 83' lang='lat' dir='ltr'>Canonicam</span> 
     </span>
     <span class='ocr_line' id='line_1_117' title="bbox 237 3332 1120 3380; baseline 0.003 -15"><span class='ocrx_word' id='word_1_812' title='bbox 237 3332 473 3367; x_wconf 64' lang='lat' dir='ltr'>districtionem</span> <span class='ocrx_word' id='word_1_813' title='bbox 495 3333 604 3367; x_wconf 78' lang='lat' dir='ltr'>statim</span> <span class='ocrx_word' id='word_1_814' title='bbox 625 3333 770 3368; x_wconf 83' lang='lat' dir='ltr'>exercuit</span> <span class='ocrx_word' id='word_1_815' title='bbox 789 3358 797 3367; x_wconf 94' lang='lat'><em>.</em></span> <span class='ocrx_word' id='word_1_816' title='bbox 824 3335 868 3369; x_wconf 89' lang='lat' dir='ltr'>Et</span> <span class='ocrx_word' id='word_1_817' title='bbox 889 3337 957 3380; x_wconf 85' lang='lat' dir='ltr'>ejus</span> <span class='ocrx_word' id='word_1_818' title='bbox 990 3337 1120 3371; x_wconf 69' lang='lat' dir='ltr'>Fanum</span> 
     </span>
     <span class='ocr_line' id='line_1_118' title="bbox 238 3380 1070 3431; baseline 0.005 -15"><span class='ocrx_word' id='word_1_819' title='bbox 238 3380 517 3419; x_wconf 79' lang='lat' dir='ltr'>Chalcedonensis</span> <span class='ocrx_word' id='word_1_820' title='bbox 538 3383 691 3426; x_wconf 76' lang='lat' dir='ltr'>synodus</span> <span class='ocrx_word' id='word_1_821' title='bbox 715 3383 1070 3431; x_wconf 76' lang='lat' dir='ltr'>pleneeomprobavit.</span> 
     </span>
    </p>
   </div>
   <div class='ocr_carea' id='block_1_16' title="bbox 1182 2682 2084 3480">
    <p class='ocr_par' dir='ltr' id='par_1_18' title="bbox 1182 2682 2084 3320">
     <span class='ocr_line' id='line_1_119' title="bbox 1188 2682 2084 2730; baseline 0.006 -13"><span class='ocrx_word' id='word_1_822' title='bbox 1188 2682 1273 2719; x_wconf 84' lang='lat' dir='ltr'>divit</span> <span class='ocrx_word' id='word_1_823' title='bbox 1284 2683 1372 2716; x_wconf 86' lang='lat' dir='ltr'>idem</span> <span class='ocrx_word' id='word_1_824' title='bbox 1385 2684 1561 2717; x_wconf 87' lang='lat' dir='ltr'>Facundus</span> <span class='ocrx_word' id='word_1_825' title='bbox 1577 2697 1587 2717; x_wconf 74' lang='lat'>.-</span> <span class='ocrx_word' id='word_1_826' title='bbox 1614 2683 1745 2724; x_wconf 83' lang='lat' dir='ltr'>Vcstram</span> <span class='ocrx_word' id='word_1_827' title='bbox 1758 2685 1858 2720; x_wconf 84' lang='lat' dir='ltr'>docere</span> <span class='ocrx_word' id='word_1_828' title='bbox 1874 2691 2003 2730; x_wconf 78' lang='lat' dir='ltr'>cogimur</span> <span class='ocrx_word' id='word_1_829' title='bbox 2016 2690 2084 2722; x_wconf 81' lang='lat' dir='ltr'>Pie-</span> 
     </span>
     <span class='ocr_line' id='line_1_120' title="bbox 1187 2734 2082 2778; baseline 0.006 -12"><span class='ocrx_word' id='word_1_830' title='bbox 1187 2741 1302 2773; x_wconf 76' lang='lat' dir='ltr'>tatem,</span> <span class='ocrx_word' id='word_1_831' title='bbox 1328 2735 1468 2776; x_wconf 76' lang='lat' dir='ltr'>quom‘cim</span> <span class='ocrx_word' id='word_1_832' title='bbox 1484 2736 1663 2776; x_wconf 81' lang='lat' dir='ltr'>Apollinaris</span> <span class='ocrx_word' id='word_1_833' title='bbox 1677 2734 1885 2776; x_wconf 79' lang='lat' dir='ltr'>Haerefiarcbae</span> <span class='ocrx_word' id='word_1_834' title='bbox 1898 2742 2082 2778; x_wconf 81' lang='lat' dir='ltr'>impietatem</span> 
     </span>
     <span class='ocr_line' id='line_1_121' title="bbox 1189 2782 2081 2829; baseline 0.004 -13"><span class='ocrx_word' id='word_1_835' title='bbox 1189 2782 1332 2823; x_wconf 74' lang='lat' dir='ltr'>Eutyches</span> <span class='ocrx_word' id='word_1_836' title='bbox 1355 2784 1510 2823; x_wconf 81' lang='lat' dir='ltr'>Presbyter</span> <span class='ocrx_word' id='word_1_837' title='bbox 1535 2795 1679 2818; x_wconf 84' lang='lat' dir='ltr'>renovare</span> <span class='ocrx_word' id='word_1_838' title='bbox 1695 2793 1871 2826; x_wconf 79' lang='lat' dir='ltr'>pertentat,</span> <span class='ocrx_word' id='word_1_839' title='bbox 1899 2787 2081 2829; x_wconf 75' lang='lat' dir='ltr'>&amp;Apostoli-</span> 
     </span>
     <span class='ocr_line' id='line_1_122' title="bbox 1187 2832 2081 2875; baseline 0.004 -9"><span class='ocrx_word' id='word_1_840' title='bbox 1187 2844 1238 2866; x_wconf 84' lang='lat' dir='ltr'>cas</span> <span class='ocrx_word' id='word_1_841' title='bbox 1271 2832 1454 2875; x_wconf 63' lang='lat' dir='ltr'>labefadare</span> <span class='ocrx_word' id='word_1_842' title='bbox 1490 2835 1642 2868; x_wconf 60' lang='lat' dir='ltr'>dodi-inas</span> <span class='ocrx_word' id='word_1_843' title='bbox 1669 2858 1680 2874; x_wconf 84' lang='lat'>‚</span> <span class='ocrx_word' id='word_1_844' title='bbox 1709 2835 1834 2875; x_wconf 76' lang='lat' dir='ltr'>Mysterii</span> <span class='ocrx_word' id='word_1_845' title='bbox 1860 2839 2081 2871; x_wconf 68' lang='lat' dir='ltr'>Imm-nationis</span> 
     </span>
     <span class='ocr_line' id='line_1_123' title="bbox 1186 2885 2070 2930; baseline 0.006 -15"><span class='ocrx_word' id='word_1_846' title='bbox 1186 2885 1293 2927; x_wconf 79' lang='lat' dir='ltr'>dogma</span> <span class='ocrx_word' id='word_1_847' title='bbox 1302 2892 1491 2926; x_wconf 77' lang='lat' dir='ltr'>corrumpem·</span> <span class='ocrx_word' id='word_1_848' title='bbox 1502 2910 1513 2926; x_wconf 93' lang='lat'><strong><em>,</em></strong></span> <span class='ocrx_word' id='word_1_849' title='bbox 1538 2886 1571 2918; x_wconf 64' lang='grc' dir='ltr'>θ</span> <span class='ocrx_word' id='word_1_850' title='bbox 1583 2889 1786 2919; x_wconf 84' lang='lat' dir='ltr'>Divinitatcm</span> <span class='ocrx_word' id='word_1_851' title='bbox 1797 2891 1946 2930; x_wconf 84' lang='lat' dir='ltr'>Unigeniti</span> <span class='ocrx_word' id='word_1_852' title='bbox 1968 2898 2003 2920; x_wconf 89' lang='lat' dir='ltr'>ac</span> <span class='ocrx_word' id='word_1_853' title='bbox 2014 2886 2070 2920; x_wconf 83' lang='lat' dir='ltr'>bu·</span> 
     </span>
     <span class='ocr_line' id='line_1_124' title="bbox 1187 2938 2073 2976; baseline 0.006 -10"><span class='ocrx_word' id='word_1_854' title='bbox 1187 2938 1361 2967; x_wconf 75' lang='lat' dir='ltr'>manitatem</span> <span class='ocrx_word' id='word_1_855' title='bbox 1381 2946 1492 2968; x_wconf 82' lang='lat' dir='ltr'>vocans</span> <span class='ocrx_word' id='word_1_856' title='bbox 1513 2947 1606 2968; x_wconf 82' lang='lat' dir='ltr'>unam</span> <span class='ocrx_word' id='word_1_857' title='bbox 1628 2944 1768 2967; x_wconf 83' lang='lat' dir='ltr'>naturam</span> <span class='ocrx_word' id='word_1_858' title='bbox 1788 2959 1800 2976; x_wconf 94' lang='lat'><em>,</em></span> <span class='ocrx_word' id='word_1_859' title='bbox 1824 2942 2073 2971; x_wconf 74' lang='lat' dir='ltr'>commixtionem-</span> 
     </span>
     <span class='ocr_line' id='line_1_125' title="bbox 1187 2983 2070 3029; baseline 0.007 -14"><span class='ocrx_word' id='word_1_860' title='bbox 1187 2994 1240 3026; x_wconf 87' lang='lat' dir='ltr'>que</span> <span class='ocrx_word' id='word_1_861' title='bbox 1265 2985 1299 3017; x_wconf 73' lang='lat'><em>&amp;</em></span> <span class='ocrx_word' id='word_1_862' title='bbox 1318 2983 1505 3025; x_wconf 83' lang='lat' dir='ltr'>confufionem</span> <span class='ocrx_word' id='word_1_863' title='bbox 1531 2986 1655 3028; x_wconf 81' lang='lat' dir='ltr'>afferens</span> <span class='ocrx_word' id='word_1_864' title='bbox 1672 2985 1795 3026; x_wconf 66' lang='lat' dir='ltr'>faciam</span> <span class='ocrx_word' id='word_1_865' title='bbox 1817 3008 1827 3024; x_wconf 90' lang='lat'>,</span> <span class='ocrx_word' id='word_1_866' title='bbox 1852 2986 1886 3019; x_wconf 62' lang='grc' dir='ltr'><em>Θ</em></span> <span class='ocrx_word' id='word_1_867' title='bbox 1901 2985 2070 3029; x_wconf 70' lang='lat' dir='ltr'>salutarem</span> 
     </span>
     <span class='ocr_line' id='line_1_126' title="bbox 1182 3033 2072 3078; baseline 0.006 -13"><span class='ocrx_word' id='word_1_868' title='bbox 1182 3034 1335 3076; x_wconf 82' lang='lat' dir='ltr'>paffionem</span> <span class='ocrx_word' id='word_1_869' title='bbox 1344 3033 1399 3075; x_wconf 78' lang='lat' dir='ltr'>ipsi</span> <span class='ocrx_word' id='word_1_870' title='bbox 1404 3035 1632 3069; x_wconf 80' lang='lat' dir='ltr'>incommutabili</span> <span class='ocrx_word' id='word_1_871' title='bbox 1644 3039 1760 3068; x_wconf 83' lang='lat' dir='ltr'>Dcitari</span> <span class='ocrx_word' id='word_1_872' title='bbox 1771 3036 1932 3070; x_wconf 61' lang='lat' dir='ltr'>adimens</span> <span class='ocrx_word' id='word_1_873' title='bbox 1942 3061 1953 3078; x_wconf 93' lang='lat'>‚</span> <span class='ocrx_word' id='word_1_874' title='bbox 1971 3036 2072 3073; x_wconf 57' lang='lat' dir='ltr'>&amp;hos</span> 
     </span>
     <span class='ocr_line' id='line_1_127' title="bbox 1186 3084 2073 3129; baseline 0.006 -13"><span class='ocrx_word' id='word_1_875' title='bbox 1186 3090 1236 3126; x_wconf 84' lang='lat' dir='ltr'>qui</span> <span class='ocrx_word' id='word_1_876' title='bbox 1246 3084 1374 3126; x_wconf 72' lang='lat' dir='ltr'>columne</span> <span class='ocrx_word' id='word_1_877' title='bbox 1385 3090 1523 3118; x_wconf 85' lang='lat' dir='ltr'>veritatis</span> <span class='ocrx_word' id='word_1_878' title='bbox 1539 3109 1550 3125; x_wconf 92' lang='lat'><strong>,</strong></span> <span class='ocrx_word' id='word_1_879' title='bbox 1575 3087 1609 3119; x_wconf 56' lang='grc' dir='ltr'>(θ’</span> <span class='ocrx_word' id='word_1_880' title='bbox 1616 3094 1853 3129; x_wconf 82' lang='lat' dir='ltr'>propugnatores</span> <span class='ocrx_word' id='word_1_881' title='bbox 1868 3092 1995 3128; x_wconf 70' lang='lat' dir='ltr'>pietatis</span> <span class='ocrx_word' id='word_1_882' title='bbox 2000 3087 2073 3129; x_wconf 85' lang='lat' dir='ltr'>fue-</span> 
     </span>
     <span class='ocr_line' id='line_1_128' title="bbox 1186 3134 2068 3177; baseline 0.003 -10"><span class='ocrx_word' id='word_1_883' title='bbox 1186 3144 1279 3175; x_wconf 88' lang='lat' dir='ltr'>runt,</span> <span class='ocrx_word' id='word_1_884' title='bbox 1307 3136 1341 3168; x_wconf 59' lang='grc' dir='ltr'>(θ’</span> <span class='ocrx_word' id='word_1_885' title='bbox 1362 3135 1510 3168; x_wconf 70' lang='lat' dir='ltr'>adversus</span> <span class='ocrx_word' id='word_1_886' title='bbox 1537 3147 1650 3169; x_wconf 88' lang='lat' dir='ltr'>omnem</span> <span class='ocrx_word' id='word_1_887' title='bbox 1673 3134 1803 3177; x_wconf 82' lang='lat' dir='ltr'>baerefim</span> <span class='ocrx_word' id='word_1_888' title='bbox 1822 3138 1900 3171; x_wconf 73' lang='lat' dir='ltr'>clare</span> <span class='ocrx_word' id='word_1_889' title='bbox 1925 3142 2068 3171; x_wconf 81' lang='lat' dir='ltr'>virtutem</span> 
     </span>
     <span class='ocr_line' id='line_1_129' title="bbox 1186 3186 2072 3224; baseline 0 -6"><span class='ocrx_word' id='word_1_890' title='bbox 1186 3193 1397 3224; x_wconf 80' lang='lat' dir='ltr'>exercuerunt,</span> <span class='ocrx_word' id='word_1_891' title='bbox 1424 3186 1583 3218; x_wconf 83' lang='lat' dir='ltr'>Diodorum</span> <span class='ocrx_word' id='word_1_892' title='bbox 1605 3188 1640 3221; x_wconf 75' lang='lat'><em>&amp;</em></span> <span class='ocrx_word' id='word_1_893' title='bbox 1660 3186 1842 3220; x_wconf 75' lang='lat' dir='ltr'>Theodorum</span> <span class='ocrx_word' id='word_1_894' title='bbox 1867 3187 2072 3221; x_wconf 82' lang='lat' dir='ltr'>anathemati-</span> 
     </span>
     <span class='ocr_line' id='line_1_130' title="bbox 1186 3233 2072 3280; baseline 0 -11"><span class='ocrx_word' id='word_1_895' title='bbox 1186 3245 1257 3270; x_wconf 82' lang='lat' dir='ltr'>zare</span> <span class='ocrx_word' id='word_1_896' title='bbox 1269 3233 1446 3278; x_wconf 60' lang='lat' dir='ltr'>praesumit,</span> <span class='ocrx_word' id='word_1_897' title='bbox 1474 3237 1508 3270; x_wconf 64' lang='grc' dir='ltr'><strong><em>Θ</em></strong></span> <span class='ocrx_word' id='word_1_898' title='bbox 1522 3242 1555 3270; x_wconf 85' lang='lat' dir='ltr'>in</span> <span class='ocrx_word' id='word_1_899' title='bbox 1578 3236 1628 3270; x_wconf 83' lang='lat' dir='ltr'>hoc</span> <span class='ocrx_word' id='word_1_900' title='bbox 1651 3238 1830 3279; x_wconf 81' lang='lat' dir='ltr'>Apollinaris</span> <span class='ocrx_word' id='word_1_901' title='bbox 1849 3236 1955 3280; x_wconf 73' lang='lat' dir='ltr'>similis</span> <span class='ocrx_word' id='word_1_902' title='bbox 1984 3242 2072 3272; x_wconf 85' lang='lat' dir='ltr'>vani-</span> 
     </span>
     <span class='ocr_line' id='line_1_131' title="bbox 1187 3291 1786 3320; baseline 0.005 -3"><span class='ocrx_word' id='word_1_903' title='bbox 1187 3291 1247 3319; x_wconf 82' lang='lat' dir='ltr'>tati</span> <span class='ocrx_word' id='word_1_904' title='bbox 1260 3311 1267 3318; x_wconf 93' lang='lat'><strong>.</strong></span> <span class='ocrx_word' id='word_1_905' title='bbox 1768 3304 1786 3320; x_wconf 91' lang='lat'>.-</span> 
     </span>
    </p>

    <p class='ocr_par' dir='ltr' id='par_1_19' title="bbox 1183 3334 2071 3432">
     <span class='ocr_line' id='line_1_132' title="bbox 1235 3334 2071 3373; baseline -0.001 -3"><span class='ocrx_word' id='word_1_906' title='bbox 1235 3334 1408 3370; x_wconf 77' lang='lat' dir='ltr'>Discordia</span> <span class='ocrx_word' id='word_1_907' title='bbox 1433 3334 1562 3370; x_wconf 89' lang='lat' dir='ltr'>videtur</span> <span class='ocrx_word' id='word_1_908' title='bbox 1586 3338 1759 3372; x_wconf 79' lang='lat' dir='ltr'>exordium</span> <span class='ocrx_word' id='word_1_909' title='bbox 1770 3336 1894 3373; x_wconf 74' lang='lat' dir='ltr'>duxisse</span> <span class='ocrx_word' id='word_1_910' title='bbox 1905 3348 1945 3371; x_wconf 83' lang='lat' dir='ltr'>ex</span> <span class='ocrx_word' id='word_1_911' title='bbox 1958 3335 2071 3370; x_wconf 84' lang='lat' dir='ltr'>Theo·</span> 
     </span>
     <span class='ocr_line' id='line_1_133' title="bbox 1183 3385 2070 3432; baseline -0.003 -10"><span class='ocrx_word' id='word_1_912' title='bbox 1183 3386 1300 3422; x_wconf 87' lang='lat' dir='ltr'>doreto</span> <span class='ocrx_word' id='word_1_913' title='bbox 1321 3385 1470 3430; x_wconf 75' lang='lat' dir='ltr'>Cyrenfi‘</span> <span class='ocrx_word' id='word_1_914' title='bbox 1488 3387 1653 3431; x_wconf 83' lang='lat' dir='ltr'>Episcopo</span> <span class='ocrx_word' id='word_1_915' title='bbox 1675 3411 1685 3428; x_wconf 93' lang='lat'>,</span> <span class='ocrx_word' id='word_1_916' title='bbox 1713 3390 1771 3432; x_wconf 80' lang='lat' dir='ltr'>qui</span> <span class='ocrx_word' id='word_1_917' title='bbox 1798 3386 1986 3423; x_wconf 60' lang='lat' dir='ltr'>Antiochia</span> <span class='ocrx_word' id='word_1_918' title='bbox 2010 3385 2070 3419; x_wconf 86' lang='lat' dir='ltr'>sub</span> 
     </span>
    </p>

    <p class='ocr_par' dir='ltr' id='par_1_20' title="bbox 1895 3437 2021 3480">
     <span class='ocr_line' id='line_1_134' title="bbox 1895 3437 2021 3480; baseline -0.008 -10"><span class='ocrx_word' id='word_1_919' title='bbox 1895 3437 2021 3480; x_wconf 84' lang='lat' dir='ltr'>Joanne</span> 
     </span>
    </p>
   </div>
  </div>
 </body>
</html>
