2326 3718
701 190 986 237 Romams
1022 172 1612 232 Appeninomius.

241 277 402 316 thenticus
411 272 552 323 Scriptor
565 272 698 312 istorum
708 275 859 310 meminit
874 300 880 307 .
899 272 1029 309 Deinde
1042 271 1110 316 quis

238 328 346 363 credat
367 339 418 363 tot
444 330 478 362 ἀ
489 338 599 363 tantos
619 327 709 362 istius
721 325 966 371 Agrippinensis
986 321 1113 365 Synodi

238 378 417 422 Episcopos
429 379 512 413 circa
524 377 722 422 Euphratam
736 376 828 411 fuisse
839 373 1113 414 circumscriptos,

238 429 377 472 ideoque
390 429 494 473 ipsum
508 428 692 473 provocasse
703 426 743 460 ad
751 427 866 460 Sedem
876 427 904 460 A
909 423 1113 469 postoficam,
1135 452 1138 453 γ

237 476 330 512 fuisse
351 480 535 513 exsolutum
555 478 749 521 &perperam
763 476 882 519 injectis
893 473 1052 512 vinculis,
1079 473 1112 505 δε

236 538 415 571 reparatum
429 529 445 560 ,ἓ
469 527 642 562 Praesertim
654 528 730 571 quia
744 526 919 570 Synodalia
933 525 1011 557 Asta
1032 522 1113 555 affir-

237 587 331 612 mant
341 578 434 613 fuisse
444 577 618 620 relapsum.
646 577 832 625 Qomodo
857 574 937 611 tanti
960 573 1020 606 viri
1031 569 1114 604 adeo

236 627 444 663 deviassent?
480 627 632 662 Praeterea
656 627 829 672 gratiosam
854 636 892 658 ac
917 621 1115 667 dispensato-

236 677 318 712 riam
327 678 420 721 lapsi,
448 689 486 711 ac
497 678 667 720 praesertim
681 677 789 721 relapsi
812 677 847 709 in
862 674 1002 709 haerefim
1031 671 1114 714 Epi-

237 728 324 771 scopi
346 727 582 771 reparationem
606 726 734 771 penitus
753 723 925 770 ignorabat
944 721 1115 765 disciplina

235 777 371 811 istorum
381 787 563 821 temporum
575 803 582 809 .
611 778 655 811 Et
664 773 833 820 quomodo
846 785 902 819 per
911 773 1048 819 gratiam
1070 782 1117 804 re·

236 837 386 870 paratuS‚
413 827 551 870 ideoque
561 827 726 860 delistisui
750 825 900 870 stigmata
912 823 1117 864 adhucpor-

235 887 311 912 tans
323 878 504 921 Episcopus
530 877 635 910 fuisset
646 888 701 919 per
711 875 929 909 Sardicensem
945 872 1115 916 Synodum

236 927 419 961 honoratus
430 937 495 961 tam
507 926 647 968 gloriosa
658 925 842 968 Legatione
854 948 864 964 ‚
891 925 925 957 δε
949 922 1117 965 adjunctus

236 986 335 1020 atque
353 985 493 1017 aequatus
513 984 635 1018 magno
658 973 892 1017 Captianorum
911 970 1117 1006 Vincentio?

233 1024 417 1071 Qomodo
430 1022 627 1064 Eusebiani,
653 1025 708 1067 qui
721 1034 812 1058 tanta
833 1023 1015 1058 clamarunt
1035 1032 1119 1055 con-

234 1084 284 1108 tra
295 1073 491 1107 Marcellum
504 1097 514 1114 ‚
542 1084 609 1107 non
623 1073 713 1117 plura
724 1074 911 1108 clamassent
923 1083 1035 1107 contra
1057 1071 1119 1104 Eu-

233 1122 413 1167 phratam?
438 1123 620 1170 Qomodo
642 1136 710 1158 non
732 1123 920 1158 clamassent
939 1125 1002 1156 esse
1018 1122 1116 1164 relap-

233 1175 306 1208 sum
322 1174 542 1214 Haereticum,
569 1173 618 1208 bis
630 1173 843 1215 damnatum,
869 1174 911 1207 ab
930 1173 998 1216 ipso
1019 1172 1120 1205 etiarn

236 1222 420 1258 Athanasio
433 1222 638 1271 iQomodo
650 1223 715 1258 haec
727 1224 839 1259 omnia
851 1225 906 1267 ipsi
918 1224 1015 1257 etiam
1031 1220 1118 1265 Julio

237 1274 605 1318 nonimproperassent?
631 1275 674 1308 Et
685 1274 771 1309 certe
794 1275 930 1309 Sanetus
951 1272 1120 1307 Severinus

236 1321 366 1358 ‘videtur
385 1322 558 1367 Euphratae
579 1323 659 1358 tunc
671 1336 741 1359 non
762 1325 957 1358 succeffiffe.
986 1323 1118 1356 Etenim

235 1371 293 1407 hic
302 1372 468 1408 Sardicam
480 1375 639 1418 profectus
651 1374 717 1416 est,
745 1374 862 1408 &istic
883 1372 1039 1408 omnibus
1058 1371 1119 1405 ful-

236 1423 276 1457 fit
296 1424 332 1457 in
361 1422 546 1467 Episcopali
558 1424 681 1470 gloria.
710 1424 794 1472 Qae
817 1425 930 1458 omnia
954 1421 1123 1457 fortissime

236 1473 376 1509 suadent
395 1474 455 1508 ista
467 1473 715 1519 Agrippinensia
741 1476 827 1509 Asta
844 1474 907 1509 effe
933 1473 1062 1507 infirma
1089 1472 1123 1506 ἀ

240 1523 381 1556 caduca.
408 1524 465 1556 Est
486 1525 635 1557 intricata
661 1523 794 1565 quaestio
812 1546 819 1552 .
847 1525 892 1553 Et
914 1523 984 1561 ejus
1004 1522 1123 1554 decisio

239 1581 311 1605 non
322 1571 369 1605 est
380 1571 551 1605 necessaria
574 1571 615 1605 ad
637 1571 784 1605 nostrum
796 1568 1003 1612 Propositum
1016 1593 1023 1600 .

286 1616 475 1650 Paschasius
510 1618 706 1661 QesneUus
731 1618 838 1659 pergit
870 1616 910 1648 ad
945 1615 1123 1649 secundum

237 1664 445 1709 exemplum:
473 1666 518 1698 Ab
530 1663 695 1706 Arelatensi
713 1666 839 1706 synodo,
869 1676 938 1707 quae
961 1665 1124 1697 Paulinum

238 1720 433 1750 Treverorum
458 1714 638 1758 Episcopum
656 1714 840 1748 catholicum
859 1714 974 1756 ,injuste
994 1712 1125 1756 deposuit

239 1778 320 1800 anno
336 1765 525 1807 trecentesimo
543 1764 776 1809 quinquagefimo
785 1770 872 1799 tertio
886 1789 897 1805 ‚
922 1766 943 1797 a*
965 1762 1130 1805 Biterrensi

239 1821 314 1850 anni
331 1814 767 1859 trecentefimi.qu1nquages1‘m³
785 1814 888 1859 fimi,
914 1815 993 1848 unde
1021 1817 1124 1847 Satur-

236 1871 305 1900 nini
342 1865 517 1908 Arelatensis
555 1874 643 1908 opera
679 1865 807 1898 sunaus
843 1866 977 1903 Hilarius
1005 1870 1038 1898 in
1064 1868 1125 1898 exi-

239 1918 313 1950 lium
329 1914 432 1960 puUus
467 1916 505 1956 est
531 1940 542 1956 ‚
576 1918 610 1951 (5
633 1917 653 1947 a
675 1914 831 1957 Parisr‘enfi
847 1920 921 1949 anni
937 1913 1125 1956 trecentefimi

236 1965 408 2010 sexagesimi
423 1964 546 2009 secund!
559 1990 570 2005 ,
596 1977 664 2009 quae
674 1965 769 2009 ipsum
781 1968 978 2001 Saturninum
998 1967 1126 1998 damna-

239 2022 291 2050 vit
304 2040 315 2056 ,
340 2017 520 2059 appellatum
531 2016 583 2058 effe
594 2027 652 2048 non
667 2024 794 2058 apparet
807 2040 818 2056 ‚
843 2017 909 2050 licet
920 2015 1029 2054 iniusta
1050 2018 1127 2048 Pau·

240 2066 296 2099 lini
307 2093 310 2096 .
321 2068 355 2100 Θ
368 2067 478 2100 Hilaris
489 2068 644 2100 damnatio
656 2073 772 2109 umque
789 2068 834 2099 ad
839 2070 1003 2099 Romanum
1024 2068 1128 2099 Ponti·

238 2115 322 2156 ficem
331 2116 516 2160 confugiendi
522 2119 579 2157 jus
586 2116 733 2158 peculiare
745 2115 881 2149 tribuerit
893 2141 900 2149 .
928 2114 1127 2159 Respondoo

241 2165 331 2199 hanc
350 2165 495 2200 fabulam
508 2164 564 2198 sibi
587 2165 645 2208 ipsi
660 2177 726 2199 non
737 2163 912 2200 cohaerere.
942 2166 1076 2200 Etenim
1102 2165 1125 2198 si

240 2213 402 2248 Paulinus
413 2216 447 2248 δε
458 2215 607 2248 Hilarius
619 2214 792 2249 habuerint
803 2215 963 2259 peculiare
973 2214 1022 2258 jus
1036 2217 1126 2249 suam

239 2263 394 2307 injustam
416 2263 664 2299 damnationem
685 2264 866 2305 referendi,
890 2277 929 2299 ac
956 2266 1037 2299 item
1057 2276 1126 2308 pro·

239 2324 312 2357 pter
327 2314 426 2358 ipsam
448 2315 662 2359 confugiendi
675 2314 716 2349 ad
728 2314 957 2358 Apostolicam
985 2314 1101 2349 Sedem
1114 2339 1125 2355 ‚

240 2364 382 2397 omnino
394 2375 568 2408 potuerunt
578 2365 678 2399 etiam
694 2365 856 2409 appellare
867 2391 874 2398 .
902 2365 964 2400 Ista
975 2365 1065 2399 enirn
1080 2376 1128 2398 re-

241 2413 324 2446 latio
348 2415 381 2447 δι’.
404 2415 488 2448 istud
511 2415 672 2459 refugium
693 2416 762 2449 fieri
786 2428 854 2450 non
866 2423 1038 2458 poterant,
1065 2414 1126 2448 nisi

240 2462 282 2496 ad
295 2462 444 2506 iniquum
457 2464 615 2505 judicium
624 2463 934 2499 circumducendum
946 2490 957 2506 ‚
984 2466 1018 2499 ὅ(
1037 2476 1126 2499 recu—

239 2513 419 2556 perandum
443 2514 694 2556 Episcopatum:
721 2515 804 2563 Qae
826 2515 905 2556 quid
933 2517 1006 2549 sunt
1017 2514 1126 2555 aliud,

239 2562 340 2607 quam
353 2563 505 2598 Romana
527 2564 701 2606 appellatio
714 2564 731 2594 ,ι’

288 2612 435 2658 Qaestio
446 2613 511 2647 est.
539 2613 649 2659 Qare
671 2625 739 2648 non
761 2614 1019 2657 appellaverint?
1045 2615 1126 2663 Qi-

240 2661 316 2696 dam
326 2663 521 2705 respondent
534 2664 618 2707 ipsos
631 2664 722 2697 fuisse
735 2676 802 2698 non
814 2665 983 2699 dumtaxat
994 2664 1127 2700 damna-

239 2723 294 2747 tos
306 2711 346 2746 ab
357 2712 425 2746 istis
436 2713 579 2755 Synodis
591 2739 602 2754 ,
629 2712 680 2747 sed
708 2714 834 2757 insuper
844 2715 862 2748 ὲ
875 2715 1026 2758 Principe
1048 2716 1126 2749 rele-

239 2771 352 2807 gatos.
379 2764 433 2797 De
445 2762 577 2797 Paulini
589 2764 789 2809 relegatione
810 2765 919 2799 scribit
929 2766 969 2800 ad
990 2767 1126 2808 Impera-

238 2823 346 2847 torem
357 2812 592 2848 Constantium
617 2815 751 2848 Sanctus
763 2814 911 2848 Hilarius
923 2829 935 2849 .·
962 2817 1123 2848 Paulinum

238 2861 475 2905 beataepaffionts
489 2869 589 2897 virum
603 2889 613 2904 ‚
643 2865 846 2898 blandimento
861 2863 1058 2907 sollicitatum
1081 2877 1124 2899 re-

239 2912 338 2956 legasti
349 2937 359 2953 ‚
385 2913 727 2957 &Ecclefiamsanc‘lam
739 2917 933 2948 Treverorum
953 2918 1009 2948 tali
1023 2918 1121 2949 sacer-

242 2962 441 3005 dotespollasti
451 2989 458 2996 .
487 2963 588 3007 Ipsum
599 2963 687 3007 usque
696 2964 741 2998 bd
757 2972 878 2998 mortem
893 2965 1050 3004 demutasti
1062 2971 1123 2999 exi-

242 3011 312 3049 liis,
337 3013 515 3058 &fatigasti
526 3040 533 3047 .
561 3019 666 3048 Extra
677 3014 878 3054 christianum
898 3027 1009 3058 quoque
1020 3027 1123 3049 nomen

243 3060 387 3102 relegasti:
417 3069 467 3097 Ne
474 3073 587 3106 panem
612 3075 666 3099 aut
677 3067 714 3098 de
726 3065 825 3099 horreo
833 3075 883 3099 tuo
889 3064 1020 3108 sumeret
1030 3090 1042 3106 ‚
1068 3075 1122 3099 aut

243 3109 282 3141 de
293 3113 425 3146 Montani
446 3116 683 3158 Maximillaeque
695 3126 782 3149 antro
798 3115 996 3157 profhnatum
1018 3114 1121 3158 exspe-

242 3157 336 3215 Hafet
348 3184 355 3190 -
382 3159 464 3196 Eum
479 3164 691 3200 Constantius
700 3166 857 3210 relegavit
869 3166 904 3200 in
918 3165 1118 3211 Phrygiam:

242 3207 390 3265 Etistic3
415 3212 481 3253 quo
492 3213 645 3250 haereticis
656 3218 900 3250 communicare
912 3217 1123 3260 compellere·

242 3266 296 3291 tur
317 3282 328 3298 ‚
354 3262 596 3305 circumscripsit
616 3267 700 3299 intra
731 3267 878 3300 civitates
904 3266 1119 3301 Montanista-

241 3319 334 3341 rum.
362 3308 492 3342 Deinde
502 3322 613 3346 eorum
624 3317 790 3350 damnatio
817 3328 853 3350 ac
866 3317 1022 3361 relegatio
1043 3317 1117 3350 inci-

242 3356 326 3391 dunt
346 3358 379 3391 in
392 3370 518 3399 annos,
543 3360 823 3409 quibus-deportati
847 3365 1116 3401 LiberiiPontifi-

242 3406 288 3441 eis
311 3406 505 3443 Cathedram
528 3410 644 3444 insedit
665 3412 801 3449 intrusus
813 3416 928 3455 Felix,
951 3418 1005 3450 cui
1019 3427 1117 3450 nemo

244 3455 435 3492 catholicus
447 3470 568 3502 poterat
582 3463 838 3499 communicare.
869 3465 971 3500 Hisce
991 3466 1031 3500 de
1042 3477 1114 3501 cau-

345 3507 452 3548 Cbmst.
465 3512 543 3552 Lupi
554 3515 653 3553 Opera
663 3515 696 3546 T.
709 3515 792 3546 VIII.

1926 194 1945 211 ⁹
1956 197 1986 232 9

1178 271 1218 303 sis
1230 269 1331 311 aliqui
1343 268 1474 303 censent
1485 275 1636 300 neutrum
1648 263 1689 298 ab
1709 264 1829 310 iniquis
1839 264 2057 301 damnationi-

1177 320 1236 354 bus
1258 321 1446 363 provocasse
1468 342 1476 349 .
1507 315 1635 350 Verum
1656 312 1720 347 haec
1742 326 1809 348 non
1835 315 2055 351 concludunt.

1175 371 1243 403 lstae
1254 369 1341 403 enim
1353 370 1450 403 causae
1461 366 1619 410 impedire
1629 374 1802 408 potuerunt
1829 365 2057 407 appellationis

1177 420 1435 463 prosecutionem
1450 443 1461 459 ‚
1473 429 1540 451 non
1552 417 1653 459 ipsam
1664 414 1915 458 appellationem
1926 440 1934 447 .
1963 415 2056 448 Hinc

1177 471 1321 505 Romam
1334 470 1537 514 appellarunt
1548 468 1648 501 etiam
1661 465 1793 499 Sanetus
1805 463 1944 506 Joannes
1951 464 2060 508 Chry·

1176 521 1334 555 sostomus
1345 545 1355 561 ‚
1383 520 1450 563 ejus
1462 516 1627 552 Successor
1639 516 1772 549 Sanctus
1782 514 1956 547 Flavianus
1967 535 1978 550 ,
1996 514 2059 547 Eu·

1177 572 1281 605 sebius
1301 570 1449 613 Dorylaei
1462 594 1472 610 ,
1502 567 1737 602 Theodoretus
1755 563 1835 607 Cyri
1859 563 2059 606 Episcopus,

1177 621 1295 663 aliique
1307 621 1411 664 plnres
1420 646 1430 662 ,
1456 630 1538 662 quos
1551 617 1662 661 Regiae
1674 613 1881 660 relegationis
1902 611 2060 646 violentia

1179 671 1347 714 impedivit
1368 671 1386 703 a
1409 672 1566 705 Romano
1583 668 1705 703 accessu
1728 690 1740 707 ‚
1764 665 1797 699 &
1820 661 2061 708 provocationis

1179 721 1402 764 prosecutione
1416 745 1423 752 .

1228 770 1370 804 Proinde
1379 770 1558 812 respondeo
1573 771 1727 804 Sanfium
1740 767 1918 801 Paulinum
1933 789 1943 805 ‚
1969 765 2065 798 item·

1179 831 1242 862 que
1254 819 1404 854 Sanctum
1416 821 1585 854 Hilarium
1598 845 1607 860 ‚
1635 820 1674 852 de
1684 818 1774 852 hisce
1800 818 1864 851 suis
1881 814 2063 850 damnatio-

1180 870 1274 904 nibus
1296 871 1450 905 censuisse
1475 871 1559 904 istud
1583 869 1685 914 ipsum
1699 893 1709 908 ‚
1735 867 1826 911 quod
1850 867 1891 900 de
1906 873 2063 900 attentata

1179 922 1211 954 in
1226 922 1376 954 Sanctum
1390 921 1555 963 Cyrillum
1568 931 1623 963 per
1634 919 1768 963 Joannis
1779 914 1985 951 Antiocheni
2005 916 2064 949 Fa-

1178 971 1320 1003 &ionem
1332 971 1544 1005 damnatione
1554 971 1681 1004 censuit
1695 969 1729 1002 in
1754 967 1917 1011 Ephesino
1940 965 2066 999 Conci-

1180 1019 1225 1052 lio
1240 1018 1382 1052 Aeacius
1393 1019 1612 1054 Melitinenfis
1625 1020 1824 1063 Episcopus,
1846 1013 1992 1051 secundae
2004 1013 2067 1047 Ar·
2083 1023 2147 1055 Ast.
2169 1026 2198 1058 4:

1181 1069 1296 1102 meniae
1307 1067 1523 1111 Metropolita
1537 1080 1547 1099 :
1574 1072 1656 1100 Fieri·
1671 1067 1845 1110 nonpotest‚
1871 1075 1905 1100 ut
1927 1065 1959 1098 bi
1982 1066 2065 1107 qula

1183 1118 1292 1153 sanila
1316 1119 1424 1156 synodo
1449 1115 1658 1159 desciverunt,
1685 1118 1718 1148 (τ
1735 1128 1844 1156 pravae
1856 1119 2066 1159 opinioniNe-

1182 1169 1260 1210 florii
1269 1167 1303 1211 se
1315 1168 1541 1208 adjunxerunt,
1568 1167 1734 1209 quidquam
1753 1173 1854 1198 contra
1872 1167 2064 1199 OEcumenicae

1184 1219 1275 1260 hujus
1289 1219 1391 1257 synod}
1403 1217 1549 1259 Praeſsdes
1573 1217 1707 1249 audeant
1727 1215 1852 1257 efficere,
1878 1223 1941 1245 cum
1954 1215 2068 1247 nullam

1183 1271 1299 1302 omnino
1309 1267 1440 1302 habeant
1452 1266 1663 1301 authoritatem
1674 1291 1682 1298 .
1711 1265 1810 1299 Dixit
1828 1263 1922 1297 istam
1941 1264 2067 1297 senten-

1184 1320 1264 1353 tiam
1278 1319 1371 1353 fuisse
1380 1329 1451 1353 ¹non
1464 1317 1658 1362 Episcopale
1671 1315 1830 1360 judicium
1843 1339 1854 1355 ‚
1880 1313 1933 1347 sed
1949 1311 2069 1347 hostile

1185 1369 1368 1404 convitium
1379 1391 1389 1407 ‚
1416 1368 1554 1412 ideoque
1565 1367 1657 1402 nulla
1668 1377 1749 1410 opus
1763 1366 1855 1399 fuiffe
1873 1363 2068 1407 appellatio-

1186 1432 1226 1454 ne
1248 1420 1299 1453 vel
1312 1418 1537 1454 absolutione.
1565 1418 1610 1452 Et
1627 1416 1713 1451 hanc
1724 1415 1840 1450 Aeacii
1861 1413 2069 1449 assertionem

1185 1469 1394 1504 confirmavit
1419 1470 1456 1503 in
1465 1468 1626 1503 relatione
1641 1467 1683 1502 ad
1694 1468 1848 1503 sanctum
1861 1464 2069 1499 Celestinum

1185 1520 1384 1554 Pontificem
1407 1518 1501 1564 plena
1525 1517 1687 1562 Ephesina
1720 1515 1873 1561 synodus
1891 1540 1902 1556 ‚
1929 1513 2071 1549 scribens

1187 1569 1280 1601 istam
1307 1571 1504 1603 sententiam
1526 1569 1619 1603 fuisse
1633 1580 1700 1602 non
1713 1568 1887 1602 dumtaxat
1902 1566 2048 1608 iniquam
2060 1586 2072 1602 ,

1186 1618 1220 1649 ὃς
1243 1616 1709 1659 ὲζζειηοῐιίδιιςάὶΐεῐεριηιετη
1724 1640 1736 1655 ,
1762 1616 1815 1649 sed
1828 1617 1959 1657 insuper
1979 1615 2071 1647 Con·

1186 1664 1354 1697 tumeliam
1366 1686 1377 1702 ‚
1396 1665 1512 1704 utpote
1535 1673 1728 1696 attentatam
1749 1665 1831 1697 citra
1853 1663 2003 1706 quamvis
2014 1673 2074 1706 po·

1187 1713 1332 1746 testatem
1345 1736 1352 1743 .
1381 1711 1472 1745 Idem
1486 1709 1528 1744 de
1544 1720 1701 1745 attentata
1714 1722 1770 1754 per
1791 1710 1967 1743 Nicaenum
1989 1712 2072 1745 Dio-

1186 1763 1268 1803 scori
1290 1760 1485 1795 Patriarchae
1498 1760 1718 1796 Alexandrini
1739 1760 2022 1794 Conventiculum
2035 1760 2071 1793 in

1187 1812 1351 1857 Magnum
1363 1811 1485 1855 Papam
1499 1812 1649 1846 Leonem
1663 1811 2071 1853 excommunicationeju-

1186 1862 1309 1897 dicavit
1319 1863 1354 1896 in
1368 1862 1526 1896 relatione
1539 1861 1579 1896 ad
1592 1861 1866 1898 Valentinianum
1877 1872 1915 1894 ac
1935 1860 2073 1894 Martia-

1188 1923 1267 1947 num
1280 1911 1491 1956 Imperatores
1502 1912 1649 1946 universa
1665 1910 1943 1946 Chalcedonensis
1964 1911 2071 1953 Syno-

1187 1963 1263 1997 dus:
1292 1959 1444 2006 Dioscorus
1452 1961 1545 2006 super
1556 1963 1637 1995 alias
1660 1960 1734 2005 suas
1756 1966 1907 2004 nequitias
1917 1961 2069 1994 adversus

1187 2012 1284 2056 ipsam
1294 2013 1482 2055 apostolicam
1494 2013 1596 2047 Sedcm
1607 2014 1736 2046 latravit
1749 2037 1759 2052 ,
1787 2014 1821 2046 Θ
1839 2016 2072 2045 excommunica-

1187 2069 1275 2096 tionis
1299 2064 1417 2097 litteras
1426 2065 1575 2097 adversus
1587 2063 1795 2102 SanHiffimum
1807 2065 1927 2105 Papam
1942 2066 2070 2096 Leonem

1180 2113 1285 2155 facere
1294 2123 1415 2148 conatus
1427 2114 1482 2155 est.
1512 2113 1912 2157 Hujusmod-'rSyaodales
1932 2112 2070 2147 Haereri-

1187 2175 1302 2199 corum
1324 2165 1359 2198 in
1382 2162 1600 2198 orthodoxos
1622 2165 1756 2199 latratus
1787 2165 1863 2198 sunt
1894 2162 2083 2207 manifesta¹

1187 2214 1333 2248 convitia
1347 2214 1381 2248 ὃς
1394 2214 1583 2252 Attentata‚
1614 2214 1755 2257 ideoque
1778 2214 1867 2248 nulla
1878 2213 2069 2257 appellatio-

1186 2275 1228 2297 ne
1251 2263 1403 2309 indigent
1426 2289 1437 2305 ,
1463 2264 1553 2298 nulla
1573 2262 1853 2298 circumdufflone
1872 2289 1879 2295 .
1907 2263 1991 2297 Sunt
2019 2264 2068 2297 in-

1186 2323 1321 2348 cruenta
1332 2314 1510 2357 persecutio
1522 2338 1533 2354 ,
1547 2314 1755 2348 incruentum
1767 2312 1961 2356 martyrium
1972 2339 1979 2346 .
2008 2313 2070 2347 Di-

1187 2364 1266 2398 serte
1277 2362 1340 2398 hoc
1352 2364 1463 2398 scribit
1475 2364 1541 2407 ipse
1554 2363 1706 2398 Hilarius
1716 2364 1752 2397 in
1766 2363 1880 2398 libello
1895 2363 1937 2398 ad
1958 2363 2065 2407 Impe-

1186 2424 1326 2449 ratorem
1339 2414 1572 2449 Constantium
1585 2439 1595 2456 ,
1622 2425 1719 2458 quem
1730 2414 1786 2457 ipfi
1798 2412 1883 2458 apud
1905 2413 2070 2448 Constan-

1187 2465 1364 2507 tinopolim
1377 2464 1510 2499 tradidit
1523 2465 1557 2498 in
1572 2465 1717 2508 proprias
1739 2476 1874 2498 manus:
1902 2463 2067 2508 Episcopus

1186 2525 1235 2557 ego
1253 2513 1323 2556 sum
1348 2519 1379 2546 in
1400 2518 1529 2546 omnium
1555 2515 1737 2546 Gallicarum
1757 2513 1952 2554 Ecclqst'arum
1976 2522 2067 2556 atque

1186 2562 1396 2606 Episcoporum
1417 2569 1613 2596 communione
1634 2588 1645 2604 ,
1664 2563 1730 2596 licet
1753 2569 1785 2595 in
1808 2565 1895 2596 exilio
1910 2589 1921 2604 ‚
1945 2573 2068 2606 permuv

1187 2625 1261 2647 nens
1275 2637 1286 2654 ,
1312 2615 1346 2647 (θ’
1364 2612 1497 2654 Ecclesiae
1522 2612 1621 2646 adbuc
1628 2621 1683 2655 per
1696 2614 1882 2650 Presbytero:
1907 2625 1983 2647 meos
1995 2625 2067 2647 com-

1187 2669 1354 2697 munionem
1366 2663 1563 2703 distribuens.
1591 2665 1692 2696 Exulo
1702 2672 1822 2702 autem,
1848 2674 1905 2696 non
1924 2670 2068 2704 crimine,

1180 2712 1240 2756 sed
1260 2713 1409 2756 fafflone.
1439 2713 1539 2757 Apud
1561 2713 1785 2748 adversantem
1808 2713 1865 2748 fibi
1877 2713 2065 2758 Principem

1186 2762 1366 2808 intrepidus
1388 2763 1551 2798 adseverat
1573 2765 1602 2797 se
1624 2766 1687 2799 effe
1701 2788 1711 2804 ,
1739 2776 1808 2798 non
1829 2764 2065 2808 degradatum,

1185 2814 1237 2848 sed
1262 2815 1415 2849 exulem:
1443 2814 1487 2848 Et
1508 2813 1642 2858 quidem
1665 2826 1735 2848 non
1761 2815 1917 2856 crimine,
1943 2816 1996 2849 sed
2017 2816 2064 2849 fa·

1184 2865 1312 2898 stione.
1341 2865 1381 2898 Se
1405 2862 1514 2898 adhuc
1540 2864 1601 2897 effe
1624 2864 1756 2907 plenum
1779 2865 1999 2909 Episcopum,
2029 2866 2064 2898 &2

1183 2915 1282 2948 talem
1307 2915 1438 2959 agnosci
1464 2913 1505 2948 ab
1530 2914 1759 2948 omniaGallia
1776 2927 1787 2947 .·
1816 2914 1947 2957 Utpote
1959 2915 2062 2958 quiin

1182 2965 1334 2998 omniurn
1356 2964 1426 2998 istic
1449 2964 1683 3008 Episcoporum
1710 2975 1747 2997 ac
1759 2964 1959 3007 Populorum
1972 2976 2061 2999 com·

1182 3015 1342 3048 munione
1355 3025 1540 3058 permaneat
1552 3040 1562 3054 ‚
1588 3015 1802 3055 eamdemque
1812 3025 1867 3057 per
1877 3015 1951 3048 suos
1964 3014 2062 3048 Vica-

1180 3066 1244 3098 rios
1259 3064 1470 3108 presbyteros
1492 3065 1591 3108 pleno
1604 3064 1673 3105 jure
1684 3063 1854 3098 distribuat
1866 3062 2060 3099 pictaviensi

1182 3115 1344 3148 Ecciefiae.
1373 3115 1545 3148 Gallicana
1557 3114 1697 3147 Ecclesia
1713 3123 1808 3148 norat
1831 3114 1977 3154 avitam,
2006 3125 2060 3159 po·

1179 3165 1243 3198 stea
1254 3165 1271 3197 a
1284 3164 1419 3208 Pelagio
1430 3166 1536 3207 primo
1546 3162 1709 3198 Pontifice
1720 3164 1754 3197 in
1767 3164 1881 3199 litteris
1893 3164 1932 3200 ad
1942 3165 1977 3199 N
1980 3166 2061 3199 arse·
2081 3181 2197 3222 Hpq-13·

1180 3226 1246 3249 tem
1269 3215 1447 3249 Patricium
1469 3213 1633 3248 laudatam
1657 3225 1695 3248 ac
1716 3216 1919 3258 expositam,
1947 3216 2060 3261 Regu-

1179 3265 1241 3299 lam
1255 3289 1266 3305 ,
1292 3277 1360 3309 quae
1381 3275 1434 3308 per
1455 3264 1530 3298 talia
1545 3263 1765 3299 haerericarum
1778 3276 1834 3300 aut
1844 3263 2064 3301 schismatica-

1179 3327 1247 3349 rum
1261 3313 1472 3359 Synodorum
1486 3314 1631 3348 facinora
1641 3316 1778 3356 affirmat
1790 3316 1953 3350 nerninem
1971 3317 1990 3350 a
2004 3317 2058 3350 Sa-

1177 3365 1344 3399 cerdorum
1371 3364 1547 3409 Collegio,
1573 3374 1629 3399 aut
1649 3364 1907 3400 Christianitatis
1928 3367 2058 3401 consor-

1177 3417 1224 3449 tio
1237 3416 1368 3459 separari
1384 3439 1393 3455 ,
1419 3413 1471 3448 sed
1482 3414 1631 3459 elongari
1644 3414 1661 3448 a
1673 3416 1802 3458 polluto
1826 3416 1969 3460 ipsorum
1979 3426 2056 3448 con-

1176 3468 1266 3510 tagio
1279 3490 1286 3498 .
1314 3465 1470 3504 Eamdem
1486 3465 1613 3505 secut-us
1624 3465 1687 3499 fuit
1697 3466 1858 3510 gloriosus
1879 3466 2058 3499 Treveren·

1621 3514 1653 3549 C
1703 3526 1722 3564 3
1925 3515 2005 3550 sium
