2326 3718
814 131 1049 189 RERUM,
1087 146 1148 176 ET
1183 132 1545 179 Veknoituii.

251 214 409 259 Lapicini
430 208 583 256 Episcopi
607 211 784 257 appellatio
807 213 848 248 ad
870 214 1023 249 Sanstum
1047 213 1129 248 Leo-

302 273 398 299 nem·
1003 263 1084 310 246.
1098 273 1129 298 2..

250 314 359 359 Lybia
380 310 578 355 quandoque
600 311 759 356 accipitur
769 324 828 356 pro
843 313 953 350 Africa
967 339 975 347 .
1005 315 1083 361 146-
1101 326 1127 350 1

300 362 433 407 Proprie
445 372 555 397 tamen
565 362 607 398 ab
618 375 655 398 ea
667 362 878 409 distinguitur
891 390 898 397 .
1053 364 1130 397 ibid

644 429 653 445 ί

365 610 542 647 Acedoniae
562 611 718 656 synodus
742 614 778 648 in
800 616 896 650 causa
918 614 1047 649 Bubalii
1065 638 1077 655 ,
1101 615 1134 648 ὅ(

390 661 575 697 Tauriani.
1026 676 1101 703 122-
1115 677 1134 696 ι

249 711 443 750 Macrobius
455 737 466 753 ,
492 713 616 756 aliique
638 713 786 748 Romani
797 715 1047 750 Donatistarum
1062 715 1137 757 Epi-

299 764 416 808 scopi,
443 773 615 807 nunquam
634 763 785 798 sederunt
808 766 842 800 in
856 765 963 800 saneti
974 765 1063 799 Petri
1076 765 1132 798 Ca·

297 812 432 855 thedra‚
467 824 528 847 nec
549 813 652 857 ipsam
672 825 818 858 unquam
845 815 1135 859 permiffivfuerunt

298 864 431 899 videre.-
456 864 732 898 nec'Sanstorum
746 864 938 909 Principum
959 864 1136 908 Apostolo-

297 925 371 949 rum
388 912 554 948 memoriis
566 915 833 954 communicare,
860 926 921 950 nec
945 916 986 949 ad
999 915 1133 959 ipsasof·

300 967 401 1003 ferre,
427 962 497 997 imo
509 974 568 998 nec
581 964 727 1008 ingredi.
1021 964 1135 1000 162.'2.

250 1014 552 1060 Magdeburgenses
574 1013 671 1056 primi
693 1014 890 1059 evulgarunt
904 1014 1046 1049 divalem
1057 1024 1138 1046 con-

296 1064 502 1098 stitutionem
515 1063 664 1097 Honorii
674 1073 790 1098 contra
800 1064 981 1098 Celestium
999 1064 1034 1097 &
1047 1062 1136 1096 Pela-

295 1114 404 1157 gium.
1007 1112 1088 1160 276.
1107 1124 1133 1147 1.

244 1162 433 1205 Majorinus
453 1160 471 1193 a
483 1160 669 1195 Donatistis
683 1172 800 1197 contra
812 1162 1020 1197 Cecilianum
1044 1163 1135 1197 scele-

297 1211 364 1247 rate
376 1211 547 1245 ordinatus
558 1236 565 1243 .
1020 1222 1098 1260 225.
1106 1215 1137 1247 ’2..

247 1261 431 1297 Mamertus
444 1260 638 1295 Viennensis
650 1261 868 1306 Metropolita
890 1263 932 1298 ab
944 1263 1064 1297 Hilaro
1077 1263 1136 1297 Pa-

298 1323 337 1356 pa
350 1311 527 1355 judicatus.
972 1308 974 1310 ’
1011 1321 1136 1361 309.1.

248 1362 364 1396 Marca
385 1361 483 1396 docet
505 1361 586 1396 reste
608 1362 662 1396 sua
672 1361 832 1408 dogmata
854 1374 923 1398 non
934 1363 1085 1397 obtinere
1098 1364 1133 1396 in

299 1410 493 1447 Christianae
505 1411 581 1445 fidei
592 1410 723 1454 judiciis
737 1438 748 1453 ‚
759 1423 815 1461 79.
832 1425 858 1450 1·
881 1414 1064 1458 Indignum
1076 1413 1136 1451 est,

297 1462 388 1505 quod
401 1462 480 1495 velit
497 1462 671 1496 Canonem
683 1463 714 1498 8.
725 1464 854 1506 Synodi
864 1463 988 1498 sancire
1003 1488 1014 1503 ,
1041 1462 1132 1506 quod

296 1511 514 1546 Provincialis
540 1512 668 1556 Synodi
689 1513 731 1547 de
758 1513 891 1547 Clerico
918 1512 1079 1556 judicium
1099 1514 1136 1546 fit

296 1562 526 1596 inconcussum
539 1586 550 1602 ,
577 1573 676 1606 atque
690 1562 919 1607 inappellabile
933 1588 940 1596 .
1030 1564 1085 1600 80.
1098 1572 1130 1597 2..

246 1610 361 1647 Marca
371 1622 493 1646 errores
516 1613 601 1647 circa
623 1614 744 1648 saelum
756 1613 1031 1656 CanoniSynodi
1045 1614 1137 1647 Afri-

295 1673 382 1696 canae
392 1662 653 1697 additamentum
664 1688 672 1695 .
981 1673 1052 1710 25¹·
1066 1675 1088 1697 1.
1104 1672 1135 1697 2..

245 1711 362 1747 Marca
382 1712 504 1746 fallitur
525 1713 648 1747 docens
660 1712 833 1748 Romanos
852 1714 1066 1757 Imperatores
1077 1713 1133 1746 ali·

294 1761 429 1806 quando
452 1759 598 1798 habuisse
618 1763 669 1806 jus
689 1764 791 1798 dandi
804 1763 976 1807 Rescripta
987 1762 1028 1798 ad
1039 1774 1136 1798 retra-

293 1812 410 1846 standa
443 1810 566 1855 judicia
593 1812 845 1859 degradatorum
873 1814 1133 1857 Episcopmum,
1162 1808 1165 1826 ³

295 1859 374 1898 282.
392 1867 411 1894 Ι.
436 1862 522 1896 Item
534 1863 693 1903 asserem,
718 1864 808 1908 quod
834 1862 994 1898 Arcadius
1016 1863 1137 1898 &Ho-

293 1911 409 1945 norius
418 1910 511 1944 istam
521 1913 796 1945 consuetudinem
806 1913 1001 1953 abjecerint
1023 1910 1100 1949 282
1106 1924 1135 1947 2-

292 1959 364 1993 Sibi
376 1970 446 1992 non
461 1958 590 1993 constat
601 1957 772 1994 cumdicit
794 1959 881 1994 istud
893 1960 1036 1994 sacrum'
1028 1972 1078 2002 Jus
1093 1960 1134 1993 ab

292 2007 436 2050 Imperio
455 2009 597 2041 tranfiffe
621 2009 674 2040 ad
686 2009 798 2049 Reges
819 2009 889 2039 Chr
891 2010 944 2039 iffi
936 2021 1002 2039 iani
992 2010 1135 2055 iffimos.

294 2056 368 2090 ibid.

243 2107 362 2142 Marca
384 2105 583 2151 Gregorium
606 2106 656 2139 M.
682 2102 848 2139 immerito
870 2105 1019 2142 accusat,
1045 2102 1135 2146 quod

294 2157 436 2192 sanxerit
457 2157 620 2190 contraria
640 2154 838 2189 Canonibus
857 2177 868 2193 ,
893 2153 950 2199 96.
978 2165 1006 2202 ¹.·
1037 2154 1137 2188 Inno-

294 2207 445 2242 centium
468 2205 493 2238 1.
514 2207 598 2241 male
619 2206 748 2239 accusat
770 2204 812 2239 de
824 2205 958 2239 audacia
971 2228 979 2236 .
1011 2214 1135 2239 122--1·

293 2255 333 2290 In
344 2255 439 2291 omni
461 2258 597 2291 materia
618 2255 755 2290 seminat
768 2255 935 2289 novitates
945 2264 1041 2298 atque
1052 2264 1136 2288 erro·
1164 2267 1165 2270 ¹

294 2315 360 2338 res.
1033 2314 1043 2337 i
1072 2313 1102 2349 3
1115 2311 1135 2336 1.

244 2354 362 2390 Marca
374 2353 479 2397 lapsus
488 2352 529 2387 de
540 2352 667 2386 Pallio
694 2352 762 2390 182.
772 2364 806 2389 2.
834 2353 904 2388 Cur
926 2354 1003 2390 talia
1015 2315 1140 2394 de7·Pal·

296 2405 343 2438 lio
356 2402 581 2438 Ecclefiastico
593 2402 775 2446 scripserit
768 2403 784 2426 ²
1061 2403 1136 2442 ibid

247 2455 363 2490 Marca
391 2453 478 2488 male
507 2453 540 2487 &
562 2463 632 2487 non
658 2453 735 2487 satis
759 2453 996 2495 consequenter
1017 2452 1114 2488 docet
1126 2478 1136 2494 ,
1160 2448 1166 2490 l

297 2503 388 2548 quod
399 2503 557 2538 Zozimus
567 2502 725 2538 Pontifex
735 2503 787 2547 jus
797 2503 900 2538 dandi
915 2503 955 2538 ad
969 2505 1137 2538 retrastan-

298 2555 340 2588 da
351 2554 474 2597 judicia
485 2553 738 2598 degradatorum
751 2553 989 2597 Episcoporum
1013 2554 1135 2589 mendi-

298 2605 420 2639 caverit
432 2604 449 2638 a
461 2603 624 2638 Romanis
636 2602 889 2647 [inperatoribus
902 2628 909 2636 .
1011 2602 1094 2649 283.
1116 2617 1136 2637 i.

249 2653 366 2690 Marca
389 2654 570 2688 multorum
592 2654 627 2688 in
643 2654 707 2688 suis
730 2653 820 2688 libris
844 2654 1058 2688 articulorum
1068 2654 1139 2688 scri-

299 2715 389 2749 ptam
411 2703 621 2738 Palinodiatn
643 2715 754 2738 coram
776 2705 870 2739 omni
894 2704 952 2739 sub
965 2704 1068 2739 Coelis
1079 2704 1138 2738 Ec·

299 2755 391 2790 clefia
403 2754 593 2788 solemniter
606 2764 716 2788 cantat
729 2778 738 2786 .
930 2760 934 2762 ’
1013 2762 1095 2790 212.
1105 2767 1136 2792 2.

249 2803 367 2839 Marca
381 2813 546 2848 perperam
556 2804 654 2838 docet
665 2829 676 2845 ,
703 2803 793 2849 quod
816 2813 964 2849 tempore
975 2804 1139 2840 Innocen-

302 2855 344 2888 tii
355 2854 379 2888 I.
393 2854 543 2889 nondum
555 2855 676 2898 recepti
691 2865 785 2889 erant
796 2854 954 2890 Canones
971 2856 1139 2890 Sardicen-

305 2903 375 2936 ses·
1009 2907 1136 2943 282.1.

253 2950 370 2988 Marca
383 2935 548 2996 Philippo·
551 2953 695 2989 Politani
707 2954 933 2990 conventiculi
958 2955 1083 2992 litteras
1092 2956 1139 2989 so·

303 3003 366 3036 lius
378 3001 564 3037 Eusebianae
591 3005 741 3039 factionis
761 3006 888 3040 facinus
899 3006 1111 3049 transcripsit
1102 3018 1136 3040 in

302 3061 408 3087 totam
422 3051 625 3088 Orientalem
636 3056 815 3090 Ecclesiam
825 3080 833 3088 .
847 3056 926 3092 280.
938 3065 970 3091 2..
994 3057 1138 3100 Idipsum

304 3101 400 3137 antea
411 3103 554 3136 fecerant
567 3104 763 3140 Donatistae.
1062 3106 1139 3140 ibid.

254 3151 370 3187 Marca
382 3153 504 3195 primus
515 3153 668 3187 omnium
688 3155 800 3190 docuit
812 3155 1073 3191 provincialium
1083 3157 1138 3200 Sy·

304 3202 470 3237 nodorum
489 3203 998 3246 inappenabilem-authoritatem
1019 3206 1139 3242 adstrui

302 3253 321 3286 a
334 3252 474 3287 Canone
486 3263 516 3298 5.
530 3252 670 3288 Nicaeno
683 3279 691 3287 .
907 3266 970 3293 101.
983 3266 1014 3292 2.
1036 3255 1140 3300 &seq

254 3302 372 3338 Marca
384 3326 396 3343 ‚
421 3302 502 3348 quid
525 3303 654 3339 senserit
671 3303 713 3341 de
725 3304 888 3341 Romanis
899 3307 1140 3353 Appellationi-

1914 140 2006 194 389

1240 211 1323 246 bus?
1352 221 1428 259 300.
1442 224 1473 249 2
1501 213 1660 252 Admittit
1679 216 1750 276 illas
1769 216 1854 253 circa
1866 217 2069 263 dogmaticas

1240 262 1316 296 fidei
1331 263 1541 307 quaestiones.
1998 271 2071 304 ibid.

1194 313 1306 347 Marca
1327 314 1407 347 varii
1429 325 1550 348 errores
1567 314 1650 349 circa
1674 315 1944 361 Appellatiohem
1967 320 2072 364 Euty-

1240 362 1345 397 chetis
1357 374 1434 412 301.
1427 372 1477 399 ..2.
1504 364 1587 399 male
1608 365 1704 400 sentit
1717 367 1912 412 Eutychi-itis
1929 368 2073 405 haerefim

1212 413 1336 448 ·fuiss'e
1357 425 1494 451 novam
1998 420 2074 453 ibid.

1194 463 1307 498 Marca
1334 464 1435 498 utitur
1462 464 1687 501 Antiochenis
1706 446 1931 503 Canonibus‘
1924 481 1958 503 in
1980 469 2074 503 sensu

1245 513 1450 548 Eusebiano.
1465 524 1520 558 9ο.
1535 527 1564 551 2.
1583 516 1708 550 Diserte
1718 516 1834 550 fatetur
1844 518 1964 563 dogma
1979 522 2074 553 suum

1242 563 1284 598 de
1305 564 1470 599 intellectu
1493 566 1686 601 Sardicenfis
1697 566 1824 608 Synodi
1846 568 1908 599 effe
1932 576 2080 603 novumss

1246 624 1300 661 99.
1310 626 1330 647 i.
1358 613 1520 658 Adeoque
1529 616 1619 659 quod
1629 617 1777 652 universa
1799 614 1953 650 haerentis
1966 619 2077 652 Eccle-

1244 665 1284 697 sia
1298 665 1441 699 fueritin
1454 676 1578 700 errore.
1959 672 2031 713 99
2041 677 2074 702 2.

1195 712 1345 748 Marcelli
1366 714 1506 758 Ancyrae
1529 716 1682 760 Episcopi
1692 716 1889 760 Appellatio
1902 715 2074 750 Romana.

1211 773 1300 807 74·
1313 773 1348 798 2·
2079 770 2083 780 '

1197 784 1351 848 Marcion
1385 814 1427 849 ab
1454 813 1606 859 Episcopi
1633 815 1791 851 sententia
1817 815 1990 860 appellavit
2012 816 2080 850 Ro-

1246 875 1358 903 mam,
1380 864 1570 899 &acceffit.
1599 876 1650 913 71
1670 877 1697 901 1.
1711 874 1796 914 72...]
1823 865 1975 900 Vacante
1987 864 2079 900 Sede.

1245 912 1317 946 ibid.
1346 888 1528 948 befunaus
1538 915 1629 949 estin
1641 915 1854 959 poenitentia.
1883 926 1936 960 71.
1949 928 1982 953 2.
2012 916 2081 950 Ro·

1246 975 1303 997 mae
1325 974 1392 998 non
1415 974 1544 999 tantum
1574 964 1751 1009 baptizatus
1774 965 1850 1005 est,
1877 965 1931 999 sed
1952 967 2081 1008 insuper

1211 1036 1215 1040 .
1246 1014 1403 1047 evestus
1395 1026 1428 1047 in
1453 1015 1609 1049 Clerum.
1636 1016 1707 1049 ibid.
1735 1015 1815 1058 Ejus
1827 1025 1997 1058 peccatum
2012 1025 2082 1049 erat

1248 1063 1420 1103 Moechia,
1447 1065 1480 1098 ὃ(
1501 1065 1635 1107 quidem
1660 1066 1827 1100 cumulata
1853 1076 1934 1099 cum
1956 1065 2083 1099 sacrile-

1248 1113 1324 1156 gio.
1354 1125 1409 1160 72.-
1422 1122 1442 1147 1.
1469 1113 1610 1150 APatre
1628 1117 1762 1160 petitam
1776 1115 2006 1158 poenitentiam
2015 1114 2086 1148 nul-

1248 1163 1443 1204 lisprecibus
1466 1163 1634 1199 obtinuit.
1659 1165 1733 1198 ibid
1759 1167 1840 1213 Qo
1859 1166 1951 1199 sensu
1962 1164 2095 1200 Roma-⁴.

1250 1212 1284 1245 ni
1296 1211 1449 1246 dixerunt
1463 1213 1495 1245 se
1506 1223 1575 1245 non
1593 1217 1679 1254 posse
1691 1225 1806 1249 contra
1817 1227 1893 1249 eum
1902 1215 2084 1272 quidquam

1248 1272 1344 1306 agere
1366 1260 1487 1303 injuffu
1511 1260 1636 1295 Patris.
1664 1273 1758 1309 73.1.
1786 1263 1878 1296 Idem
1906 1274 2021 1306 petivit
2031 1275 2086 1296 in-

1250 1311 1410 1347 cardinari
1426 1310 1597 1353 Presbyter
1618 1312 1652 1343 in
1677 1311 1867 1345 Romanam
1885 1312 2063 1346 Ecclesiam
2075 1337 2084 1345 .

1251 1362 1325 1394 ibid.
1346 1361 1525 1394 Permanfit
1535 1361 1675 1401 Rornae,
1700 1361 1771 1394 ibid.
1798 1360 1982 1395 Marcionis
1992 1362 2087 1396 Pater

1252 1411 1432 1454 Episcopus
1446 1434 1453 1442 .
1480 1411 1554 1444 ibid.
1582 1410 1766 1455 Veneratur
1778 1412 1948 1451 Romanas
1965 1411 2088 1454 Appel-

1250 1462 1414 1501 laniones,
1442 1460 1512 1494 ibid.
1539 1460 1725 1507 Qomodo
1739 1462 1842 1502 ⁴ausus
1861 1462 1957 1495 fuerit
1977 1461 2088 1496 Cauo-

1251 1511 1349 1546 nibus
1375 1511 1537 1546 contraria
1566 1511 1585 1545 a
1612 1511 1695 1546 Sede
1721 1511 1874 1546 Romana
1898 1510 2088 1555 postulare?

1299 1587 1306 1594 .
1319 1573 1351 1598 2.
1869 1578 1878 1589 ‘v

1200 1573 1333 1646 Ma7rgus
1345 1610 1500 1655 Ephesius
1515 1610 1550 1645 in
1561 1606 1756 1648 Florentifib
1768 1611 1909 1656 opponit
1920 1612 1951 1646 se
1963 1610 2087 1645 Roma-

1250 1662 1304 1699 nis
1327 1660 1634 1705 Appellationibus.
1661 1672 1740 1709 214.
1753 1671 1785 1696 2.
1811 1661 1984 1706 lnfigniter
2003 1670 2090 1695 errat

1247 1712 1369 1746 dicens·
1385 1710 1541 1746 Nicaenos
1551 1711 1707 1747 Canones
1732 1712 1765 1746 in
1779 1711 1935 1746 Afrorum
1953 1719 2089 1746 conten·

1250 1763 1344 1800 tione
1356 1761 1449 1796 fuisse
1469 1762 1651 1805 postulatos
1661 1762 1679 1796 a
1691 1762 1809 1797 Sansto
1822 1762 1943 1797 Proclo
1958 1761 2090 1805 Episco-

1249 1824 1293 1856 po
1306 1811 1695 1855 Constantinopolitano.
1959 1821 2041 1858 215·
2057 1822 2087 1848 1·

1199 1862 1380 1899 Mariniani
1403 1873 1492 1896 error
1517 1863 1602 1898 circa
1630 1862 1879 1907 Appellationes
1899 1862 2088 1896 Romanas.

1253 1921 1304 1955 14-
1316 1925 1337 1944 ι.
1364 1912 1521 1948 Personas
1532 1924 1591 1957 pro
1603 1913 1743 1959 negotio
1755 1914 1814 1948 suo
1823 1913 1968 1947 Romam
1989 1922 2058 1992 trabn
2065 1911 2091 1943 s-

1248 1960 1377 1998 mittit.
2017 1972 2026 1992 1
2047 1962 2089 1993 id.

1201 2005 1347 2042 Marsilia
1357 2005 1492 2046 quando
1504 2009 1639 2040 evaserit
1650 2009 1685 2040 in
1696 2009 1941 2052 Metropolim;
1991 2020 2076 2055 40.1

1201 2053 1365 2091 Martialis
1393 2052 1602 2087 Emeritensis
1623 2055 1802 2098 Episcopus
1825 2057 1871 2089 ob
1892 2057 2092 2092 idololatriae

1226 2102 1376 2140 crimen
1401 2103 1617 2147 degradatur.
1645 2103 1700 2139 26.
1718 2116 1749 2140 2.
1773 2115 1826 2152 33.
1841 2117 1873 2142 2.
1901 2106 1983 2139 Non
2005 2119 2091 2140 con—-

1250 2152 1312 2186 stat
1338 2153 1433 2187 fuisse
1457 2153 1710 2196 Metropolitam
1730 2179 1738 2188 .
1768 2156 1840 2188 ibid.
1870 2154 2014 2190 Romam
2035 2169 2090 2201 ap-

1252 2202 1372 2246 pellat,
1401 2203 1434 2236 &
1455 2203 1604 2238 &Sancto
1626 2203 1795 2248 Stephano
1812 2215 1974 2249 reparatur
1995 2219 2032 2241 ac
2044 2219 2091 2242 re-

1222 2287 1227 2292 «
1251 2252 1416 2286 stituitur·
1880 2267 1935 2302 27.
1951 2268 1978 2292 1.
2001 2265 2087 2303 341.

1202 2303 1478 2343 Martianicausa
1483 2314 1540 2349 47
1558 2313 1584 2337 1.
1607 2312 1663 2342 22.
1681 2315 1709 2341 1.
1737 2314 1791 2350 24.
1806 2316 1834 2341 ι.
1843 2304 1944 2348 &seq
1957 2307 2090 2349 Stepha-

1250 2363 1312 2386 nus
1335 2352 1491 2386 Pontifex
1516 2352 1651 2410 primam
1675 2354 1715 2387 de
1734 2354 1904 2388 Martiano
1924 2358 2090 2401 cognitio·

1191 2414 1193 2420 ’
1250 2413 1327 2436 nem
1335 2401 1493 2443 instituit,
1499 2403 1533 2436 &
1547 2403 1666 2444 primus
1678 2403 1780 2445 ipsum
1793 2404 1982 2440 damnavit.
1998 2417 2056 2453 47
2069 2420 2089 2441 ι.

1251 2452 1456 2486 Mattianum
1468 2452 1692 2507 Narbonensis
1700 2451 1858 2495 Synodus
1870 2464 1937 2487 non
1958 2455 2003 2488 est
2016 2458 2091 2491 ausa.

1250 2503 1427 2542 damnare,
1454 2502 1531 2545 quia
1544 2501 1667 2536 crimen
1681 2502 1840 2537 Martiani
1851 2514 1921 2537 non
1942 2515 2010 2539 erat
2024 2506 2089 2549 ple-

1251 2551 1293 2586 ne
1311 2553 1534 2596 exploratum.
1992 2565 2086 2603 342.

1201 2603 1389 2636 Martianus
1399 2603 1576 2645 Imperator
1589 2602 1746 2645 piissimus
1757 2614 1832 2636 cum
1844 2603 2087 2640 Valentiniano

1249 2652 1305 2686 111„
1324 2654 1464 2695 permisit
1483 2652 1645 2690 Pontifici
1664 2652 1805 2692 liberum
1818 2651 1932 2698 Papali
1943 2654 2087 2690 authori

1251 2703 1327 2737 tatis
1338 2703 1551 2741 exercitium.
1977 2707 2033 2752 64
2054 2717 2084 2742 1

1201 2752 1340 2788 Martini
1353 2754 1553 2787 Braccarens
1545 2764 1570 2787 s
1582 2752 1738 2788 Canones
1755 2753 1921 2789 Romanis
1934 2754 2086 2799 Appella-

1250 2803 1397 2839 tionibus
1417 2814 1622 2848 nequaquam
1635 2814 1758 2838 nocent
1771 2829 1779 2837 .
1962 2815 2040 2851 140.
2051 2817 2085 2848 2·ss

1201 2853 1454 2889 Matisconenfis
1480 2853 1609 2896 Synodi
1631 2852 1751 2889 Canon
1771 2852 1814 2890 de
1833 2852 1942 2891 Pallio
1965 2854 2086 2890 Archi-

1251 2904 1404 2948 Episcopi
1415 2905 1595 2948 exponitur
1607 2929 1616 2936 .
1971 2904 2037 2943 186.
2054 2918 2084 2943 2.

1202 2955 1409 2988 Maurentius
1433 2965 1526 2988 novae
1536 2954 1751 2988 Germaniciae
1776 2954 1811 2989 in
1834 2954 1997 2991 Numidia
2012 2956 2085 3000 Epi-

1250 3005 1395 3048 scopus,
1414 3015 1498 3048 quos
1510 3005 1638 3048 Judices
1652 3004 1883 3047 postulaverit.
1958 3016 2084 3043 212-1.

1201 3055 1409 3089 Mauritaniae
1421 3055 1603 3093 Provinciae
1613 3055 1735 3098 semper
1745 3056 1876 3090 fuerunt
1887 3055 1967 3090 duae.
1978 3065 2046 3102 152
2041 3065 2081 3090 2.

1249 3106 1292 3139 Et
1302 3105 1416 3139 civiles
1439 3105 1473 3138 ὃς
1487 3104 1737 3139 Ecclesiasticae.
2010 3105 2080 3139 lblal

1202 3156 1379 3190 Mauritius
1400 3154 1575 3198 Imperator
1595 3154 1767 3197 quomodo
1794 3157 1827 3191 se
1850 3156 1977 3201 gefferit
1996 3154 2080 3188 circa

1251 3205 1475 3239 Clementiam
1489 3204 1831 3248 ByzaciiPrimatem.
1864 3228 1868 3232 -
1968 3213 2046 3239 212
2058 3216 2079 3237 i

1203 3255 1344 3291 Maximi
1359 3255 1483 3298 Cynici
1504 3255 1545 3289 ad
1558 3256 1744 3291 Romanam
1757 3256 1868 3291 Sedem
1892 3253 2079 3297 Apellatio.

1253 3317 1284 3353 9.
1296 3319 1316 3340 ι.
1343 3306 1417 3343 116.
1435 3315 1463 3342 1
1481 3314 1561 3351 117
1576 3317 1595 3340 1
1621 3316 1687 3354 ¹34
1709 3317 1734 3343 1.
1746 3315 1778 3341 2..
1806 3304 1958 3348 Ejusdem
1972 3304 2081 3346 conse·

1926 3352 2030 3388 cratio
