2326 3718
297 237 363 273 bus
372 260 385 277 ,
411 246 484 280 quae
494 233 530 270 id
540 235 701 281 petierant
711 250 734 278 ,·
749 233 901 272 ordinare
912 235 1145 277 presbyteros,

260 318 262 320 >
299 287 376 325 ibid.
413 286 599 331 Episcopos
635 287 812 333 ordinabat
851 285 1056 329 Carthagine
1092 295 1147 329 per

296 334 484 381 quamlibet
497 336 594 381 poene
607 336 701 373 Anni
714 335 929 374 Dominicam
939 359 948 367 ·
978 335 1098 372 166.1.
1113 347 1145 372 2·

297 385 461 423 Primates
473 388 530 423 alii
544 388 656 433 passim
669 386 867 431 ordinabant
879 385 916 419 in
928 383 1068 421 viduatae
1080 386 1148 429 ple-

297 433 351 472 bis
362 438 499 473 civitate
511 463 520 472 .
544 433 549 438 ’
702 461 705 464 «
1070 435 1144 469 ibid.

248 485 521 533 Carthaginensis
530 487 684 531 synodus
696 497 766 520 non
784 485 830 521 est
840 484 1001 522 celebrata
1023 487 1145 522 duode-

298 538 367 579 cim
380 538 453 582 Post
464 538 686 574 Sardicensem
698 536 794 571 annis
805 561 816 577 ,
830 547 867 571 ut
879 537 951 572 vult
964 538 1036 572 Leo
1050 537 1142 571 Acri·

296 587 422 628 densis.
452 596 567 635 1952„
589 586 744 622 distantia
763 587 829 622 fuit
854 587 1059 633 septuaginta
1073 587 1143 621 An-

297 649 437 675 norum·
651 655 653 658 ·
1067 638 1140 671 ibid.

244 686 512 734 Carthaginensis
523 686 678 732 Synodus
691 689 781 723 sexta
802 686 939 733 quando
950 688 1111 724 celebrata
1123 689 1140 721 ἓ

293 748 376 785 255.
392 750 423 775 2-
445 737 514 781 ejus
534 741 606 774 aaa
627 739 850 775 illustrantur.
876 748 956 788 257-
978 751 1008 776 1.
1035 741 1070 777 Θ
1075 738 1139 783 seq.

294 788 481 823 Exordium
494 789 623 824 videtur
634 791 775 834 spurium
789 816 797 824 .
1069 790 1140 822 ibid.

242 838 514 884 Carthaginensis
535 840 691 883 Synodus
717 840 778 882 sub
801 840 1006 882 pontificatu
1028 840 1136 876 Sancti

291 889 457 926 Caelestini
471 915 479 924 .
507 890 588 937 265.
599 902 630 928 ι
650 890 731 925 Fuit
743 890 869 926 diversa
893 890 911 924 ὲ
921 890 1059 935 Synodo
1072 891 1138 925 sex-

290 948 325 975 ta
338 965 346 973 .
794 969 798 972 .
1060 941 1136 975 ibid.

239 988 558 1036 Carthaginensium
571 991 810 1038 Episcoporum
824 993 986 1029 Sue-cessio
997 1019 1005 1025 -
1030 1002 1133 1039 Μιμ-

289 1040 386 1076 Circa
398 1041 491 1078 illam
507 1042 630 1077 labitur
642 1043 686 1076 D.
699 1043 808 1079 Lucas
819 1044 1018 1080 Holstenius
1029 1068 1037 1076 .
1063 1043 1135 1076 ibid.

236 1088 408 1138 Carthago
436 1093 676 1137 proconsularis
699 1094 884 1130 Provinciae
916 1092 1133 1138 Metropolis.

286 1152 365 1189 147.
376 1152 410 1178 2.
433 1142 648 1190 Carthaginis
669 1146 840 1180 encomia.
864 1146 942 1180 ibid.
962 1145 1134 1181 Omnium

285 1192 409 1228 Africae
420 1193 674 1231 Provinciarum
686 1194 843 1238 Princeps
856 1196 892 1230 δε
906 1206 1007 1241 caput
1018 1221 1026 1228 .
1039 1196 1132 1240 148·1·

282 1240 341 1278 Ab
377 1242 571 1289 Augustino
594 1244 795 1289 quandoque
822 1254 959 1279 vocatur
985 1244 1134 1279 absolute

283 1291 485 1331 Provincia.
509 1294 583 1326 ibid.
610 1294 814 1328 Potestatem
837 1292 953 1328 habuit
967 1295 1001 1328 in
1015 1304 1134 1328 omnes

282 1342 464 1381 Dioecesios
483 1341 678 1377 Provincias
691 1367 698 1375 .
1006 1355 1085 1391 154.
1100 1354 1129 1379 2.

229 1391 402 1437 Carthago
414 1416 424 1433 ‚
453 1403 520 1438 quo
538 1393 633 1428 sensu
653 1392 671 1426 ὲ
682 1393 767 1428 Nilo
780 1394 994 1440 Doxopatrio
1004 1395 1133 1429 dicatur

271 1441 343 1476 'effe
357 1443 392 1477 in
409 1442 588 1478 Provincia
601 1440 762 1488 Byzacii?

225 1490 385 1535 Gasanare
399 1494 589 1529 Cardinalis
599 1519 610 1536 ‚
639 1494 714 1529 vide
724 1500 917 1537 Hieronymus
930 1522 937 1530 .

227 1542 348 1578 Casula
372 1545 485 1578 omnis
497 1545 586 1589 apud
611 1547 743 1580 Graecos
759 1546 804 1581 est
816 1559 856 1582 ex
878 1548 972 1582 lana.
1005 1546 1080 1594 178-
1099 1559 1129 1583 2-

278 1593 454 1637 Objestum
464 1594 596 1632 Latinis
609 1620 622 1638 ‚
647 1595 739 1641 quod
761 1598 927 1643 gestarent
951 1598 1077 1632 casulas
1088 1609 1129 1630 ex

277 1644 397 1678 serico.
1056 1646 1127 1680 ibid.

225 1694 349 1729 Casula
373 1706 442 1730 non
457 1696 523 1731 fult
534 1696 616 1732 olim
629 1699 768 1743 pretiosa
781 1698 893 1734 vestis.
922 1709 1003 1736 201.
1017 1710 1037 1732 ι.
1051 1698 1128 1732 Fuit

277 1745 372 1780 lanea
383 1746 424 1781 ad
441 1746 543 1782 instar
555 1748 672 1792 pallii,
699 1750 902 1794 quandoque
913 1750 986 1785 alba
1001 1775 1013 1792 ,
1027 1760 1125 1794 quan·

275 1795 387 1841 doque
406 1797 564 1832 coccinea
579 1825 587 1832 .
1054 1799 1127 1832 ibid.

227 1845 401 1884 Ceciliani'
415 1847 450 1882 in
464 1847 760 1895 Carthaginensem
777 1852 979 1895 Episcopum
992 1850 1129 1888 electio,

274 1898 308 1932 δε
333 1899 537 1933 consecratio
562 1925 572 1940 ,
599 1900 720 1944 quibus
743 1902 788 1936 de
812 1903 915 1937 causis
937 1903 1128 1945 impugnata

274 1949 372 1981 fuerit
383 1948 402 1980 ὲ
414 1949 602 1984 Donatistis
614 1951 633 1982 ,ἲ
661 1963 736 1997 ¹59·
755 1962 879 1995 1:224.
898 1963 929 1985 2.
944 1949 1129 1983 Donatistae

273 1997 449 2031 Ceciliano
461 1999 751 2040 superordinarunt
763 1999 969 2039 Majorinum
983 2023 990 2030 .
1010 2006 1125 2042 1592.

223 2048 419 2086 cecilianus
442 2057 580 2080 vocatus
597 2045 638 2079 ad
659 2046 836 2088 Synodum
863 2045 970 2080 adesse
993 2044 1128 2084 noluit,

273 2097 421 2140 allegans
443 2095 644 2138 superiorem
665 2097 760 2133 citati
784 2120 793 2136 ‚
821 2106 879 2130 aut
903 2095 1033 2131 evocari
1057 2106 1126 2128 non

273 2148 362 2192 poffe
374 2146 392 2179 a
405 2143 544 2180 subditis
558 2154 614 2191 34.
628 2157 648 2179 1.
661 2140 755 2181 Male
768 2146 941 2180 damnatur
963 2147 996 2181 in
1011 2155 1129 2180 contu·

273 2197 416 2231 maciam
438 2221 448 2237 ,
475 2196 550 2229 ibid.
577 2194 749 2231 Debuerat
772 2197 892 2231 deferri
916 2196 958 2231 ad
981 2195 1125 2231 tribunal

273 2248 437 2282 Romanae
458 2246 609 2281 Ecclefiae
628 2272 636 2280 .
664 2247 736 2280 ibid.
765 2245 820 2281 An
851 2247 1064 2291 appellaverit
1086 2246 1127 2280 ad

272 2296 527 2332 Melchiadem?
553 2305 622 2342 130.
641 2308 668 2332 1.
683 2297 889 2332 Melchiades
904 2309 971 2331 non
989 2297 1123 2342 proprio

273 2360 368 2383 motu
394 2371 405 2388 ‚
440 2347 534 2390 juxta
561 2349 718 2381 Sanctum
741 2347 970 2391 Augustinum
995 2372 1007 2388 ‚
1035 2347 1087 2381 sed
1110 2346 1128 2379 a

263 2397 431 2440 ‘Principe
451 2405 586 2441 rogatus
607 2397 737 2432 causam
762 2396 931 2432 Ceciliani
953 2398 1007 2431 ad
1035 2399 1126 2431 suum

274 2445 423 2483 tribunal
443 2447 620 2487 evocavit,
646 2447 738 2490 juxta
761 2448 920 2483 canones
942 2448 976 2481 &
990 2459 1045 2491 per
1067 2448 1129 2480 suae

274 2497 368 2535 Sedis
391 2494 653 2533 authoritatem.
680 2505 808 2544 227.1.
830 2496 1034 2533 Melchiadis
1058 2500 1127 2532 sen-

275 2548 384 2585 tentia
395 2546 434 2582 in
443 2547 513 2592 ejus
525 2549 672 2582 favorem
684 2573 691 2581 .
999 2559 1045 2585 22
1047 2557 1078 2594 3.
1095 2559 1133 2585 2·

227 2595 442 2642 Cecilianus,
461 2607 580 2642 utpote
592 2597 764 2633 Exarchus
774 2599 878 2634 totius
890 2597 1011 2633 Africae
1022 2609 1127 2632 exem-

277 2659 354 2696 ptus
365 2649 384 2684 ὲ
396 2647 662 2689 provincialibus
674 2648 820 2692 Synodis
831 2673 838 2681 .
868 2658 947 2695 229.
963 2661 993 2685 2.
1009 2648 1129 2692 Appel-

278 2702 347 2736 lare
368 2707 521 2744 poterat,
548 2711 618 2733 non
643 2707 774 2734 tantum
798 2698 839 2733 ad
852 2700 1030 2742 Synodum
1051 2698 1130 2734 uni-

279 2751 462 2790 versalem,
488 2749 542 2787 sed
566 2749 668 2784 etiam
692 2750 734 2785 ad
759 2749 905 2785 tribunal
918 2749 1129 2785 Romanum.

281 2813 307 2839 ι
330 2812 362 2837 ο.
380 2812 409 2837 1.

229 2813 376 2889 cedr3eni
400 2849 553 2887 adversus
573 2850 779 2886 sardicenses
803 2850 960 2886 Canones
978 2849 1130 2894 objesta.

287 2914 331 2940 12
359 2914 398 2937 .1.

234 2913 373 2991 &lensii
400 2951 444 2988 ad
479 2951 657 2987 Zozimum
692 2950 892 2993 Pontificem
931 2949 1109 2995 appellatio
1124 2974 1131 2982 .

289 3003 334 3039 26
339 3015 372 3050 5.
385 3014 417 3041 2-
430 3013 510 3052 272.
522 3011 554 3044 ².··
567 3002 664 3038 Huic
673 3025 685 3042 ,
705 3002 796 3047 quod
808 3003 842 3036 in
855 3000 1047 3046 dogmatica
1054 3000 1132 3038 esset

288 3055 445 3095 materia,
470 3063 572 3088 nemo
590 3052 750 3088 Afrorum
767 3051 970 3096 obstrepuit.
998 3049 1078 3098 278.
1101 3062 1131 3088 2·

290 3100 560 3146 Appellationem
572 3103 730 3138 desertam
744 3103 900 3138 resumit.
1002 3111 1082 3149 ²73·
1100 3112 1132 3136 2·

240 3151 376 3191 Celestii
398 3154 513 3189 dolosa
531 3153 609 3190 fidei
635 3154 787 3198 professio
810 3178 818 3186 .
845 3162 925 3199 275·
953 3164 973 3185 1·
996 3154 1029 3191 Φ·
1047 3149 1131 3194 seqq·

290 3202 370 3246 Ejus
384 3202 511 3242 discuffi
526 3204 655 3253 articuli
668 3204 795 3239 suntde
807 3203 880 3251 solo
891 3202 1047 3248 originali
1059 3212 1131 3243 pec·¹

290 3263 369 3288 cato
380 3276 394 3294 ‚
417 3262 487 3286 non
499 3254 538 3288 de
550 3264 666 3289 natura
677 3265 734 3289 aut
745 3254 851 3300 gratia
865 3277 873 3285 ·
1002 3261 1081 3302 2731
1099 3263 1129 3287 2-

237 3301 479 3347 S.Caelestinus
492 3302 630 3343 impium
647 3304 842 3340 Nestorium
854 3301 1055 3338 condemnat
1075 3302 1130 3335 sua

289 3351 494 3397 authoritate
509 3348 564 3400 38,
578 3362 607 3396 1,-
626 3354 731 3400 Quod
744 3356 855 3401 ipsum
863 3352 1050 3390 constanter
1060 3362 1131 3396 pro-

1007 1455 1083 1493 149·
1101 1456 1130 1482 1-

963 149 988 195 1
1057 161 1290 197 nvn-E
1357 162 1386 198 x

1255 235 1333 274 fessa
1352 234 1401 268 est
1429 233 1594 279 Ephefina
1621 235 1794 281 Synodus.
1819 239 1894 274 ibici.
1917 239 2097 280 Proculum

1255 284 1489 323 Massiliensem
1514 283 1714 331 Episcopum
1728 286 1939 332 Viennensis,
1964 304 2001 327 ac
2013 294 2101 329 Nar.

1257 335 1408 374 bonensis
1421 335 1605 374 Provinciae
1619 338 1792 382 Episcopis
1802 339 2003 377 audiendum
2012 344 2098 379 dele-

1254 395 1328 430 gat,
1361 396 1418 433 41.
1433 396 1462 422 1.
1486 385 1702 432 Approbante
1722 388 1841 423 Sancto
1865 388 1998 436 Cyrillo
2020 393 2098 429 Ne-

1254 435 1392 472 storium
1414 439 1655 474 communione
1691 439 1726 473 ἀ
1747 439 1851 484 gradu
1873 440 1979 483 privat
1999 443 2096 480 ‚misi

1206 515 1210 518 .
1257 487 1344 521 intra
1372 486 1488 521 decem
1508 487 1584 523 dies‘
1600 499 1714 534 cantet
1735 489 1858 523 erroris·
1873 489 2100 533 palinodiam,

1255 545 1335 585 309.
1349 548 1371 570 ι.
1381 545 1462 584 314·
1478 548 1507 574 1.
1523 539 1641 574 Sancto
1653 539 1785 583 Cyrillo
1795 540 1977 575 committit
1989 540 2099 585 Ephe-

1253 587 1326 622 finae
1348 587 1478 630 Synodi
1501 589 1753 632 praefidentiam.
1782 599 1906 628 200-1-
1925 589 2099 637 Delegana

1250 635 1389 680 epistola
1404 638 1517 681 periit,
1541 651 1601 678 aut
1615 641 1713 675 latet.
2022 642 2097 677 ibid.

1204 686 1395 737 Caelestinus
1409 688 1496 732 Papa
1509 690 1688 725 Danielem
1709 690 1789 726 citat
1800 691 1945 726 Romam
1955 717 1963 725 .
1982 686 2050 739 v46.
2064 703 2096 728 1.

1255 737 1392 775 Proculi
1412 738 1620 775 Massiliensis
1634 741 1787 785 Episcopi
1803 743 1933 776 causam
1946 753 2014 777 non
2027 752 2097 777 me-

1252 786 1285 822 re
1298 788 1438 823 dimittit
1449 790 1590 832 Synodo
1600 816 1611 832 ‚
1636 792 1689 825 sed
1702 792 1848 836 delegat.
1877 803 1933 837 42.
1950 804 1978 829 1.
1989 791 2047 838 46.
2060 802 2095 828 2.

1251 839 1321 874 Cur
1336 839 1476 882 synodo
1499 840 1700 885 delegaverit
1722 843 1853 877 causam
1870 842 2016 876 Maximi
2025 842 2096 879 Va-

1257 889 1375 924 lentini
1387 889 1520 933 potius,
1545 891 1642 935 quam
1654 891 1824 926 Danielis.
1990 897 2046 940 46·
2060 903 2095 929 2.

1198 918 1422 990 ⁴Chelidonias
1441 941 1592 983 adversus
1602 942 1772 977 Hilarium
1787 942 2012 978 Arelatensem
2025 943 2096 978 Ro-

1247 1001 1338 1028 mam
1351 991 1494 1036 appellat
1507 1017 1519 1033 ,
1544 992 1603 1027 ubi
1615 992 1793 1038 absolvitur
1813 994 1847 1028 &
1860 994 2009 1029 Ecclefiae
2027 994 2095 1029 -suae

1248 1040 1319 1084 post
1332 1040 1467 1085 plenum
1481 1044 1730 1082 causaeexamen
1741 1044 2003 1083 restituitur.80.
2019 1055 2049 1080 1.
2062 1048 2096 1079 2.

1247 1091 1329 1125 ltem
1343 1102 1396 1140 59.
1409 1104 1438 1129 2.
1452 1090 1567 1136 &sest
1578 1094 1749 1137 permansit
1762 1094 1963 1137 Episcopus.
1995 1094 2048 1131 16-
2063 1103 2095 1129 ι.

1198 1139 1391 1176 Chiffletius
1415 1142 1607 1177 existimans
1618 1142 1785 1186 Vigilium
1799 1143 2005 1186 Tapsensem
2021 1156 2091 1179 non

1224 1211 1226 1213 -
1247 1191 1342 1232 loqui
1366 1191 1407 1226 de
1430 1191 1610 1225 Sar-dicensi
1634 1192 1775 1235 synodo
1796 1216 1808 1233 ‚
1836 1193 1890 1227 sed
1921 1204 2091 1228 conventu

1251 1238 1580 1285 Philippo-politam
1595 1241 1735 1276 fallitur.
1973 1243 2047 1280 126.
2061 1255 2093 1280 1.

1196 1290 1225 1325 S.
1252 1290 1485 1336 chrysostomi
1505 1292 1547 1327 ad
1561 1291 1752 1327 Romanam
1763 1290 1879 1327 Sedem
1891 1293 2071 1337 appellatio
2082 1318 2092 1327 .

1251 1352 1306 1390 97·
1322 1353 1348 1377 1-
1366 1352 1444 1388 134·
1455 1354 1486 1379 2·

1194 1391 1223 1426 S.
1247 1393 1508 1435 Chrysostomus
1531 1418 1542 1435 ,
1568 1405 1635 1437 quo
1659 1395 1751 1429 sensu
1776 1394 1976 1429 contestatus
1993 1395 2093 1430 fuerit

1243 1450 1393 1487 paratum
1405 1446 1437 1478 se
1444 1444 1484 1478 ad
1497 1444 1654 1478 diluenda
1668 1444 1808 1479 crimina
1829 1454 2094 1480 commeatum

1244 1493 1296 1528 vel
1318 1493 1411 1528 mille
1438 1493 1610 1539 Episcopis
1622 1520 1633 1536 ,
1663 1505 1739 1543 301.
1769 1504 1796 1530 1.
1820 1493 2093 1539 Appellationem

1245 1545 1335 1582 suam
1361 1556 1473 1579 coram
1499 1546 1566 1580 sola
1590 1545 1674 1581 Sede
1699 1546 1853 1580 Romana
1877 1545 2094 1586 introduxit,

1242 1595 1277 1629 &
1289 1595 1375 1639 apud
1388 1595 1491 1639 ipfam
1502 1596 1605 1630 solam
1617 1597 1661 1630 est
1677 1597 1866 1639 prosecutus
1879 1620 1887 1627 .
1966 1606 2043 1645 301.
2060 1604 2094 1633 2,

1194 1644 1224 1678 S.
1246 1642 1506 1689 Chrysostomus
1529 1645 1782 1681 patriarchicam
1810 1645 2095 1690 Constantinopo-

1244 1695 1340 1731 litani
1359 1697 1578 1740 Episcopatus
1592 1696 1765 1732 Dioecefim
1774 1708 1815 1732 ac
1822 1696 2018 1740 potestatem
2031 1694 2095 1740 pri-

1243 1757 1317 1780 mus
1349 1746 1554 1781 architectari
1564 1749 1664 1792 coepit
1680 1771 1692 1788 ,
1969 1756 2049 1793 1032
2061 1757 2091 1783 1.

1192 1796 1221 1830 S.
1241 1796 1498 1840 Chrysostomus
1520 1799 1640 1833 Santio
1652 1792 1811 1843 Flaviano
1823 1790 2097 1831 familiariffimui

1244 1847 1279 1881 δε
1292 1848 1351 1881 sub
1373 1847 1433 1882 illo
1456 1849 1543 1883 dixit
1563 1844 1742 1884 Homelias
1763 1847 1806 1882 ad
1836 1844 2093 1882 Antiochenam

1243 1898 1405 1942 populum
1421 1923 1430 1930 .
1755 1901 1773 1931 f
1819 1908 1821 1910 ’
1925 1915 1928 1917 >
1975 1906 2044 1944 ,34-
2060 1907 2090 1933 1.

1193 1947 1401 1979 Clementius
1414 1947 1595 1988 Byzacenae
1605 1946 1792 1980 Provinciae
1805 1946 1931 1980 Primas
1943 1947 2090 1981 Romam

1241 1996 1406 2037 appellat.
1829 1992 1910 2041 287.
1928 2005 1954 2029 1.
1975 1994 2090 2039 &seq-

1193 2042 1341 2076 Clericus
1362 2044 1489 2078 alienus
1511 2046 1580 2077 sine
1601 2043 1724 2087 proprii
1739 2044 1895 2086 Episcopi
1917 2043 1999 2085 juffu
2012 2067 2024 2084 ,
2051 2056 2092 2078 ac

1242 2092 1362 2126 litteris
1374 2090 1415 2127 ab
1425 2092 1494 2127 alio
1507 2094 1675 2138 Episcopo
1693 2094 1808 2135 nequit
1825 2094 2026 2130 incardinari
2054 2093 2092 2128 in

1244 2142 1336 2177 suam
1350 2142 1529 2178 Ecclesiam
1546 2168 1554 2176 .
1579 2141 1582 2144 ⁴
1987 2151 2042 2191 73.
2059 2155 2090 2181 1.

1194 2191 1389 2228 Clericusin
1403 2192 1546 2228 haeresim
1556 2194 1686 2238 lapsus,
1711 2194 1790 2229 licet
1811 2193 1995 2239 poenitens,
2021 2205 2092 2238 per·

1243 2244 1346 2288 petuo
1357 2244 1403 2278 est
1418 2243 1602 2290 irregularis
1615 2270 1623 2276 .
1986 2254 2043 2290 44.
2066 2256 2087 2278 1.

1194 2293 1345 2330 Clericus
1365 2294 1498 2335 omnis,
1525 2294 1604 2327 licet
1626 2304 1691 2327 non
1703 2292 1852 2327 eamdem
1879 2293 2018 2327 domum
2031 2304 2090 2328 aut

1243 2344 1390 2379 mensam
1403 2368 1415 2385 ‚
1440 2344 1525 2378 olim
1537 2353 1648 2378 tamen
1666 2342 1792 2387 aliquid
1806 2344 1994 2377 communis
2014 2343 2096 2379 vitae

1243 2392 1359 2430 habuit
1371 2417 1381 2434 ,
1410 2392 1554 2437 ideoque
1571 2394 1689 2438 omnia
1702 2394 1755 2426 sua
1769 2393 1913 2436 ponebat
1936 2394 1977 2427 ad
1992 2393 2090 2437 pedes

1242 2444 1292 2478 sui
1307 2443 1460 2488 Episcopi
1478 2444 1614 2488 singulis
1632 2443 1726 2488 juxta
1746 2443 1943 2478 Monasterii
1973 2444 2089 2479 merita

1245 2493 1452 2532 distributuri
1461 2491 1638 2530 divisiones'
1648 2495 1838 2528 mensurnas
1860 2494 1894 2528 ὃς
1907 2493 2067 2537 sportulas
2077 2518 2089 2536 ,

1244 2555 1293 2592 71.
1310 2556 1342 2583 2.
1354 2544 1521 2581 lnferendi
1533 2545 1639 2580 forma
1652 2544 1864 2589 postmodum
1889 2544 2036 2579 transivit
2046 2544 2090 2579 ad

1241 2594 1459 2630 Monasteria.
2012 2594 2088 2630 ibid.

1193 2644 1313 2680 Codex
1335 2644 1513 2684 Africanus
1532 2644 1616 2680 sitne
1638 2656 1723 2690 opus
1743 2642 1932 2689 Synodale.
1959 2654 2042 2692 251.
2056 2655 2088 2682 2·

1242 2704 1266 2730 2
1293 2707 1322 2732 2·
1351 2708 1379 2734 1·

1193 2707 1336 2781 CaesZrea
1348 2745 1526 2780 Palaestinae
1537 2746 1737 2791 Metropolis
1748 2771 1756 2779 .
1986 2755 2043 2792 23.
2060 2756 2084 2779 1.

1193 2796 1400 2832 Communio
1415 2796 1616 2841 Episcopalis
1627 2821 1637 2838 ‚
1651 2796 1844 2837 Clericalis,
1857 2795 1957 2832 Laica
1971 2819 1979 2826 ·
1998 2805 2086 2841 24·¹·

1193 2846 1350 2882 Concilia
1366 2847 1450 2882 intra
1463 2847 1589 2882 Gallias
1606 2858 1676 2882 non
1695 2848 1862 2893 agitantur
1875 2857 1916 2888 ex
1928 2845 2087 2883 sententia.

1245 2898 1281 2932 δε
1293 2897 1452 2932 consensu
1463 2897 1565 2943 Regis
1576 2898 1609 2932 &
1620 2898 1772 2932 omnium
1788 2894 1955 2931 ordinum
1968 2919 1976 2926 .
2001 2894 2083 2943 89⁴.

1244 2947 1365 2991 Neque
1376 2971 1388 2988 ,
1413 2948 1438 2989 fi
1450 2948 1530 2993 quid
1543 2949 1653 2984 Roma
1663 2949 1811 2982 mittatur
1824 2944 1869 2979 est
1879 2944 2088 2980 deliberatio-

1244 2998 1282 3034 ni
1298 2997 1484 3033 obnoxium
1503 3023 1511 3031 .
2015 2994 2086 3028 ibid.

1195 3046 1354 3083 Concilia
1379 3060 1450 3083 non
1472 3048 1658 3088 definiunt,
1684 3057 1792 3091 neque
1812 3047 1949 3080 tranant
1966 3045 2025 3080 nin
2045 3044 2091 3080 de

1246 3098 1344 3133 motis
1357 3098 1441 3142 apud
1455 3100 1486 3134 se
1496 3096 1743 3134 controversiis.
1985 3092 2041 3143 78.
2053 3105 2088 3130 2.

1193 3149 1320 3184 concilii
1335 3150 1488 3192 generalis
1504 3148 1641 3181 nomine
1653 3147 1688 3181 in
1711 3148 1806 3182 causa
1818 3146 1928 3182 Sancti
1939 3144 2093 3181 Athana·

1244 3198 1279 3232 fii
1302 3209 1372 3233 non
1397 3198 1594 3242 intelligitur
1606 3198 1710 3232 totius
1723 3197 1874 3232 Ecclesiae
1886 3220 1899 3238 ,
1926 3196 1979 3232 sed
1991 3206 2087 3230 com-

1243 3260 1346 3288 mune
1357 3247 1502 3292 partibus
1514 3247 1813 3283 contradicentium
1822 3273 1830 3281 .
1982 3245 2003 3282 6
2011 3256 2040 3282 1·
2051 3253 2084 3282 2·

1194 3299 1387 3338 Concilium
1415 3298 1567 3343 generale
1598 3297 2014 3341 Constantinopolitanae·
2042 3304 2083 3330 ex

1243 3347 1345 3384 totius
1369 3348 1469 3384 Orbis
1481 3348 1653 3398 Episcopis
1676 3347 1837 3384 indictum
1856 3344 2086 3429 aSmeADa*

1923 3404 1975 3434 ma
1991 3404 2012 3428 0
2023 3417 2032 3431 ,
