<?xml version="1.0" encoding="UTF-8"?>
<!DOCTYPE html PUBLIC "-//W3C//DTD XHTML 1.0 Transitional//EN"
    "http://www.w3.org/TR/xhtml1/DTD/xhtml1-transitional.dtd">
<html xmlns="http://www.w3.org/1999/xhtml" xml:lang="en" lang="en">
 <head>
  <title>
</title>
<meta http-equiv="Content-Type" content="text/html;charset=utf-8" />
  <meta name='ocr-system' content='tesseract 3.04.00' />
  <meta name='ocr-capabilities' content='ocr_page ocr_carea ocr_par ocr_line ocrx_word'/>
</head>
<body>
  <div class='ocr_page' id='page_1' title='image "./operaomniastudio08lupuuoft_0291.png"; bbox 0 0 2326 3718; ppageno 0'>
   <div class='ocr_carea' id='block_1_1' title="bbox 708 101 1609 159">
    <p class='ocr_par' dir='ltr' id='par_1_1' title="bbox 708 101 1609 159">
     <span class='ocr_line' id='line_1_1' title="bbox 708 101 1609 159; baseline -0.001 0"><span class='ocrx_word' id='word_1_1' title='bbox 708 101 998 159; x_wconf 70' lang='lat' dir='ltr'>Romnnxs</span> <span class='ocrx_word' id='word_1_2' title='bbox 1022 110 1609 158; x_wconf 55' lang='lat' dir='ltr'>&#39;Avrsnnnriomssfus</span> 
     </span>
    </p>
   </div>
   <div class='ocr_carea' id='block_1_2' title="bbox 1898 117 2003 174">
    <p class='ocr_par' dir='ltr' id='par_1_2' title="bbox 1898 117 2003 174">
     <span class='ocr_line' id='line_1_2' title="bbox 1898 117 2003 174; baseline 0.057 -48"><span class='ocrx_word' id='word_1_3' title='bbox 1898 117 2003 174; x_wconf 46' lang='grc' dir='ltr'>,ὃς</span> 
     </span>
    </p>
   </div>
   <div class='ocr_carea' id='block_1_3' title="bbox 240 191 2076 295">
    <p class='ocr_par' dir='ltr' id='par_1_3' title="bbox 240 191 2076 295">
     <span class='ocr_line' id='line_1_3' title="bbox 240 191 2076 245; baseline 0 -10"><span class='ocrx_word' id='word_1_4' title='bbox 240 197 458 242; x_wconf 65' lang='lat' dir='ltr'>·cles12&#39;.&#39;31pse</span> <span class='ocrx_word' id='word_1_5' title='bbox 469 196 582 241; x_wconf 76' lang='lat' dir='ltr'>estqui</span> <span class='ocrx_word' id='word_1_6' title='bbox 595 198 713 235; x_wconf 70' lang='lat' dir='ltr'>sancto</span> <span class='ocrx_word' id='word_1_7' title='bbox 725 196 904 243; x_wconf 84' lang='lat' dir='ltr'>Fulgentio</span> <span class='ocrx_word' id='word_1_8' title='bbox 917 195 1139 239; x_wconf 76' lang='lat' dir='ltr'>retulit.quae-.</span> <span class='ocrx_word' id='word_1_9' title='bbox 1191 193 1413 245; x_wconf 58' lang='lat' dir='ltr'>,approbaverit</span> <span class='ocrx_word' id='word_1_10' title='bbox 1423 191 1457 236; x_wconf 57' lang='grc' dir='ltr'>μ’</span> <span class='ocrx_word' id='word_1_11' title='bbox 1471 202 1529 235; x_wconf 83' lang='lat' dir='ltr'>pro</span> <span class='ocrx_word' id='word_1_12' title='bbox 1551 198 1680 231; x_wconf 66' lang='lat' dir='ltr'>utilitate</span> <span class='ocrx_word' id='word_1_13' title='bbox 1695 196 1869 243; x_wconf 69' lang='lat' dir='ltr'>sanbi&#39;arum</span> <span class='ocrx_word' id='word_1_14' title='bbox 1882 200 2076 243; x_wconf 72' lang='lat' dir='ltr'>Ecckfiarum</span> 
     </span>
     <span class='ocr_line' id='line_1_4' title="bbox 244 242 2076 295; baseline 0.001 -12"><span class='ocrx_word' id='word_1_15' title='bbox 244 251 367 284; x_wconf 85' lang='lat' dir='ltr'>stiones</span> <span class='ocrx_word' id='word_1_16' title='bbox 382 248 427 282; x_wconf 66' lang='lat' dir='ltr'>,de</span> <span class='ocrx_word' id='word_1_17' title='bbox 448 246 627 292; x_wconf 69' lang='lat' dir='ltr'>,AEthiopis</span> <span class='ocrx_word' id='word_1_18' title='bbox 648 247 837 291; x_wconf 85' lang='lat' dir='ltr'>Baptismo‚</span> <span class='ocrx_word' id='word_1_19' title='bbox 863 247 896 281; x_wconf 88' lang='lat'>&amp;</span> <span class='ocrx_word' id='word_1_20' title='bbox 918 246 958 281; x_wconf 86' lang='lat' dir='ltr'>ad</span> <span class='ocrx_word' id='word_1_21' title='bbox 979 245 1127 290; x_wconf 71' lang='lat' dir='ltr'>cujusin-</span> <span class='ocrx_word' id='word_1_22' title='bbox 1185 244 1275 288; x_wconf 65' lang='lat' dir='ltr'>fulffe</span> <span class='ocrx_word' id='word_1_23' title='bbox 1296 244 1461 287; x_wconf 60' lang='lat' dir='ltr'>dire-llum,</span> <span class='ocrx_word' id='word_1_24' title='bbox 1481 242 1588 285; x_wconf 79' lang='lat' dir='ltr'>fimilis</span> <span class='ocrx_word' id='word_1_25' title='bbox 1603 245 1743 286; x_wconf 60' lang='lat' dir='ltr'>,haeretico</span> <span class='ocrx_word' id='word_1_26' title='bbox 1762 252 1912 292; x_wconf 52' lang='lat' dir='ltr'>,iudicetur</span> <span class='ocrx_word' id='word_1_27' title='bbox 1934 275 1942 283; x_wconf 94' lang='lat'><strong><em>.</em></strong></span> <span class='ocrx_word' id='word_1_28' title='bbox 1965 254 2076 295; x_wconf 57' lang='lat' dir='ltr'>Neque</span> 
     </span>
    </p>
   </div>
   <div class='ocr_carea' id='block_1_4' title="bbox 241 297 1125 342">
    <p class='ocr_par' dir='ltr' id='par_1_4' title="bbox 241 297 1125 342">
     <span class='ocr_line' id='line_1_5' title="bbox 241 297 1125 342; baseline -0.003 -10"><span class='ocrx_word' id='word_1_29' title='bbox 241 298 453 335; x_wconf 75' lang='lat' dir='ltr'>-strutstionem</span> <span class='ocrx_word' id='word_1_30' title='bbox 464 300 597 335; x_wconf 71' lang='lat' dir='ltr'>Sanstns</span> <span class='ocrx_word' id='word_1_31' title='bbox 607 298 801 342; x_wconf 83' lang='lat' dir='ltr'><strong>Fulgentius</strong></span> <span class='ocrx_word' id='word_1_32' title='bbox 812 298 934 341; x_wconf 79' lang='lat' dir='ltr'>scripsit</span> <span class='ocrx_word' id='word_1_33' title='bbox 946 297 1043 333; x_wconf 87' lang='lat' dir='ltr'>istum</span> <span class='ocrx_word' id='word_1_34' title='bbox 1056 306 1125 330; x_wconf 89' lang='lat' dir='ltr'>eru-</span> 
     </span>
    </p>
   </div>
   <div class='ocr_carea' id='block_1_5' title="bbox 1191 295 2076 340">
    <p class='ocr_par' dir='ltr' id='par_1_5' title="bbox 1191 295 2076 340">
     <span class='ocr_line' id='line_1_6' title="bbox 1191 295 2076 340; baseline 0.011 -15"><span class='ocrx_word' id='word_1_35' title='bbox 1191 295 1289 335; x_wconf 80' lang='lat' dir='ltr'>vestra</span> <span class='ocrx_word' id='word_1_36' title='bbox 1299 299 1494 328; x_wconf 78' lang='lat' dir='ltr'>communione</span> <span class='ocrx_word' id='word_1_37' title='bbox 1501 295 1613 338; x_wconf 70' lang='lat' dir='ltr'>,dignus</span> <span class='ocrx_word' id='word_1_38' title='bbox 1625 297 1731 335; x_wconf 78' lang='lat' dir='ltr'>existar</span> <span class='ocrx_word' id='word_1_39' title='bbox 1745 323 1754 331; x_wconf 91' lang='lat'><strong>.</strong></span> <span class='ocrx_word' id='word_1_40' title='bbox 1780 304 1819 332; x_wconf 83' lang='lat' dir='ltr'>Ut</span> <span class='ocrx_word' id='word_1_41' title='bbox 1839 307 1873 334; x_wconf 73' lang='lat' dir='ltr'>in</span> <span class='ocrx_word' id='word_1_42' title='bbox 1892 301 2028 336; x_wconf 72' lang='lat' dir='ltr'>omnibus</span> <span class='ocrx_word' id='word_1_43' title='bbox 2038 304 2076 340; x_wconf 59' lang='grc' dir='ltr'>έν</span> 
     </span>
    </p>
   </div>
   <div class='ocr_carea' id='block_1_6' title="bbox 239 344 2074 396">
    <p class='ocr_par' dir='ltr' id='par_1_6' title="bbox 239 344 2074 396">
     <span class='ocr_line' id='line_1_7' title="bbox 239 344 2074 396; baseline -0.003 -14"><span class='ocrx_word' id='word_1_44' title='bbox 239 348 610 386; x_wconf 84' lang='lat' dir='ltr'>ditiffimumlibellum.</span> <span class='ocrx_word' id='word_1_45' title='bbox 638 348 797 392; x_wconf 87' lang='lat' dir='ltr'>lpseitem</span> <span class='ocrx_word' id='word_1_46' title='bbox 809 347 927 391; x_wconf 75' lang='lat' dir='ltr'>scripsit</span> <span class='ocrx_word' id='word_1_47' title='bbox 940 347 1041 383; x_wconf 77' lang='lat' dir='ltr'>vitam</span> <span class='ocrx_word' id='word_1_48' title='bbox 1052 348 1126 380; x_wconf 83' lang='lat' dir='ltr'>San·</span> <span class='ocrx_word' id='word_1_49' title='bbox 1186 354 1243 388; x_wconf 83' lang='lat' dir='ltr'>per</span> <span class='ocrx_word' id='word_1_50' title='bbox 1264 350 1362 379; x_wconf 75' lang='lat' dir='ltr'>omnia</span> <span class='ocrx_word' id='word_1_51' title='bbox 1386 346 1594 382; x_wconf 76' lang='lat' dir='ltr'>Beatitudinis</span> <span class='ocrx_word' id='word_1_52' title='bbox 1614 344 1722 385; x_wconf 80' lang='lat' dir='ltr'>,vessrae</span> <span class='ocrx_word' id='word_1_53' title='bbox 1741 348 2074 396; x_wconf 24' lang='lat' dir='ltr'>disciplina-laudum,</span> 
     </span>
    </p>
   </div>
   <div class='ocr_carea' id='block_1_7' title="bbox 238 397 1128 542">
    <p class='ocr_par' dir='ltr' id='par_1_7' title="bbox 238 397 1128 542">
     <span class='ocr_line' id='line_1_8' title="bbox 238 397 1126 443; baseline -0.003 -11"><span class='ocrx_word' id='word_1_54' title='bbox 238 399 287 432; x_wconf 75' lang='grc' dir='ltr'>ιᾶἰ</span> <span class='ocrx_word' id='word_1_55' title='bbox 310 398 496 443; x_wconf 68' lang='lat' dir='ltr'>Fulgentii,</span> <span class='ocrx_word' id='word_1_56' title='bbox 523 399 676 434; x_wconf 82' lang='lat' dir='ltr'>Creditur</span> <span class='ocrx_word' id='word_1_57' title='bbox 686 399 748 433; x_wconf 80' lang='lat' dir='ltr'>effe</span> <span class='ocrx_word' id='word_1_58' title='bbox 757 397 876 432; x_wconf 85' lang='lat' dir='ltr'>author</span> <span class='ocrx_word' id='word_1_59' title='bbox 887 398 1043 432; x_wconf 86' lang='lat' dir='ltr'>Breviarii</span> <span class='ocrx_word' id='word_1_60' title='bbox 1063 397 1126 430; x_wconf 85' lang='lat' dir='ltr'>Ca-</span> 
     </span>
     <span class='ocr_line' id='line_1_9' title="bbox 239 447 1126 493; baseline -0.005 -10"><span class='ocrx_word' id='word_1_61' title='bbox 239 459 373 486; x_wconf 59' lang='lat' dir='ltr'>‘nonum</span> <span class='ocrx_word' id='word_1_62' title='bbox 387 473 403 489; x_wconf 73' lang='lat'><strong>,</strong></span> <span class='ocrx_word' id='word_1_63' title='bbox 423 449 457 484; x_wconf 91' lang='lat' dir='ltr'>in</span> <span class='ocrx_word' id='word_1_64' title='bbox 479 460 545 493; x_wconf 87' lang='lat' dir='ltr'>quo</span> <span class='ocrx_word' id='word_1_65' title='bbox 557 449 655 485; x_wconf 88' lang='lat' dir='ltr'>habet</span> <span class='ocrx_word' id='word_1_66' title='bbox 671 449 855 490; x_wconf 85' lang='lat' dir='ltr'>sequentia:</span> <span class='ocrx_word' id='word_1_67' title='bbox 882 452 921 480; x_wconf 85' lang='lat' dir='ltr'>Ut</span> <span class='ocrx_word' id='word_1_68' title='bbox 932 447 1126 489; x_wconf 77' lang='lat' dir='ltr'>adjudicatus</span> 
     </span>
     <span class='ocr_line' id='line_1_10' title="bbox 239 496 1128 542; baseline -0.003 -12"><span class='ocrx_word' id='word_1_69' title='bbox 239 496 410 540; x_wconf 62' lang='lat' dir='ltr'>Episcopus</span> <span class='ocrx_word' id='word_1_70' title='bbox 431 501 476 532; x_wconf 84' lang='lat' dir='ltr'>ad</span> <span class='ocrx_word' id='word_1_71' title='bbox 496 500 680 542; x_wconf 68' lang='lat' dir='ltr'>apostolicam</span> <span class='ocrx_word' id='word_1_72' title='bbox 699 499 802 531; x_wconf 79' lang='lat' dir='ltr'>Sedem</span> <span class='ocrx_word' id='word_1_73' title='bbox 816 523 827 538; x_wconf 93' lang='lat'>‚</span> <span class='ocrx_word' id='word_1_74' title='bbox 847 497 877 540; x_wconf 85' lang='lat' dir='ltr'><em>fi</em></span> <span class='ocrx_word' id='word_1_75' title='bbox 898 499 1023 532; x_wconf 78' lang='lat' dir='ltr'>voluerit</span> <span class='ocrx_word' id='word_1_76' title='bbox 1040 520 1052 537; x_wconf 91' lang='lat'>‚</span> <span class='ocrx_word' id='word_1_77' title='bbox 1077 503 1128 537; x_wconf 86' lang='lat' dir='ltr'>ap—</span> 
     </span>
    </p>
   </div>
   <div class='ocr_carea' id='block_1_8' title="bbox 68 545 1126 602">
    <p class='ocr_par' dir='ltr' id='par_1_8' title="bbox 68 545 1126 602">
     <span class='ocr_line' id='line_1_11' title="bbox 68 545 1126 602; baseline -0.005 -20"><span class='ocrx_word' id='word_1_78' title='bbox 68 548 349 602; x_wconf 66' lang='lat' dir='ltr'>cap-59·§0·P‘&#39;‘2²·</span> <span class='ocrx_word' id='word_1_79' title='bbox 378 552 417 582; x_wconf 80' lang='lat' dir='ltr'>Ut</span> <span class='ocrx_word' id='word_1_80' title='bbox 429 548 459 590; x_wconf 84' lang='lat' dir='ltr'><em>fi</em></span> <span class='ocrx_word' id='word_1_81' title='bbox 476 549 697 592; x_wconf 70' lang='lat' dir='ltr'>appellaverit,</span> <span class='ocrx_word' id='word_1_82' title='bbox 724 550 799 581; x_wconf 79' lang='lat' dir='ltr'>alius</span> <span class='ocrx_word' id='word_1_83' title='bbox 821 553 854 582; x_wconf 87' lang='lat' dir='ltr'>in</span> <span class='ocrx_word' id='word_1_84' title='bbox 865 548 1018 582; x_wconf 78' lang='lat' dir='ltr'>eathedra</span> <span class='ocrx_word' id='word_1_85' title='bbox 1038 545 1126 588; x_wconf 82' lang='lat' dir='ltr'>ipfius</span> 
     </span>
    </p>
   </div>
   <div class='ocr_carea' id='block_1_9' title="bbox 244 597 1128 643">
    <p class='ocr_par' dir='ltr' id='par_1_9' title="bbox 244 597 1128 643">
     <span class='ocr_line' id='line_1_12' title="bbox 244 597 1128 643; baseline -0.003 -11"><span class='ocrx_word' id='word_1_86' title='bbox 244 610 304 632; x_wconf 80' lang='lat' dir='ltr'>non</span> <span class='ocrx_word' id='word_1_87' title='bbox 323 600 477 634; x_wconf 73' lang='lat' dir='ltr'>ordinetur</span> <span class='ocrx_word' id='word_1_88' title='bbox 488 623 496 631; x_wconf 86' lang='lat'><strong>.</strong></span> <span class='ocrx_word' id='word_1_89' title='bbox 524 599 566 632; x_wconf 88' lang='lat' dir='ltr'>Et</span> <span class='ocrx_word' id='word_1_90' title='bbox 577 597 693 638; x_wconf 76' lang='lat' dir='ltr'>diserte</span> <span class='ocrx_word' id='word_1_91' title='bbox 703 598 853 643; x_wconf 85' lang='lat' dir='ltr'>adjungit</span> <span class='ocrx_word' id='word_1_92' title='bbox 863 597 925 632; x_wconf 90' lang='lat' dir='ltr'>hos</span> <span class='ocrx_word' id='word_1_93' title='bbox 935 599 997 632; x_wconf 76' lang='lat' dir='ltr'>esse</span> <span class='ocrx_word' id='word_1_94' title='bbox 1017 597 1128 631; x_wconf 84' lang='lat' dir='ltr'>Cano-</span> 
     </span>
    </p>
   </div>
   <div class='ocr_carea' id='block_1_10' title="bbox 239 647 1140 691">
    <p class='ocr_par' dir='ltr' id='par_1_10' title="bbox 239 647 1140 691">
     <span class='ocr_line' id='line_1_13' title="bbox 239 647 1140 691; baseline 0 -8"><span class='ocrx_word' id='word_1_95' title='bbox 239 659 301 683; x_wconf 79' lang='lat' dir='ltr'>nes</span> <span class='ocrx_word' id='word_1_96' title='bbox 320 649 522 684; x_wconf 87' lang='lat' dir='ltr'>Sardicenses</span> <span class='ocrx_word' id='word_1_97' title='bbox 533 673 541 681; x_wconf 90' lang='lat'>.</span> <span class='ocrx_word' id='word_1_98' title='bbox 565 649 693 683; x_wconf 86' lang='lat' dir='ltr'>Laudat</span> <span class='ocrx_word' id='word_1_99' title='bbox 712 648 887 682; x_wconf 85' lang='lat' dir='ltr'>&amp;adducit</span> <span class='ocrx_word' id='word_1_100' title='bbox 899 649 1006 691; x_wconf 88' lang='lat' dir='ltr'>plures</span> <span class='ocrx_word' id='word_1_101' title='bbox 1019 647 1140 685; x_wconf 73' lang='lat' dir='ltr'>Cano·,</span> 
     </span>
    </p>
   </div>
   <div class='ocr_carea' id='block_1_11' title="bbox 236 695 1136 2035">
    <p class='ocr_par' dir='ltr' id='par_1_11' title="bbox 236 695 1136 2035">
     <span class='ocr_line' id='line_1_14' title="bbox 241 695 1128 741; baseline -0.001 -8"><span class='ocrx_word' id='word_1_102' title='bbox 241 710 302 733; x_wconf 83' lang='lat' dir='ltr'>nes</span> <span class='ocrx_word' id='word_1_103' title='bbox 323 699 414 734; x_wconf 85' lang='lat' dir='ltr'>istius</span> <span class='ocrx_word' id='word_1_104' title='bbox 425 698 551 741; x_wconf 80' lang='lat' dir='ltr'>synodi</span> <span class='ocrx_word' id='word_1_105' title='bbox 565 723 573 730; x_wconf 90' lang='lat'><strong>.</strong></span> <span class='ocrx_word' id='word_1_106' title='bbox 599 699 643 732; x_wconf 90' lang='lat' dir='ltr'>Et</span> <span class='ocrx_word' id='word_1_107' title='bbox 655 699 740 732; x_wconf 89' lang='lat' dir='ltr'>istud</span> <span class='ocrx_word' id='word_1_108' title='bbox 752 698 952 732; x_wconf 87' lang='lat' dir='ltr'>Breviarium</span> <span class='ocrx_word' id='word_1_109' title='bbox 970 696 1058 731; x_wconf 87' lang='lat' dir='ltr'>haud</span> <span class='ocrx_word' id='word_1_110' title='bbox 1070 695 1128 732; x_wconf 85' lang='lat' dir='ltr'>du-</span> 
     </span>
     <span class='ocr_line' id='line_1_15' title="bbox 243 746 1127 792; baseline -0.006 -10"><span class='ocrx_word' id='word_1_111' title='bbox 243 747 297 783; x_wconf 70' lang='lat' dir='ltr'>bie</span> <span class='ocrx_word' id='word_1_112' title='bbox 317 748 439 792; x_wconf 80' lang='lat' dir='ltr'>scripsit</span> <span class='ocrx_word' id='word_1_113' title='bbox 462 748 503 782; x_wconf 91' lang='lat' dir='ltr'>ad</span> <span class='ocrx_word' id='word_1_114' title='bbox 524 747 769 783; x_wconf 66' lang='lat' dir='ltr'>instruCtionem</span> <span class='ocrx_word' id='word_1_115' title='bbox 790 747 949 782; x_wconf 78' lang='lat' dir='ltr'>Africanae</span> <span class='ocrx_word' id='word_1_116' title='bbox 962 746 1127 781; x_wconf 77' lang='lat' dir='ltr'>Ecclesiae.</span> 
     </span>
     <span class='ocr_line' id='line_1_16' title="bbox 242 796 1128 843; baseline -0.003 -11"><span class='ocrx_word' id='word_1_117' title='bbox 242 797 442 836; x_wconf 82' lang='lat' dir='ltr'>Forsitanad</span> <span class='ocrx_word' id='word_1_118' title='bbox 455 798 654 834; x_wconf 84' lang='lat' dir='ltr'>abolendum</span> <span class='ocrx_word' id='word_1_119' title='bbox 664 800 698 837; x_wconf 76' lang='grc' dir='ltr'>δε</span> <span class='ocrx_word' id='word_1_120' title='bbox 710 796 975 843; x_wconf 85' lang='lat' dir='ltr'>proscribendum</span> <span class='ocrx_word' id='word_1_121' title='bbox 989 797 1128 840; x_wconf 87' lang='lat' dir='ltr'>priorem</span> 
     </span>
     <span class='ocr_line' id='line_1_17' title="bbox 238 845 1131 892; baseline -0.003 -10"><span class='ocrx_word' id='word_1_122' title='bbox 238 847 336 886; x_wconf 73' lang='lat' dir='ltr'>istius</span> <span class='ocrx_word' id='word_1_123' title='bbox 358 848 508 885; x_wconf 83' lang='lat' dir='ltr'>Ecclesiae</span> <span class='ocrx_word' id='word_1_124' title='bbox 530 849 714 891; x_wconf 90' lang='lat' dir='ltr'>Codicern‚</span> <span class='ocrx_word' id='word_1_125' title='bbox 742 850 775 887; x_wconf 84' lang='lat' dir='ltr'>in</span> <span class='ocrx_word' id='word_1_126' title='bbox 795 848 1014 892; x_wconf 90' lang='lat' dir='ltr'>quolitigiosa</span> <span class='ocrx_word' id='word_1_127' title='bbox 1027 845 1131 882; x_wconf 89' lang='lat' dir='ltr'>acde-</span> 
     </span>
     <span class='ocr_line' id='line_1_18' title="bbox 240 896 1129 946; baseline -0.003 -14"><span class='ocrx_word' id='word_1_128' title='bbox 240 899 296 932; x_wconf 78' lang='lat' dir='ltr'>via</span> <span class='ocrx_word' id='word_1_129' title='bbox 316 900 400 932; x_wconf 69' lang='lat' dir='ltr'>Asta</span> <span class='ocrx_word' id='word_1_130' title='bbox 423 910 516 933; x_wconf 87' lang='lat' dir='ltr'>erant</span> <span class='ocrx_word' id='word_1_131' title='bbox 537 897 633 941; x_wconf 87' lang='lat' dir='ltr'>alpha</span> <span class='ocrx_word' id='word_1_132' title='bbox 644 900 678 933; x_wconf 76' lang='lat' dir='ltr'>&lt;Sc</span> <span class='ocrx_word' id='word_1_133' title='bbox 689 909 808 942; x_wconf 81' lang='lat' dir='ltr'>omega</span> <span class='ocrx_word' id='word_1_134' title='bbox 822 923 831 931; x_wconf 90' lang='lat'><strong>.</strong></span> <span class='ocrx_word' id='word_1_135' title='bbox 857 896 1030 946; x_wconf 87' lang='lat' dir='ltr'>Qidquid</span> <span class='ocrx_word' id='word_1_136' title='bbox 1041 897 1078 929; x_wconf 86' lang='lat' dir='ltr'>fit</span> <span class='ocrx_word' id='word_1_137' title='bbox 1089 907 1129 929; x_wconf 84' lang='lat' dir='ltr'>ex</span> 
     </span>
     <span class='ocr_line' id='line_1_19' title="bbox 241 945 1130 991; baseline -0.004 -9"><span class='ocrx_word' id='word_1_138' title='bbox 241 948 415 984; x_wconf 80' lang='lat' dir='ltr'>Breviario</span> <span class='ocrx_word' id='word_1_139' title='bbox 426 949 512 989; x_wconf 84' lang='lat' dir='ltr'>lucet</span> <span class='ocrx_word' id='word_1_140' title='bbox 523 948 737 983; x_wconf 80' lang='lat' dir='ltr'>&amp;Romanas</span> <span class='ocrx_word' id='word_1_141' title='bbox 747 947 984 991; x_wconf 84' lang='lat' dir='ltr'>Episcoporum</span> <span class='ocrx_word' id='word_1_142' title='bbox 994 945 1130 989; x_wconf 86' lang='lat' dir='ltr'>appella·</span> 
     </span>
     <span class='ocr_line' id='line_1_20' title="bbox 241 994 1130 1039; baseline -0.007 -7"><span class='ocrx_word' id='word_1_143' title='bbox 241 1000 354 1037; x_wconf 67' lang='lat' dir='ltr'>tiones</span> <span class='ocrx_word' id='word_1_144' title='bbox 363 1022 374 1038; x_wconf 91' lang='lat'><em>‚</em></span> <span class='ocrx_word' id='word_1_145' title='bbox 400 1010 439 1031; x_wconf 84' lang='lat' dir='ltr'>ac</span> <span class='ocrx_word' id='word_1_146' title='bbox 449 1000 528 1033; x_wconf 88' lang='lat' dir='ltr'>item</span> <span class='ocrx_word' id='word_1_147' title='bbox 539 997 742 1036; x_wconf 75' lang='lat' dir='ltr'>sardicenses</span> <span class='ocrx_word' id='word_1_148' title='bbox 752 997 793 1031; x_wconf 89' lang='lat' dir='ltr'>de</span> <span class='ocrx_word' id='word_1_149' title='bbox 804 997 878 1039; x_wconf 86' lang='lat' dir='ltr'>ipfis</span> <span class='ocrx_word' id='word_1_150' title='bbox 891 996 1045 1036; x_wconf 83' lang='lat' dir='ltr'>Canones</span> <span class='ocrx_word' id='word_1_151' title='bbox 1056 994 1130 1028; x_wconf 87' lang='lat' dir='ltr'>fuis-</span> 
     </span>
     <span class='ocr_line' id='line_1_21' title="bbox 240 1044 1131 1086; baseline -0.004 -5"><span class='ocrx_word' id='word_1_152' title='bbox 240 1049 275 1086; x_wconf 71' lang='lat' dir='ltr'>se</span> <span class='ocrx_word' id='word_1_153' title='bbox 295 1058 381 1081; x_wconf 70' lang='lat' dir='ltr'>tunc.</span> <span class='ocrx_word' id='word_1_154' title='bbox 399 1047 433 1080; x_wconf 88' lang='lat' dir='ltr'>in</span> <span class='ocrx_word' id='word_1_155' title='bbox 447 1045 559 1080; x_wconf 80' lang='lat' dir='ltr'>Africa</span> <span class='ocrx_word' id='word_1_156' title='bbox 572 1045 756 1081; x_wconf 87' lang='lat' dir='ltr'>notiffimos</span> <span class='ocrx_word' id='word_1_157' title='bbox 770 1057 808 1080; x_wconf 90' lang='lat' dir='ltr'>ac</span> <span class='ocrx_word' id='word_1_158' title='bbox 822 1046 1021 1085; x_wconf 85' lang='lat' dir='ltr'>firmiffimos</span> <span class='ocrx_word' id='word_1_159' title='bbox 1033 1070 1040 1077; x_wconf 94' lang='lat'>.</span> <span class='ocrx_word' id='word_1_160' title='bbox 1068 1044 1131 1081; x_wconf 88' lang='lat' dir='ltr'>Eo-</span> 
     </span>
     <span class='ocr_line' id='line_1_22' title="bbox 240 1094 1128 1140; baseline -0.002 -10"><span class='ocrx_word' id='word_1_161' title='bbox 240 1107 315 1130; x_wconf 83' lang='lat' dir='ltr'>rum</span> <span class='ocrx_word' id='word_1_162' title='bbox 340 1107 425 1129; x_wconf 86' lang='lat' dir='ltr'>unus</span> <span class='ocrx_word' id='word_1_163' title='bbox 437 1095 482 1130; x_wconf 85' lang='lat' dir='ltr'>est</span> <span class='ocrx_word' id='word_1_164' title='bbox 496 1094 553 1129; x_wconf 91' lang='lat' dir='ltr'>ille</span> <span class='ocrx_word' id='word_1_165' title='bbox 566 1095 654 1138; x_wconf 82' lang='lat' dir='ltr'>ipse,</span> <span class='ocrx_word' id='word_1_166' title='bbox 680 1107 776 1140; x_wconf 87' lang='lat' dir='ltr'>quem</span> <span class='ocrx_word' id='word_1_167' title='bbox 789 1096 1128 1140; x_wconf 86' lang='lat' dir='ltr'>suorumLegatorum</span> 
     </span>
     <span class='ocr_line' id='line_1_23' title="bbox 239 1144 1128 1181; baseline -0.004 -1"><span class='ocrx_word' id='word_1_168' title='bbox 239 1144 515 1180; x_wconf 86' lang='lat' dir='ltr'>Commonitorio</span> <span class='ocrx_word' id='word_1_169' title='bbox 546 1146 704 1180; x_wconf 87' lang='lat' dir='ltr'>Zozimus</span> <span class='ocrx_word' id='word_1_170' title='bbox 735 1145 892 1181; x_wconf 86' lang='lat' dir='ltr'>Pontifex</span> <span class='ocrx_word' id='word_1_171' title='bbox 935 1146 1128 1180; x_wconf 82' lang='lat' dir='ltr'>inseruerat.</span> 
     </span>
     <span class='ocr_line' id='line_1_24' title="bbox 237 1194 1130 1240; baseline -0.002 -10"><span class='ocrx_word' id='word_1_172' title='bbox 237 1194 374 1238; x_wconf 81' lang='lat' dir='ltr'>Nempe</span> <span class='ocrx_word' id='word_1_173' title='bbox 396 1194 590 1230; x_wconf 87' lang='lat' dir='ltr'>venerabilis</span> <span class='ocrx_word' id='word_1_174' title='bbox 611 1196 791 1239; x_wconf 87' lang='lat' dir='ltr'>Capreolus</span> <span class='ocrx_word' id='word_1_175' title='bbox 802 1196 917 1240; x_wconf 85' lang='lat' dir='ltr'>acejus</span> <span class='ocrx_word' id='word_1_176' title='bbox 930 1195 1130 1231; x_wconf 71' lang='lat' dir='ltr'>successores</span> 
     </span>
     <span class='ocr_line' id='line_1_25' title="bbox 239 1245 1130 1291; baseline -0.001 -12"><span class='ocrx_word' id='word_1_177' title='bbox 239 1257 312 1280; x_wconf 81' lang='lat' dir='ltr'>non</span> <span class='ocrx_word' id='word_1_178' title='bbox 325 1246 428 1280; x_wconf 86' lang='lat' dir='ltr'>solam</span> <span class='ocrx_word' id='word_1_179' title='bbox 439 1245 568 1281; x_wconf 81' lang='lat' dir='ltr'>Aurelii</span> <span class='ocrx_word' id='word_1_180' title='bbox 590 1246 675 1280; x_wconf 86' lang='lat' dir='ltr'>circa</span> <span class='ocrx_word' id='word_1_181' title='bbox 697 1246 866 1281; x_wconf 86' lang='lat' dir='ltr'>Romanas</span> <span class='ocrx_word' id='word_1_182' title='bbox 890 1246 1130 1291; x_wconf 85' lang='lat' dir='ltr'>Episcoporum</span> 
     </span>
     <span class='ocr_line' id='line_1_26' title="bbox 240 1295 1129 1340; baseline -0.001 -10"><span class='ocrx_word' id='word_1_183' title='bbox 240 1296 480 1340; x_wconf 77' lang='lat' dir='ltr'>appellationes</span> <span class='ocrx_word' id='word_1_184' title='bbox 501 1295 719 1335; x_wconf 78' lang='lat' dir='ltr'>temeritatem</span> <span class='ocrx_word' id='word_1_185' title='bbox 741 1296 1050 1337; x_wconf 80' lang='lat' dir='ltr'>circumduxerant,</span> <span class='ocrx_word' id='word_1_186' title='bbox 1075 1295 1129 1332; x_wconf 81' lang='lat' dir='ltr'>sed</span> 
     </span>
     <span class='ocr_line' id='line_1_27' title="bbox 241 1345 1135 1390; baseline 0.004 -10"><span class='ocrx_word' id='word_1_187' title='bbox 241 1346 375 1389; x_wconf 81' lang='lat' dir='ltr'>insuper</span> <span class='ocrx_word' id='word_1_188' title='bbox 397 1346 613 1390; x_wconf 84' lang='lat' dir='ltr'>probaverant</span> <span class='ocrx_word' id='word_1_189' title='bbox 632 1370 643 1387; x_wconf 83' lang='lat'><strong>,</strong></span> <span class='ocrx_word' id='word_1_190' title='bbox 668 1358 709 1386; x_wconf 81' lang='lat' dir='ltr'>ac</span> <span class='ocrx_word' id='word_1_191' title='bbox 731 1347 767 1381; x_wconf 87' lang='lat' dir='ltr'>in</span> <span class='ocrx_word' id='word_1_192' title='bbox 792 1346 957 1382; x_wconf 84' lang='lat' dir='ltr'>Africanae</span> <span class='ocrx_word' id='word_1_193' title='bbox 986 1345 1135 1384; x_wconf 72' lang='lat' dir='ltr'>Ecclefiae</span> 
     </span>
     <span class='ocr_line' id='line_1_28' title="bbox 240 1394 1133 1435; baseline 0 -6"><span class='ocrx_word' id='word_1_194' title='bbox 240 1397 337 1430; x_wconf 79' lang='lat' dir='ltr'>usum</span> <span class='ocrx_word' id='word_1_195' title='bbox 349 1394 547 1434; x_wconf 84' lang='lat' dir='ltr'>admiserant</span> <span class='ocrx_word' id='word_1_196' title='bbox 559 1396 714 1435; x_wconf 83' lang='lat' dir='ltr'>Canones</span> <span class='ocrx_word' id='word_1_197' title='bbox 723 1396 926 1435; x_wconf 73' lang='lat' dir='ltr'>¹Sardicenses</span> <span class='ocrx_word' id='word_1_198' title='bbox 935 1421 942 1429; x_wconf 92' lang='lat'>.</span> <span class='ocrx_word' id='word_1_199' title='bbox 973 1396 1133 1431; x_wconf 85' lang='lat' dir='ltr'>Attamen</span> 
     </span>
     <span class='ocr_line' id='line_1_29' title="bbox 241 1444 1136 1494; baseline 0 -15"><span class='ocrx_word' id='word_1_200' title='bbox 241 1444 427 1485; x_wconf 65' lang='lat' dir='ltr'>ferrandus</span> <span class='ocrx_word' id='word_1_201' title='bbox 448 1446 490 1481; x_wconf 88' lang='lat' dir='ltr'>de</span> <span class='ocrx_word' id='word_1_202' title='bbox 510 1447 673 1486; x_wconf 85' lang='lat' dir='ltr'>Romanis</span> <span class='ocrx_word' id='word_1_203' title='bbox 685 1447 890 1486; x_wconf 78' lang='lat' dir='ltr'>Clericorum</span> <span class='ocrx_word' id='word_1_204' title='bbox 907 1446 1136 1494; x_wconf 74' lang='lat' dir='ltr'>appellationi—</span> 
     </span>
     <span class='ocr_line' id='line_1_30' title="bbox 242 1495 1135 1541; baseline -0.001 -11"><span class='ocrx_word' id='word_1_205' title='bbox 242 1495 308 1531; x_wconf 85' lang='lat' dir='ltr'>bus</span> <span class='ocrx_word' id='word_1_206' title='bbox 324 1507 394 1531; x_wconf 89' lang='lat' dir='ltr'>non</span> <span class='ocrx_word' id='word_1_207' title='bbox 403 1496 571 1538; x_wconf 86' lang='lat' dir='ltr'>loquitur:</span> <span class='ocrx_word' id='word_1_208' title='bbox 598 1497 672 1531; x_wconf 90' lang='lat' dir='ltr'>Nec</span> <span class='ocrx_word' id='word_1_209' title='bbox 684 1508 743 1541; x_wconf 91' lang='lat' dir='ltr'>pro</span> <span class='ocrx_word' id='word_1_210' title='bbox 751 1498 915 1541; x_wconf 87' lang='lat' dir='ltr'>ipsis,nec</span> <span class='ocrx_word' id='word_1_211' title='bbox 925 1507 1040 1533; x_wconf 84' lang='lat' dir='ltr'>contra</span> <span class='ocrx_word' id='word_1_212' title='bbox 1053 1497 1135 1540; x_wconf 79' lang='lat' dir='ltr'>ipsas</span> 
     </span>
     <span class='ocr_line' id='line_1_31' title="bbox 241 1546 1131 1592; baseline 0 -12"><span class='ocrx_word' id='word_1_213' title='bbox 241 1546 378 1581; x_wconf 76' lang='lat' dir='ltr'>adducit</span> <span class='ocrx_word' id='word_1_214' title='bbox 409 1547 515 1581; x_wconf 90' lang='lat' dir='ltr'>ullum</span> <span class='ocrx_word' id='word_1_215' title='bbox 548 1547 721 1582; x_wconf 88' lang='lat' dir='ltr'>Canonem</span> <span class='ocrx_word' id='word_1_216' title='bbox 746 1573 754 1581; x_wconf 90' lang='lat'><strong><em>.</em></strong></span> <span class='ocrx_word' id='word_1_217' title='bbox 782 1547 912 1592; x_wconf 77' lang='lat' dir='ltr'>Nempe</span> <span class='ocrx_word' id='word_1_218' title='bbox 931 1547 1131 1591; x_wconf 85' lang='lat' dir='ltr'>Capreolus,</span> 
     </span>
     <span class='ocr_line' id='line_1_32' title="bbox 238 1595 1134 1641; baseline 0.001 -11"><span class='ocrx_word' id='word_1_219' title='bbox 238 1607 379 1632; x_wconf 74' lang='lat' dir='ltr'>,omnem</span> <span class='ocrx_word' id='word_1_220' title='bbox 390 1595 484 1632; x_wconf 87' lang='lat' dir='ltr'>istam</span> <span class='ocrx_word' id='word_1_221' title='bbox 497 1598 591 1635; x_wconf 81' lang='lat' dir='ltr'>litem</span> <span class='ocrx_word' id='word_1_222' title='bbox 602 1598 735 1641; x_wconf 85' lang='lat' dir='ltr'>cupiens</span> <span class='ocrx_word' id='word_1_223' title='bbox 745 1598 888 1637; x_wconf 80' lang='lat' dir='ltr'>evulsam</span> <span class='ocrx_word' id='word_1_224' title='bbox 898 1620 909 1637; x_wconf 91' lang='lat'>‚</span> <span class='ocrx_word' id='word_1_225' title='bbox 936 1599 1027 1641; x_wconf 88' lang='lat' dir='ltr'>supra</span> <span class='ocrx_word' id='word_1_226' title='bbox 1035 1596 1134 1631; x_wconf 85' lang='lat' dir='ltr'>addu-</span> 
     </span>
     <span class='ocr_line' id='line_1_33' title="bbox 239 1646 1135 1695; baseline 0.001 -16"><span class='ocrx_word' id='word_1_227' title='bbox 239 1647 313 1683; x_wconf 69' lang='lat' dir='ltr'>,stos</span> <span class='ocrx_word' id='word_1_228' title='bbox 322 1646 364 1680; x_wconf 91' lang='lat' dir='ltr'>de</span> <span class='ocrx_word' id='word_1_229' title='bbox 375 1647 434 1680; x_wconf 84' lang='lat' dir='ltr'>ista</span> <span class='ocrx_word' id='word_1_230' title='bbox 447 1659 482 1681; x_wconf 91' lang='lat' dir='ltr'>re</span> <span class='ocrx_word' id='word_1_231' title='bbox 493 1646 769 1695; x_wconf 80' lang='lat' dir='ltr'>Carthaginenses</span> <span class='ocrx_word' id='word_1_232' title='bbox 781 1648 935 1682; x_wconf 88' lang='lat' dir='ltr'>Canones</span> <span class='ocrx_word' id='word_1_233' title='bbox 952 1647 1135 1683; x_wconf 82' lang='lat' dir='ltr'>circumdu-</span> 
     </span>
     <span class='ocr_line' id='line_1_34' title="bbox 238 1695 1135 1743; baseline 0.002 -13"><span class='ocrx_word' id='word_1_234' title='bbox 238 1706 332 1730; x_wconf 78' lang='lat' dir='ltr'>xerat</span> <span class='ocrx_word' id='word_1_235' title='bbox 344 1720 357 1737; x_wconf 88' lang='lat'><strong>,</strong></span> <span class='ocrx_word' id='word_1_236' title='bbox 379 1695 418 1737; x_wconf 65' lang='grc' dir='ltr'>,ἃς</span> <span class='ocrx_word' id='word_1_237' title='bbox 429 1695 535 1742; x_wconf 86' lang='lat' dir='ltr'>vigere</span> <span class='ocrx_word' id='word_1_238' title='bbox 552 1697 677 1742; x_wconf 77' lang='lat' dir='ltr'>jusserat</span> <span class='ocrx_word' id='word_1_239' title='bbox 691 1698 792 1734; x_wconf 81' lang='lat' dir='ltr'>solam</span> <span class='ocrx_word' id='word_1_240' title='bbox 817 1697 987 1743; x_wconf 87' lang='lat' dir='ltr'>antiquam</span> <span class='ocrx_word' id='word_1_241' title='bbox 998 1698 1135 1732; x_wconf 86' lang='lat' dir='ltr'>consue-</span> 
     </span>
     <span class='ocr_line' id='line_1_35' title="bbox 239 1745 1135 1791; baseline 0.001 -12"><span class='ocrx_word' id='word_1_242' title='bbox 239 1746 409 1780; x_wconf 86' lang='lat' dir='ltr'>tudinem.</span> <span class='ocrx_word' id='word_1_243' title='bbox 439 1745 489 1782; x_wconf 85' lang='lat' dir='ltr'>lta</span> <span class='ocrx_word' id='word_1_244' title='bbox 520 1747 653 1791; x_wconf 87' lang='lat' dir='ltr'>quidam</span> <span class='ocrx_word' id='word_1_245' title='bbox 674 1748 854 1791; x_wconf 75' lang='lat' dir='ltr'>opinantur</span> <span class='ocrx_word' id='word_1_246' title='bbox 877 1772 885 1780; x_wconf 93' lang='lat'><strong>.</strong></span> <span class='ocrx_word' id='word_1_247' title='bbox 913 1747 1042 1782; x_wconf 77' lang='lat' dir='ltr'>Verum</span> <span class='ocrx_word' id='word_1_248' title='bbox 1064 1747 1135 1790; x_wconf 88' lang='lat' dir='ltr'>ipfis</span> 
     </span>
     <span class='ocr_line' id='line_1_36' title="bbox 237 1795 1135 1843; baseline 0.001 -13"><span class='ocrx_word' id='word_1_249' title='bbox 237 1795 366 1830; x_wconf 83' lang='lat' dir='ltr'>obsistit</span> <span class='ocrx_word' id='word_1_250' title='bbox 378 1795 575 1833; x_wconf 87' lang='lat' dir='ltr'>Cresconius</span> <span class='ocrx_word' id='word_1_251' title='bbox 589 1798 790 1842; x_wconf 82' lang='lat' dir='ltr'>Episcopus,</span> <span class='ocrx_word' id='word_1_252' title='bbox 819 1797 875 1843; x_wconf 85' lang='lat' dir='ltr'>qui</span> <span class='ocrx_word' id='word_1_253' title='bbox 897 1797 1135 1843; x_wconf 85' lang='lat' dir='ltr'>Carthaginen-</span> 
     </span>
     <span class='ocr_line' id='line_1_37' title="bbox 238 1847 1135 1892; baseline 0.001 -12"><span class='ocrx_word' id='word_1_254' title='bbox 238 1847 306 1883; x_wconf 83' lang='lat' dir='ltr'>sem</span> <span class='ocrx_word' id='word_1_255' title='bbox 326 1857 440 1882; x_wconf 89' lang='lat' dir='ltr'>contra</span> <span class='ocrx_word' id='word_1_256' title='bbox 462 1848 536 1881; x_wconf 87' lang='lat' dir='ltr'>istas</span> <span class='ocrx_word' id='word_1_257' title='bbox 549 1848 786 1892; x_wconf 84' lang='lat' dir='ltr'>appellationes</span> <span class='ocrx_word' id='word_1_258' title='bbox 810 1848 1135 1887; x_wconf 83' lang='lat' dir='ltr'>Canoneminseruit</span> 
     </span>
     <span class='ocr_line' id='line_1_38' title="bbox 238 1896 1135 1946; baseline 0 -16"><span class='ocrx_word' id='word_1_259' title='bbox 238 1898 300 1942; x_wconf 76' lang='lat' dir='ltr'>suo</span> <span class='ocrx_word' id='word_1_260' title='bbox 309 1896 450 1932; x_wconf 86' lang='lat' dir='ltr'>Codici.</span> <span class='ocrx_word' id='word_1_261' title='bbox 480 1897 590 1946; x_wconf 81' lang='lat' dir='ltr'>Qare</span> <span class='ocrx_word' id='word_1_262' title='bbox 612 1899 716 1932; x_wconf 88' lang='lat' dir='ltr'>verius</span> <span class='ocrx_word' id='word_1_263' title='bbox 727 1898 794 1937; x_wconf 85' lang='lat' dir='ltr'>est,</span> <span class='ocrx_word' id='word_1_264' title='bbox 824 1898 914 1942; x_wconf 90' lang='lat' dir='ltr'>quod</span> <span class='ocrx_word' id='word_1_265' title='bbox 934 1897 1135 1932; x_wconf 89' lang='lat' dir='ltr'>venerandus</span> 
     </span>
     <span class='ocr_line' id='line_1_39' title="bbox 238 1946 1135 1993; baseline -0.001 -11"><span class='ocrx_word' id='word_1_266' title='bbox 238 1946 423 1993; x_wconf 87' lang='lat' dir='ltr'>Capreolus</span> <span class='ocrx_word' id='word_1_267' title='bbox 448 1958 518 1982; x_wconf 90' lang='lat' dir='ltr'>non</span> <span class='ocrx_word' id='word_1_268' title='bbox 539 1949 642 1982; x_wconf 85' lang='lat' dir='ltr'>solam</span> <span class='ocrx_word' id='word_1_269' title='bbox 682 1948 806 1982; x_wconf 87' lang='lat' dir='ltr'>avitam</span> <span class='ocrx_word' id='word_1_270' title='bbox 836 1947 1135 1987; x_wconf 87' lang='lat' dir='ltr'>consuetudinem,</span> 
     </span>
     <span class='ocr_line' id='line_1_40' title="bbox 236 1997 1136 2035; baseline 0 -4"><span class='ocrx_word' id='word_1_271' title='bbox 236 1998 292 2032; x_wconf 83' lang='lat' dir='ltr'>sed</span> <span class='ocrx_word' id='word_1_272' title='bbox 312 2008 458 2034; x_wconf 86' lang='lat' dir='ltr'>retentos</span> <span class='ocrx_word' id='word_1_273' title='bbox 481 1997 620 2033; x_wconf 86' lang='lat' dir='ltr'>voluerit</span> <span class='ocrx_word' id='word_1_274' title='bbox 633 1998 712 2033; x_wconf 86' lang='lat' dir='ltr'>istos</span> <span class='ocrx_word' id='word_1_275' title='bbox 730 1999 832 2032; x_wconf 87' lang='lat' dir='ltr'>etiam</span> <span class='ocrx_word' id='word_1_276' title='bbox 841 1999 1020 2035; x_wconf 68' lang='lat' dir='ltr'>Cimone-³.</span> <span class='ocrx_word' id='word_1_277' title='bbox 1050 1998 1136 2031; x_wconf 83' lang='lat' dir='ltr'>Inte-</span> 
     </span>
    </p>
   </div>
   <div class='ocr_carea' id='block_1_12' title="bbox 236 2045 1138 2090">
    <p class='ocr_par' dir='ltr' id='par_1_12' title="bbox 236 2045 1138 2090">
     <span class='ocr_line' id='line_1_41' title="bbox 236 2045 1138 2090; baseline -0.002 -9"><span class='ocrx_word' id='word_1_278' title='bbox 236 2049 302 2081; x_wconf 79' lang='lat' dir='ltr'>rim</span> <span class='ocrx_word' id='word_1_279' title='bbox 328 2045 416 2087; x_wconf 82' lang='lat' dir='ltr'>idem</span> <span class='ocrx_word' id='word_1_280' title='bbox 430 2048 628 2082; x_wconf 89' lang='lat' dir='ltr'>Cresconius</span> <span class='ocrx_word' id='word_1_281' title='bbox 644 2048 703 2081; x_wconf 89' lang='lat' dir='ltr'>suo</span> <span class='ocrx_word' id='word_1_282' title='bbox 716 2047 838 2082; x_wconf 87' lang='lat' dir='ltr'>Codici</span> <span class='ocrx_word' id='word_1_283' title='bbox 851 2059 961 2090; x_wconf 85' lang='lat' dir='ltr'>praeter</span> <span class='ocrx_word' id='word_1_284' title='bbox 971 2048 1056 2084; x_wconf 76' lang='lat' dir='ltr'>alios</span> <span class='ocrx_word' id='word_1_285' title='bbox 1067 2047 1138 2090; x_wconf 87' lang='lat' dir='ltr'>plu-</span> 
     </span>
    </p>
   </div>
   <div class='ocr_carea' id='block_1_13' title="bbox 237 2096 1136 2440">
    <p class='ocr_par' dir='ltr' id='par_1_13' title="bbox 237 2096 1136 2440">
     <span class='ocr_line' id='line_1_42' title="bbox 238 2096 1133 2139; baseline -0.001 -9"><span class='ocrx_word' id='word_1_286' title='bbox 238 2103 288 2131; x_wconf 79' lang='lat' dir='ltr'>res</span> <span class='ocrx_word' id='word_1_287' title='bbox 298 2097 498 2132; x_wconf 87' lang='lat' dir='ltr'>Sardicenses</span> <span class='ocrx_word' id='word_1_288' title='bbox 512 2097 668 2131; x_wconf 86' lang='lat' dir='ltr'>Canones</span> <span class='ocrx_word' id='word_1_289' title='bbox 681 2097 815 2132; x_wconf 86' lang='lat' dir='ltr'>inseruit</span> <span class='ocrx_word' id='word_1_290' title='bbox 836 2097 936 2131; x_wconf 88' lang='lat' dir='ltr'>etiam</span> <span class='ocrx_word' id='word_1_291' title='bbox 948 2096 1025 2134; x_wconf 85' lang='lat' dir='ltr'>illos</span> <span class='ocrx_word' id='word_1_292' title='bbox 1036 2120 1048 2137; x_wconf 91' lang='lat'><strong>,</strong></span> <span class='ocrx_word' id='word_1_293' title='bbox 1074 2097 1133 2139; x_wconf 91' lang='lat' dir='ltr'>qui</span> 
     </span>
     <span class='ocr_line' id='line_1_43' title="bbox 237 2147 1132 2191; baseline -0.006 -7"><span class='ocrx_word' id='word_1_294' title='bbox 237 2148 371 2184; x_wconf 82' lang='lat' dir='ltr'>firmant</span> <span class='ocrx_word' id='word_1_295' title='bbox 403 2148 576 2182; x_wconf 86' lang='lat' dir='ltr'>Romanas</span> <span class='ocrx_word' id='word_1_296' title='bbox 608 2147 842 2189; x_wconf 87' lang='lat' dir='ltr'>appellationes</span> <span class='ocrx_word' id='word_1_297' title='bbox 875 2148 1132 2191; x_wconf 86' lang='lat' dir='ltr'>Episcopor-um.</span> 
     </span>
     <span class='ocr_line' id='line_1_44' title="bbox 240 2196 1136 2243; baseline 0.001 -14"><span class='ocrx_word' id='word_1_298' title='bbox 240 2198 342 2243; x_wconf 82' lang='lat' dir='ltr'>Qod</span> <span class='ocrx_word' id='word_1_299' title='bbox 368 2197 484 2241; x_wconf 76' lang='lat' dir='ltr'>nempe</span> <span class='ocrx_word' id='word_1_300' title='bbox 495 2198 663 2232; x_wconf 86' lang='lat' dir='ltr'>laudatum</span> <span class='ocrx_word' id='word_1_301' title='bbox 683 2197 836 2241; x_wconf 83' lang='lat' dir='ltr'>Capreoli</span> <span class='ocrx_word' id='word_1_302' title='bbox 850 2196 1028 2232; x_wconf 85' lang='lat' dir='ltr'>Decretum</span> <span class='ocrx_word' id='word_1_303' title='bbox 1042 2221 1053 2238; x_wconf 91' lang='lat'>,</span> <span class='ocrx_word' id='word_1_304' title='bbox 1079 2207 1136 2231; x_wconf 81' lang='lat' dir='ltr'>aut</span> 
     </span>
     <span class='ocr_line' id='line_1_45' title="bbox 238 2244 1135 2289; baseline 0.001 -11"><span class='ocrx_word' id='word_1_305' title='bbox 238 2244 442 2280; x_wconf 88' lang='lat' dir='ltr'>Mandatum</span> <span class='ocrx_word' id='word_1_306' title='bbox 464 2247 542 2281; x_wconf 76' lang='lat' dir='ltr'>effet</span> <span class='ocrx_word' id='word_1_307' title='bbox 564 2247 710 2280; x_wconf 87' lang='lat' dir='ltr'>solemne</span> <span class='ocrx_word' id='word_1_308' title='bbox 727 2258 784 2289; x_wconf 89' lang='lat' dir='ltr'>per</span> <span class='ocrx_word' id='word_1_309' title='bbox 804 2258 940 2281; x_wconf 87' lang='lat' dir='ltr'>omnem</span> <span class='ocrx_word' id='word_1_310' title='bbox 963 2247 1114 2282; x_wconf 74' lang='lat' dir='ltr'>Africam</span> <span class='ocrx_word' id='word_1_311' title='bbox 1128 2272 1135 2279; x_wconf 92' lang='lat'>.</span> 
     </span>
     <span class='ocr_line' id='line_1_46' title="bbox 238 2293 1136 2339; baseline -0.001 -10"><span class='ocrx_word' id='word_1_312' title='bbox 238 2293 285 2329; x_wconf 83' lang='lat' dir='ltr'>Et</span> <span class='ocrx_word' id='word_1_313' title='bbox 307 2296 404 2330; x_wconf 88' lang='lat' dir='ltr'>istum</span> <span class='ocrx_word' id='word_1_314' title='bbox 414 2307 529 2331; x_wconf 91' lang='lat' dir='ltr'>contra</span> <span class='ocrx_word' id='word_1_315' title='bbox 554 2296 726 2330; x_wconf 86' lang='lat' dir='ltr'>Romanas</span> <span class='ocrx_word' id='word_1_316' title='bbox 745 2295 906 2330; x_wconf 83' lang='lat' dir='ltr'>inferioris</span> <span class='ocrx_word' id='word_1_317' title='bbox 927 2296 1016 2331; x_wconf 87' lang='lat' dir='ltr'>Cleri</span> <span class='ocrx_word' id='word_1_318' title='bbox 1030 2296 1136 2339; x_wconf 87' lang='lat' dir='ltr'>appel-</span> 
     </span>
     <span class='ocr_line' id='line_1_47' title="bbox 237 2343 1134 2387; baseline 0.002 -9"><span class='ocrx_word' id='word_1_319' title='bbox 237 2343 382 2380; x_wconf 81' lang='lat' dir='ltr'>lationes</span> <span class='ocrx_word' id='word_1_320' title='bbox 391 2347 564 2380; x_wconf 87' lang='lat' dir='ltr'>Canonem</span> <span class='ocrx_word' id='word_1_321' title='bbox 576 2347 714 2380; x_wconf 86' lang='lat' dir='ltr'>affirmat</span> <span class='ocrx_word' id='word_1_322' title='bbox 723 2346 787 2380; x_wconf 83' lang='lat' dir='ltr'>esse</span> <span class='ocrx_word' id='word_1_323' title='bbox 800 2357 869 2379; x_wconf 89' lang='lat' dir='ltr'>non</span> <span class='ocrx_word' id='word_1_324' title='bbox 884 2346 1134 2387; x_wconf 84' lang='lat' dir='ltr'>Milevitanum,</span> 
     </span>
     <span class='ocr_line' id='line_1_48' title="bbox 239 2392 1135 2440; baseline 0.004 -13"><span class='ocrx_word' id='word_1_325' title='bbox 239 2392 293 2428; x_wconf 80' lang='lat' dir='ltr'>sed</span> <span class='ocrx_word' id='word_1_326' title='bbox 307 2394 618 2440; x_wconf 78' lang='lat' dir='ltr'>Carthaginensem.</span> <span class='ocrx_word' id='word_1_327' title='bbox 645 2396 775 2438; x_wconf 73' lang='lat' dir='ltr'>Nempe</span> <span class='ocrx_word' id='word_1_328' title='bbox 785 2396 893 2439; x_wconf 90' lang='lat' dir='ltr'>quinti</span> <span class='ocrx_word' id='word_1_329' title='bbox 927 2396 1135 2431; x_wconf 78' lang='lat' dir='ltr'>saeculianno</span> 
     </span>
    </p>
   </div>
   <div class='ocr_carea' id='block_1_14' title="bbox 236 2444 1136 2532">
    <p class='ocr_par' dir='ltr' id='par_1_14' title="bbox 236 2444 1136 2532">
     <span class='ocr_line' id='line_1_49' title="bbox 239 2444 1136 2529; baseline 0.002 -50"><span class='ocrx_word' id='word_1_330' title='bbox 239 2445 372 2529; x_wconf 60' lang='lat' dir='ltr'>gecimo</span> <span class='ocrx_word' id='word_1_331' title='bbox 389 2447 511 2486; x_wconf 63' lang='lat' dir='ltr'>octavo</span> <span class='ocrx_word' id='word_1_332' title='bbox 535 2444 661 2484; x_wconf 89' lang='lat' dir='ltr'>editum</span> <span class='ocrx_word' id='word_1_333' title='bbox 674 2446 709 2484; x_wconf 84' lang='lat' dir='ltr'>in</span> <span class='ocrx_word' id='word_1_334' title='bbox 721 2446 864 2495; x_wconf 87' lang='lat' dir='ltr'>superius</span> <span class='ocrx_word' id='word_1_335' title='bbox 887 2446 1017 2481; x_wconf 86' lang='lat' dir='ltr'>laudata</span> <span class='ocrx_word' id='word_1_336' title='bbox 1031 2446 1136 2495; x_wconf 76' lang='lat' dir='ltr'>Syno-</span> 
     </span>
     <span class='ocr_line' id='line_1_50' title="bbox 236 2505 404 2532; baseline -0.006 -4"><span class='ocrx_word' id='word_1_337' title='bbox 236 2528 242 2532; x_wconf 77' lang='grc'><strong>,</strong></span> <span class='ocrx_word' id='word_1_338' title='bbox 263 2505 284 2528; x_wconf 93' lang='lat' dir='ltr'>o</span> <span class='ocrx_word' id='word_1_339' title='bbox 297 2520 305 2527; x_wconf 91' lang='lat'><strong>.</strong></span> <span class='ocrx_word' id='word_1_340' title='bbox 402 2505 404 2510; x_wconf 72' lang='grc'>’</span> 
     </span>
    </p>
   </div>
   <div class='ocr_carea' id='block_1_15' title="bbox 1147 2363 1152 2422">
    <p class='ocr_par' dir='ltr' id='par_1_15' title="bbox 1147 2363 1152 2422">
     <span class='ocr_line' id='line_1_51' title="bbox 1147 2363 1152 2422; baseline 0 0"><span class='ocrx_word' id='word_1_341' title='bbox 1147 2363 1152 2422; x_wconf 75' lang='grc' dir='ltr'>Ι</span> 
     </span>
    </p>
   </div>
   <div class='ocr_carea' id='block_1_16' title="bbox 1146 2425 1151 2516">
    <p class='ocr_par' dir='ltr' id='par_1_16' title="bbox 1146 2425 1151 2516">
     <span class='ocr_line' id='line_1_52' title="bbox 1146 2425 1151 2516; baseline 0 1202"><span class='ocrx_word' id='word_1_342' title='bbox 1146 2425 1151 2516; x_wconf 95' lang='lat' dir='ltr'> </span> 
     </span>
    </p>
   </div>
   <div class='ocr_carea' id='block_1_17' title="bbox 1190 395 2085 794">
    <p class='ocr_par' dir='ltr' id='par_1_17' title="bbox 1190 395 2085 794">
     <span class='ocr_line' id='line_1_53' title="bbox 1193 395 2074 439; baseline 0.008 -10"><span class='ocrx_word' id='word_1_343' title='bbox 1193 395 1249 429; x_wconf 84' lang='lat' dir='ltr'>Est</span> <span class='ocrx_word' id='word_1_344' title='bbox 1270 395 1427 429; x_wconf 87' lang='lat' dir='ltr'>secundus</span> <span class='ocrx_word' id='word_1_345' title='bbox 1454 396 1576 439; x_wconf 78' lang='lat' dir='ltr'>praefati</span> <span class='ocrx_word' id='word_1_346' title='bbox 1604 395 1867 438; x_wconf 72' lang='lat' dir='ltr'>Commonitorii</span> <span class='ocrx_word' id='word_1_347' title='bbox 1894 402 2074 436; x_wconf 79' lang='lat' dir='ltr'>articulus.</span> 
     </span>
     <span class='ocr_line' id='line_1_54' title="bbox 1191 445 2078 495; baseline 0.007 -16"><span class='ocrx_word' id='word_1_348' title='bbox 1191 446 1245 479; x_wconf 89' lang='lat' dir='ltr'>De</span> <span class='ocrx_word' id='word_1_349' title='bbox 1266 446 1375 490; x_wconf 88' lang='lat' dir='ltr'>primo</span> <span class='ocrx_word' id='word_1_350' title='bbox 1399 445 1569 485; x_wconf 89' lang='lat' dir='ltr'>&amp;terti0,</span> <span class='ocrx_word' id='word_1_351' title='bbox 1595 456 1712 490; x_wconf 81' lang='lat' dir='ltr'>nempe</span> <span class='ocrx_word' id='word_1_352' title='bbox 1722 445 1763 479; x_wconf 83' lang='lat' dir='ltr'>de</span> <span class='ocrx_word' id='word_1_353' title='bbox 1775 447 1935 488; x_wconf 81' lang='lat' dir='ltr'>Romanis</span> <span class='ocrx_word' id='word_1_354' title='bbox 1945 452 2078 495; x_wconf 87' lang='lat' dir='ltr'>Episco-</span> 
     </span>
     <span class='ocr_line' id='line_1_55' title="bbox 1192 495 2079 544; baseline 0.003 -14"><span class='ocrx_word' id='word_1_355' title='bbox 1192 506 1327 539; x_wconf 80' lang='lat' dir='ltr'>pomm,</span> <span class='ocrx_word' id='word_1_356' title='bbox 1353 506 1410 530; x_wconf 92' lang='lat' dir='ltr'>aut</span> <span class='ocrx_word' id='word_1_357' title='bbox 1433 496 1639 531; x_wconf 88' lang='lat' dir='ltr'>Clericorum</span> <span class='ocrx_word' id='word_1_358' title='bbox 1662 495 1931 540; x_wconf 78' lang='lat' dir='ltr'>appellationibus</span> <span class='ocrx_word' id='word_1_359' title='bbox 1940 501 2079 544; x_wconf 81' lang='lat' dir='ltr'>Repara-</span> 
     </span>
     <span class='ocr_line' id='line_1_56' title="bbox 1191 546 2080 594; baseline 0.007 -15"><span class='ocrx_word' id='word_1_360' title='bbox 1191 557 1242 579; x_wconf 89' lang='lat' dir='ltr'>tus</span> <span class='ocrx_word' id='word_1_361' title='bbox 1264 558 1324 581; x_wconf 89' lang='lat' dir='ltr'>nec</span> <span class='ocrx_word' id='word_1_362' title='bbox 1344 546 1479 580; x_wconf 84' lang='lat' dir='ltr'>verbum</span> <span class='ocrx_word' id='word_1_363' title='bbox 1490 546 1588 581; x_wconf 88' lang='lat' dir='ltr'>fecit:</span> <span class='ocrx_word' id='word_1_364' title='bbox 1613 547 1718 594; x_wconf 84' lang='lat' dir='ltr'>.Qod</span> <span class='ocrx_word' id='word_1_365' title='bbox 1739 546 1857 591; x_wconf 73' lang='lat' dir='ltr'>nempe</span> <span class='ocrx_word' id='word_1_366' title='bbox 1884 547 1936 580; x_wconf 89' lang='lat' dir='ltr'>isti</span> <span class='ocrx_word' id='word_1_367' title='bbox 1948 551 2080 585; x_wconf 86' lang='lat' dir='ltr'>articuli</span> 
     </span>
     <span class='ocr_line' id='line_1_57' title="bbox 1191 596 2081 640; baseline 0.003 -11"><span class='ocrx_word' id='word_1_368' title='bbox 1191 596 1338 630; x_wconf 82' lang='lat' dir='ltr'>altislima</span> <span class='ocrx_word' id='word_1_369' title='bbox 1362 597 1397 629; x_wconf 88' lang='lat' dir='ltr'>in</span> <span class='ocrx_word' id='word_1_370' title='bbox 1422 607 1501 639; x_wconf 84' lang='lat' dir='ltr'>pace</span> <span class='ocrx_word' id='word_1_371' title='bbox 1522 599 1814 640; x_wconf 86' lang='lat' dir='ltr'>conquiescerent.</span> <span class='ocrx_word' id='word_1_372' title='bbox 1841 596 1891 632; x_wconf 87' lang='lat' dir='ltr'>At</span> <span class='ocrx_word' id='word_1_373' title='bbox 1913 598 1988 634; x_wconf 61' lang='lat' dir='ltr'>ecce</span> <span class='ocrx_word' id='word_1_374' title='bbox 2000 599 2081 635; x_wconf 82' lang='lat' dir='ltr'>dum.</span> 
     </span>
     <span class='ocr_line' id='line_1_58' title="bbox 1191 646 2084 692; baseline 0.003 -13"><span class='ocrx_word' id='word_1_375' title='bbox 1191 647 1330 690; x_wconf 88' lang='lat' dir='ltr'>Legatio</span> <span class='ocrx_word' id='word_1_376' title='bbox 1341 646 1487 689; x_wconf 85' lang='lat' dir='ltr'>procedit</span> <span class='ocrx_word' id='word_1_377' title='bbox 1499 647 1533 681; x_wconf 77' lang='grc' dir='ltr'>ἀ</span> <span class='ocrx_word' id='word_1_378' title='bbox 1544 646 1589 680; x_wconf 91' lang='lat' dir='ltr'>ob</span> <span class='ocrx_word' id='word_1_379' title='bbox 1601 647 1787 692; x_wconf 82' lang='lat' dir='ltr'>longiorem</span> <span class='ocrx_word' id='word_1_380' title='bbox 1798 646 1890 686; x_wconf 86' lang='lat' dir='ltr'>istius</span> <span class='ocrx_word' id='word_1_381' title='bbox 1908 647 1991 685; x_wconf 78' lang='lat' dir='ltr'>anni</span> <span class='ocrx_word' id='word_1_382' title='bbox 2004 647 2084 691; x_wconf 89' lang='lat' dir='ltr'>hye-</span> 
     </span>
     <span class='ocr_line' id='line_1_59' title="bbox 1190 695 2085 746; baseline 0.004 -18"><span class='ocrx_word' id='word_1_383' title='bbox 1190 707 1277 729; x_wconf 88' lang='lat' dir='ltr'>mem</span> <span class='ocrx_word' id='word_1_384' title='bbox 1299 695 1395 730; x_wconf 84' lang='lat' dir='ltr'>haeret</span> <span class='ocrx_word' id='word_1_385' title='bbox 1418 697 1453 730; x_wconf 90' lang='lat' dir='ltr'>in</span> <span class='ocrx_word' id='word_1_386' title='bbox 1480 707 1595 740; x_wconf 85' lang='lat' dir='ltr'>portu,</span> <span class='ocrx_word' id='word_1_387' title='bbox 1619 698 1806 740; x_wconf 69' lang='lat' dir='ltr'>exspestans</span> <span class='ocrx_word' id='word_1_388' title='bbox 1827 697 2005 746; x_wconf 84' lang='lat' dir='ltr'>navigandi</span> <span class='ocrx_word' id='word_1_389' title='bbox 2027 708 2085 742; x_wconf 78' lang='lat' dir='ltr'>op-</span> 
     </span>
     <span class='ocr_line' id='line_1_60' title="bbox 1193 747 2084 794; baseline 0.004 -15"><span class='ocrx_word' id='word_1_390' title='bbox 1193 747 1422 788; x_wconf 85' lang='lat' dir='ltr'>portunitatem</span> <span class='ocrx_word' id='word_1_391' title='bbox 1436 770 1447 787; x_wconf 88' lang='lat'>‚</span> <span class='ocrx_word' id='word_1_392' title='bbox 1474 747 1616 789; x_wconf 88' lang='lat' dir='ltr'>Joannes</span> <span class='ocrx_word' id='word_1_393' title='bbox 1639 747 1798 784; x_wconf 84' lang='lat' dir='ltr'>Pontifex</span> <span class='ocrx_word' id='word_1_394' title='bbox 1824 748 1934 794; x_wconf 79' lang='lat' dir='ltr'>obiit,</span> <span class='ocrx_word' id='word_1_395' title='bbox 1953 759 1996 786; x_wconf 75' lang='lat' dir='ltr'>ac</span> <span class='ocrx_word' id='word_1_396' title='bbox 2011 747 2084 791; x_wconf 70' lang='lat' dir='ltr'>ejus</span> 
     </span>
    </p>
   </div>
   <div class='ocr_carea' id='block_1_18' title="bbox 1168 795 2085 842">
    <p class='ocr_par' dir='ltr' id='par_1_18' title="bbox 1168 795 2085 842">
     <span class='ocr_line' id='line_1_61' title="bbox 1168 795 2085 842; baseline 0.002 -12"><span class='ocrx_word' id='word_1_397' title='bbox 1168 798 1170 800; x_wconf 76' lang='grc'>’</span> <span class='ocrx_word' id='word_1_398' title='bbox 1190 798 1225 830; x_wconf 88' lang='lat' dir='ltr'>in</span> <span class='ocrx_word' id='word_1_399' title='bbox 1239 795 1350 830; x_wconf 90' lang='lat' dir='ltr'>locum</span> <span class='ocrx_word' id='word_1_400' title='bbox 1376 798 1584 831; x_wconf 81' lang='lat' dir='ltr'>cousecratur</span> <span class='ocrx_word' id='word_1_401' title='bbox 1598 796 1782 842; x_wconf 71' lang='lat' dir='ltr'>Agapetus,</span> <span class='ocrx_word' id='word_1_402' title='bbox 1807 799 1903 836; x_wconf 90' lang='lat' dir='ltr'>Hinc</span> <span class='ocrx_word' id='word_1_403' title='bbox 1912 809 2019 835; x_wconf 78' lang='lat' dir='ltr'>novas</span> <span class='ocrx_word' id='word_1_404' title='bbox 2030 798 2085 832; x_wconf 80' lang='lat' dir='ltr'>lit-</span> 
     </span>
    </p>
   </div>
   <div class='ocr_carea' id='block_1_19' title="bbox 1190 846 2088 1040">
    <p class='ocr_par' dir='ltr' id='par_1_19' title="bbox 1190 846 2088 1040">
     <span class='ocr_line' id='line_1_62' title="bbox 1190 846 2085 891; baseline 0.004 -12"><span class='ocrx_word' id='word_1_405' title='bbox 1190 856 1272 879; x_wconf 84' lang='lat' dir='ltr'>teras</span> <span class='ocrx_word' id='word_1_406' title='bbox 1296 846 1479 890; x_wconf 86' lang='lat' dir='ltr'>Reparatus</span> <span class='ocrx_word' id='word_1_407' title='bbox 1499 847 1617 890; x_wconf 89' lang='lat' dir='ltr'>adjecit</span> <span class='ocrx_word' id='word_1_408' title='bbox 1628 871 1640 888; x_wconf 83' lang='lat'><strong>,</strong></span> <span class='ocrx_word' id='word_1_409' title='bbox 1665 847 1783 891; x_wconf 86' lang='lat' dir='ltr'>quibus</span> <span class='ocrx_word' id='word_1_410' title='bbox 1806 860 1899 884; x_wconf 83' lang='lat' dir='ltr'>novo</span> <span class='ocrx_word' id='word_1_411' title='bbox 1922 847 2085 887; x_wconf 81' lang='lat' dir='ltr'>Pontifici</span> 
     </span>
     <span class='ocr_line' id='line_1_63' title="bbox 1190 897 2086 941; baseline 0.003 -12"><span class='ocrx_word' id='word_1_412' title='bbox 1190 907 1231 929; x_wconf 87' lang='lat' dir='ltr'>ex</span> <span class='ocrx_word' id='word_1_413' title='bbox 1244 907 1333 930; x_wconf 87' lang='lat' dir='ltr'>more</span> <span class='ocrx_word' id='word_1_414' title='bbox 1359 898 1539 941; x_wconf 88' lang='lat' dir='ltr'>gratulatus</span> <span class='ocrx_word' id='word_1_415' title='bbox 1549 898 1594 931; x_wconf 89' lang='lat' dir='ltr'>est</span> <span class='ocrx_word' id='word_1_416' title='bbox 1606 921 1617 936; x_wconf 95' lang='lat'>‚</span> <span class='ocrx_word' id='word_1_417' title='bbox 1641 898 1678 937; x_wconf 10' lang='lat' dir='ltr'>b&amp;</span> <span class='ocrx_word' id='word_1_418' title='bbox 1690 897 1882 940; x_wconf 87' lang='lat' dir='ltr'>supplicavit</span> <span class='ocrx_word' id='word_1_419' title='bbox 1894 898 2086 935; x_wconf 77' lang='lat' dir='ltr'>confirmari</span> 
     </span>
     <span class='ocr_line' id='line_1_64' title="bbox 1191 946 2087 993; baseline 0.006 -15"><span class='ocrx_word' id='word_1_420' title='bbox 1191 947 1303 979; x_wconf 89' lang='lat' dir='ltr'>omnia</span> <span class='ocrx_word' id='word_1_421' title='bbox 1318 948 1378 982; x_wconf 81' lang='lat' dir='ltr'>suae</span> <span class='ocrx_word' id='word_1_422' title='bbox 1387 946 1482 986; x_wconf 70' lang='lat' dir='ltr'>,Sedis</span> <span class='ocrx_word' id='word_1_423' title='bbox 1493 971 1504 987; x_wconf 92' lang='lat'>,</span> <span class='ocrx_word' id='word_1_424' title='bbox 1531 948 1564 982; x_wconf 79' lang='grc' dir='ltr'>δε</span> <span class='ocrx_word' id='word_1_425' title='bbox 1576 947 1695 982; x_wconf 86' lang='lat' dir='ltr'>Gentis</span> <span class='ocrx_word' id='word_1_426' title='bbox 1707 946 1876 993; x_wconf 84' lang='lat' dir='ltr'>privilegia</span> <span class='ocrx_word' id='word_1_427' title='bbox 1888 972 1900 989; x_wconf 91' lang='lat'>,</span> <span class='ocrx_word' id='word_1_428' title='bbox 1926 947 2013 990; x_wconf 85' lang='lat' dir='ltr'>lapsa</span> <span class='ocrx_word' id='word_1_429' title='bbox 2028 957 2087 983; x_wconf 85' lang='lat' dir='ltr'>aut</span> 
     </span>
     <span class='ocr_line' id='line_1_65' title="bbox 1192 994 2088 1040; baseline 0.008 -12"><span class='ocrx_word' id='word_1_430' title='bbox 1192 996 1262 1029; x_wconf 86' lang='lat' dir='ltr'>laesa</span> <span class='ocrx_word' id='word_1_431' title='bbox 1273 995 1291 1028; x_wconf 75' lang='lat' dir='ltr'>a</span> <span class='ocrx_word' id='word_1_432' title='bbox 1304 994 1447 1030; x_wconf 85' lang='lat' dir='ltr'>barbaris</span> <span class='ocrx_word' id='word_1_433' title='bbox 1457 996 1682 1040; x_wconf 84' lang='lat' dir='ltr'>temporibus,</span> <span class='ocrx_word' id='word_1_434' title='bbox 1705 998 1742 1032; x_wconf 74' lang='grc' dir='ltr'>ἀ</span> <span class='ocrx_word' id='word_1_435' title='bbox 1755 997 1995 1032; x_wconf 86' lang='lat' dir='ltr'>calamitatibus</span> <span class='ocrx_word' id='word_1_436' title='bbox 2006 1021 2014 1028; x_wconf 89' lang='lat'><strong>·</strong></span> <span class='ocrx_word' id='word_1_437' title='bbox 2042 997 2088 1035; x_wconf 80' lang='lat' dir='ltr'>Et</span> 
     </span>
    </p>
   </div>
   <div class='ocr_carea' id='block_1_20' title="bbox 1168 1044 2089 1091">
    <p class='ocr_par' dir='ltr' id='par_1_20' title="bbox 1168 1044 2089 1091">
     <span class='ocr_line' id='line_1_66' title="bbox 1168 1044 2089 1091; baseline 0.003 -13"><span class='ocrx_word' id='word_1_438' title='bbox 1168 1047 1171 1050; x_wconf 84' lang='grc'><strong><em>’</em></strong></span> <span class='ocrx_word' id='word_1_439' title='bbox 1195 1045 1364 1088; x_wconf 72' lang='lat' dir='ltr'>Agapetus</span> <span class='ocrx_word' id='word_1_440' title='bbox 1386 1044 1425 1080; x_wconf 86' lang='lat' dir='ltr'>ad</span> <span class='ocrx_word' id='word_1_441' title='bbox 1437 1047 1571 1084; x_wconf 85' lang='lat' dir='ltr'>tertium</span> <span class='ocrx_word' id='word_1_442' title='bbox 1583 1047 1750 1088; x_wconf 82' lang='lat' dir='ltr'>relationis</span> <span class='ocrx_word' id='word_1_443' title='bbox 1761 1047 1936 1083; x_wconf 88' lang='lat' dir='ltr'>articulum</span> <span class='ocrx_word' id='word_1_444' title='bbox 1956 1047 2089 1091; x_wconf 88' lang='lat' dir='ltr'>respon-</span> 
     </span>
    </p>
   </div>
   <div class='ocr_carea' id='block_1_21' title="bbox 1188 1093 2095 1338">
    <p class='ocr_par' dir='ltr' id='par_1_21' title="bbox 1188 1093 2095 1338">
     <span class='ocr_line' id='line_1_67' title="bbox 1193 1093 2087 1141; baseline 0.003 -13"><span class='ocrx_word' id='word_1_445' title='bbox 1193 1093 1242 1128; x_wconf 90' lang='lat' dir='ltr'>dit</span> <span class='ocrx_word' id='word_1_446' title='bbox 1253 1107 1261 1128; x_wconf 86' lang='lat'>:</span> <span class='ocrx_word' id='word_1_447' title='bbox 1289 1096 1371 1128; x_wconf 85' lang='lat' dir='ltr'>Illud</span> <span class='ocrx_word' id='word_1_448' title='bbox 1379 1096 1456 1137; x_wconf 80' lang='lat' dir='ltr'>quod</span> <span class='ocrx_word' id='word_1_449' title='bbox 1467 1096 1634 1135; x_wconf 79' lang='lat' dir='ltr'>Catholicos</span> <span class='ocrx_word' id='word_1_450' title='bbox 1644 1122 1656 1138; x_wconf 92' lang='lat'><strong>,</strong></span> <span class='ocrx_word' id='word_1_451' title='bbox 1678 1103 1732 1140; x_wconf 75' lang='lat' dir='ltr'>,qui</span> <span class='ocrx_word' id='word_1_452' title='bbox 1738 1097 1878 1141; x_wconf 63' lang='lat' dir='ltr'>praesunt</span> <span class='ocrx_word' id='word_1_453' title='bbox 1886 1107 1940 1132; x_wconf 79' lang='lat' dir='ltr'>aut</span> <span class='ocrx_word' id='word_1_454' title='bbox 1950 1099 2087 1134; x_wconf 76' lang='lat' dir='ltr'>militane</span> 
     </span>
     <span class='ocr_line' id='line_1_68' title="bbox 1193 1144 2091 1191; baseline 0.006 -15"><span class='ocrx_word' id='word_1_455' title='bbox 1193 1144 1327 1186; x_wconf 83' lang='lat' dir='ltr'>Ecclefiae</span> <span class='ocrx_word' id='word_1_456' title='bbox 1336 1167 1347 1183; x_wconf 90' lang='lat'>‚</span> <span class='ocrx_word' id='word_1_457' title='bbox 1365 1144 1429 1186; x_wconf 85' lang='lat' dir='ltr'>fine</span> <span class='ocrx_word' id='word_1_458' title='bbox 1442 1147 1629 1179; x_wconf 80' lang='lat' dir='ltr'>sacerdotum</span> <span class='ocrx_word' id='word_1_459' title='bbox 1637 1146 1878 1190; x_wconf 56' lang='lat' dir='ltr'>sidorumlltterls</span> <span class='ocrx_word' id='word_1_460' title='bbox 1888 1146 1999 1191; x_wconf 55' lang='lat' dir='ltr'>suscipi</span> <span class='ocrx_word' id='word_1_461' title='bbox 2009 1149 2029 1180; x_wconf 78' lang='grc' dir='ltr'><em>ἃ</em></span> <span class='ocrx_word' id='word_1_462' title='bbox 2039 1158 2091 1181; x_wconf 78' lang='lat' dir='ltr'>no-</span> 
     </span>
     <span class='ocr_line' id='line_1_69' title="bbox 1188 1194 2091 1238; baseline 0.006 -11"><span class='ocrx_word' id='word_1_463' title='bbox 1188 1194 1237 1233; x_wconf 53' lang='lat' dir='ltr'>,bis</span> <span class='ocrx_word' id='word_1_464' title='bbox 1261 1197 1385 1230; x_wconf 64' lang='lat' dir='ltr'>minime</span> <span class='ocrx_word' id='word_1_465' title='bbox 1407 1194 1513 1230; x_wconf 81' lang='lat' dir='ltr'>debere</span> <span class='ocrx_word' id='word_1_466' title='bbox 1533 1197 1689 1228; x_wconf 75' lang='lat' dir='ltr'>mandans</span> <span class='ocrx_word' id='word_1_467' title='bbox 1702 1219 1714 1235; x_wconf 88' lang='lat'>‚</span> <span class='ocrx_word' id='word_1_468' title='bbox 1739 1199 1774 1235; x_wconf 61' lang='grc' dir='ltr'>β</span> <span class='ocrx_word' id='word_1_469' title='bbox 1785 1198 1962 1233; x_wconf 65' lang='lat' dir='ltr'>canonibus</span> <span class='ocrx_word' id='word_1_470' title='bbox 1972 1197 2011 1238; x_wconf 85' lang='lat' dir='ltr'>est</span> <span class='ocrx_word' id='word_1_471' title='bbox 2020 1208 2091 1231; x_wconf 79' lang='lat' dir='ltr'>con·</span> 
     </span>
     <span class='ocr_line' id='line_1_70' title="bbox 1190 1242 2089 1289; baseline 0.004 -11"><span class='ocrx_word' id='word_1_472' title='bbox 1190 1256 1299 1289; x_wconf 85' lang='lat' dir='ltr'>gruum</span> <span class='ocrx_word' id='word_1_473' title='bbox 1311 1266 1323 1284; x_wconf 91' lang='lat'>‚</span> <span class='ocrx_word' id='word_1_474' title='bbox 1348 1242 1559 1287; x_wconf 48' lang='lat' dir='ltr'>&amp;disciplinae</span> <span class='ocrx_word' id='word_1_475' title='bbox 1566 1245 1877 1289; x_wconf 72' lang='lat' dir='ltr'>prodeffejicdlcamus</span> <span class='ocrx_word' id='word_1_476' title='bbox 1892 1271 1900 1278; x_wconf 90' lang='lat'><strong>.</strong></span> <span class='ocrx_word' id='word_1_477' title='bbox 1927 1246 2089 1282; x_wconf 75' lang='lat' dir='ltr'>Notanda</span> 
     </span>
     <span class='ocr_line' id='line_1_71' title="bbox 1197 1293 2095 1338; baseline 0.002 -10"><span class='ocrx_word' id='word_1_478' title='bbox 1197 1296 1269 1328; x_wconf 90' lang='lat' dir='ltr'>sunt</span> <span class='ocrx_word' id='word_1_479' title='bbox 1282 1293 1376 1329; x_wconf 86' lang='lat' dir='ltr'>verba</span> <span class='ocrx_word' id='word_1_480' title='bbox 1384 1307 1399 1334; x_wconf 64' lang='lat'>5</span> <span class='ocrx_word' id='word_1_481' title='bbox 1424 1293 1480 1333; x_wconf 79' lang='lat' dir='ltr'>Est</span> <span class='ocrx_word' id='word_1_482' title='bbox 1492 1305 1649 1338; x_wconf 80' lang='lat' dir='ltr'>congruum</span> <span class='ocrx_word' id='word_1_483' title='bbox 1659 1294 1833 1334; x_wconf 63' lang='lat' dir='ltr'>§aeronibus</span> <span class='ocrx_word' id='word_1_484' title='bbox 1845 1320 1853 1329; x_wconf 93' lang='lat'><strong><em>.</em></strong></span> <span class='ocrx_word' id='word_1_485' title='bbox 1881 1294 2030 1333; x_wconf 87' lang='lat' dir='ltr'>Edicunt</span> <span class='ocrx_word' id='word_1_486' title='bbox 2042 1296 2095 1330; x_wconf 88' lang='lat' dir='ltr'>ni·</span> 
     </span>
    </p>
   </div>
   <div class='ocr_carea' id='block_1_22' title="bbox 1172 1340 2093 1438">
    <p class='ocr_par' dir='ltr' id='par_1_22' title="bbox 1172 1340 2093 1438">
     <span class='ocr_line' id='line_1_72' title="bbox 1172 1340 2093 1389; baseline 0.002 -11"><span class='ocrx_word' id='word_1_487' title='bbox 1172 1364 1174 1372; x_wconf 71' lang='lat'>2</span> <span class='ocrx_word' id='word_1_488' title='bbox 1196 1344 1245 1379; x_wconf 84' lang='lat' dir='ltr'>hil</span> <span class='ocrx_word' id='word_1_489' title='bbox 1257 1367 1269 1385; x_wconf 89' lang='lat'><strong><em>,</em></strong></span> <span class='ocrx_word' id='word_1_490' title='bbox 1294 1342 1387 1388; x_wconf 87' lang='lat' dir='ltr'>quod</span> <span class='ocrx_word' id='word_1_491' title='bbox 1406 1354 1473 1382; x_wconf 79' lang='lat' dir='ltr'>non</span> <span class='ocrx_word' id='word_1_492' title='bbox 1499 1340 1539 1378; x_wconf 85' lang='lat' dir='ltr'>sit</span> <span class='ocrx_word' id='word_1_493' title='bbox 1548 1354 1757 1389; x_wconf 82' lang='lat' dir='ltr'>congruum,</span> <span class='ocrx_word' id='word_1_494' title='bbox 1777 1346 1796 1379; x_wconf 73' lang='lat' dir='ltr'>a</span> <span class='ocrx_word' id='word_1_495' title='bbox 1808 1345 1961 1380; x_wconf 81' lang='lat' dir='ltr'>Romana</span> <span class='ocrx_word' id='word_1_496' title='bbox 1979 1345 2093 1381; x_wconf 80' lang='lat' dir='ltr'>Eccle-</span> 
     </span>
     <span class='ocr_line' id='line_1_73' title="bbox 1173 1393 2090 1438; baseline 0.001 -9"><span class='ocrx_word' id='word_1_497' title='bbox 1173 1400 1175 1403; x_wconf 85' lang='grc'><strong>“</strong></span> <span class='ocrx_word' id='word_1_498' title='bbox 1192 1395 1236 1434; x_wconf 61' lang='lat' dir='ltr'>⁴sia</span> <span class='ocrx_word' id='word_1_499' title='bbox 1251 1394 1507 1438; x_wconf 82' lang='lat' dir='ltr'>permittendum</span> <span class='ocrx_word' id='word_1_500' title='bbox 1520 1418 1528 1426; x_wconf 93' lang='lat'>.</span> <span class='ocrx_word' id='word_1_501' title='bbox 1555 1393 1660 1433; x_wconf 82' lang='lat' dir='ltr'>Poffit</span> <span class='ocrx_word' id='word_1_502' title='bbox 1679 1394 1843 1434; x_wconf 75' lang='lat' dir='ltr'>Pontifex</span> <span class='ocrx_word' id='word_1_503' title='bbox 1857 1395 2028 1434; x_wconf 85' lang='lat' dir='ltr'>Romanas</span> <span class='ocrx_word' id='word_1_504' title='bbox 2038 1397 2090 1430; x_wconf 87' lang='lat' dir='ltr'>in-</span> 
     </span>
    </p>
   </div>
   <div class='ocr_carea' id='block_1_23' title="bbox 1191 1444 2096 2085">
    <p class='ocr_par' dir='ltr' id='par_1_23' title="bbox 1191 1444 2096 2085">
     <span class='ocr_line' id='line_1_74' title="bbox 1195 1444 2092 1488; baseline -0.001 -8"><span class='ocrx_word' id='word_1_505' title='bbox 1195 1445 1324 1480; x_wconf 85' lang='lat' dir='ltr'>ferioris</span> <span class='ocrx_word' id='word_1_506' title='bbox 1344 1444 1432 1479; x_wconf 87' lang='lat' dir='ltr'>Cleri</span> <span class='ocrx_word' id='word_1_507' title='bbox 1445 1444 1681 1488; x_wconf 79' lang='lat' dir='ltr'>appellationes</span> <span class='ocrx_word' id='word_1_508' title='bbox 1689 1445 1846 1488; x_wconf 88' lang='lat' dir='ltr'>respicere</span> <span class='ocrx_word' id='word_1_509' title='bbox 1859 1469 1868 1477; x_wconf 90' lang='lat'><strong><em>.</em></strong></span> <span class='ocrx_word' id='word_1_510' title='bbox 1893 1444 2006 1480; x_wconf 86' lang='lat' dir='ltr'>Etiam</span> <span class='ocrx_word' id='word_1_511' title='bbox 2029 1445 2092 1483; x_wconf 75' lang='lat' dir='ltr'>res-</span> 
     </span>
     <span class='ocr_line' id='line_1_75' title="bbox 1196 1493 2091 1539; baseline -0.002 -9"><span class='ocrx_word' id='word_1_512' title='bbox 1196 1495 1313 1539; x_wconf 82' lang='lat' dir='ltr'>pondit</span> <span class='ocrx_word' id='word_1_513' title='bbox 1334 1494 1380 1529; x_wconf 80' lang='lat' dir='ltr'>ad</span> <span class='ocrx_word' id='word_1_514' title='bbox 1391 1494 1547 1538; x_wconf 80' lang='lat' dir='ltr'>Reparati</span> <span class='ocrx_word' id='word_1_515' title='bbox 1559 1505 1685 1539; x_wconf 75' lang='lat' dir='ltr'>preces:</span> <span class='ocrx_word' id='word_1_516' title='bbox 1709 1493 1859 1538; x_wconf 73' lang='lat' dir='ltr'>Universa</span> <span class='ocrx_word' id='word_1_517' title='bbox 1871 1519 1882 1536; x_wconf 92' lang='lat'>‚</span> <span class='ocrx_word' id='word_1_518' title='bbox 1908 1496 1976 1539; x_wconf 74' lang='lat' dir='ltr'>quae&#39;</span> <span class='ocrx_word' id='word_1_519' title='bbox 1990 1499 2091 1533; x_wconf 67' lang='lat' dir='ltr'>inimi·</span> 
     </span>
     <span class='ocr_line' id='line_1_76' title="bbox 1191 1542 2096 1591; baseline -0.001 -11"><span class='ocrx_word' id='word_1_520' title='bbox 1191 1557 1292 1583; x_wconf 74' lang='lat' dir='ltr'>¹corum</span> <span class='ocrx_word' id='word_1_521' title='bbox 1311 1543 1494 1587; x_wconf 75' lang='lat' dir='ltr'>perverfitas</span> <span class='ocrx_word' id='word_1_522' title='bbox 1514 1542 1696 1588; x_wconf 67' lang='lat' dir='ltr'>invasi-rar,</span> <span class='ocrx_word' id='word_1_523' title='bbox 1717 1544 1879 1583; x_wconf 61' lang='lat' dir='ltr'>,charitati</span> <span class='ocrx_word' id='word_1_524' title='bbox 1898 1548 1974 1583; x_wconf 73' lang='lat' dir='ltr'>Tuae</span> <span class='ocrx_word' id='word_1_525' title='bbox 1985 1549 2096 1591; x_wconf 44' lang='lat' dir='ltr'>mnf</span> 
     </span>
     <span class='ocr_line' id='line_1_77' title="bbox 1191 1594 2087 1640; baseline 0 -10"><span class='ocrx_word' id='word_1_526' title='bbox 1191 1597 1331 1639; x_wconf 69' lang='lat' dir='ltr'>pontana</span> <span class='ocrx_word' id='word_1_527' title='bbox 1337 1599 1368 1640; x_wconf 85' lang='lat' dir='ltr'><em>J</em></span> <span class='ocrx_word' id='word_1_528' title='bbox 1370 1607 1427 1629; x_wconf 80' lang='lat' dir='ltr'>ura</span> <span class='ocrx_word' id='word_1_529' title='bbox 1448 1603 1622 1637; x_wconf 81' lang='lat' dir='ltr'>reparantes</span> <span class='ocrx_word' id='word_1_530' title='bbox 1632 1594 1788 1629; x_wconf 81' lang='lat' dir='ltr'>hortamur</span> <span class='ocrx_word' id='word_1_531' title='bbox 1798 1620 1809 1636; x_wconf 95' lang='lat'>,</span> <span class='ocrx_word' id='word_1_532' title='bbox 1834 1604 1868 1630; x_wconf 78' lang='lat' dir='ltr'>ut</span> <span class='ocrx_word' id='word_1_533' title='bbox 1879 1606 1917 1629; x_wconf 86' lang='lat' dir='ltr'>ea</span> <span class='ocrx_word' id='word_1_534' title='bbox 1934 1605 2007 1638; x_wconf 56' lang='grc' dir='ltr'>,με</span> <span class='ocrx_word' id='word_1_535' title='bbox 2018 1604 2087 1638; x_wconf 81' lang='lat' dir='ltr'>ruo,</span> 
     </span>
     <span class='ocr_line' id='line_1_78' title="bbox 1195 1643 2093 1689; baseline -0.001 -9"><span class='ocrx_word' id='word_1_536' title='bbox 1195 1647 1244 1685; x_wconf 76' lang='lat' dir='ltr'>vel</span> <span class='ocrx_word' id='word_1_537' title='bbox 1257 1644 1382 1683; x_wconf 70' lang='lat' dir='ltr'>aliorum</span> <span class='ocrx_word' id='word_1_538' title='bbox 1393 1651 1508 1683; x_wconf 79' lang='lat' dir='ltr'>nomine</span> <span class='ocrx_word' id='word_1_539' title='bbox 1517 1643 1732 1689; x_wconf 81' lang='lat' dir='ltr'>rescripfimus‚</span> <span class='ocrx_word' id='word_1_540' title='bbox 1761 1644 1901 1688; x_wconf 72' lang='lat' dir='ltr'>universis</span> <span class='ocrx_word' id='word_1_541' title='bbox 1923 1645 2034 1683; x_wconf 79' lang='lat' dir='ltr'>debeas</span> <span class='ocrx_word' id='word_1_542' title='bbox 2045 1651 2093 1679; x_wconf 76' lang='lat' dir='ltr'>in-</span> 
     </span>
     <span class='ocr_line' id='line_1_79' title="bbox 1193 1690 2089 1744; baseline -0.001 -13"><span class='ocrx_word' id='word_1_543' title='bbox 1193 1690 1362 1744; x_wconf 64' lang='lat' dir='ltr'>notesceres</span> <span class='ocrx_word' id='word_1_544' title='bbox 1384 1694 1529 1734; x_wconf 77' lang='lat' dir='ltr'>¹Innovat</span> <span class='ocrx_word' id='word_1_545' title='bbox 1542 1719 1552 1736; x_wconf 91' lang='lat'>‚</span> <span class='ocrx_word' id='word_1_546' title='bbox 1580 1695 1614 1728; x_wconf 87' lang='lat'>&amp;</span> <span class='ocrx_word' id='word_1_547' title='bbox 1633 1696 1809 1730; x_wconf 87' lang='lat' dir='ltr'>confirmat</span> <span class='ocrx_word' id='word_1_548' title='bbox 1834 1707 1904 1730; x_wconf 85' lang='lat' dir='ltr'>non</span> <span class='ocrx_word' id='word_1_549' title='bbox 1924 1707 2089 1739; x_wconf 54' lang='lat' dir='ltr'>quaecumv</span> 
     </span>
     <span class='ocr_line' id='line_1_80' title="bbox 1195 1743 2093 1791; baseline 0 -11"><span class='ocrx_word' id='word_1_550' title='bbox 1195 1757 1259 1791; x_wconf 88' lang='lat' dir='ltr'>que</span> <span class='ocrx_word' id='word_1_551' title='bbox 1270 1768 1282 1791; x_wconf 78' lang='lat'><em>,</em></span> <span class='ocrx_word' id='word_1_552' title='bbox 1307 1746 1362 1781; x_wconf 88' lang='lat' dir='ltr'>sed</span> <span class='ocrx_word' id='word_1_553' title='bbox 1384 1745 1441 1779; x_wconf 88' lang='lat' dir='ltr'>illa</span> <span class='ocrx_word' id='word_1_554' title='bbox 1469 1746 1537 1779; x_wconf 90' lang='lat' dir='ltr'>sola</span> <span class='ocrx_word' id='word_1_555' title='bbox 1551 1743 1818 1790; x_wconf 77' lang='lat' dir='ltr'>‚Carthaginensis</span> <span class='ocrx_word' id='word_1_556' title='bbox 1829 1745 1980 1783; x_wconf 71' lang='lat' dir='ltr'>Ecclesiae</span> <span class='ocrx_word' id='word_1_557' title='bbox 1990 1744 2093 1780; x_wconf 82' lang='lat' dir='ltr'>Privi-</span> 
     </span>
     <span class='ocr_line' id='line_1_81' title="bbox 1196 1795 2093 1848; baseline -0.001 -17"><span class='ocrx_word' id='word_1_558' title='bbox 1196 1797 1296 1842; x_wconf 79' lang='lat' dir='ltr'>legia,</span> <span class='ocrx_word' id='word_1_559' title='bbox 1306 1807 1375 1841; x_wconf 88' lang='lat' dir='ltr'>quae</span> <span class='ocrx_word' id='word_1_560' title='bbox 1385 1795 1603 1834; x_wconf 80' lang='lat' dir='ltr'>Barbarorum</span> <span class='ocrx_word' id='word_1_561' title='bbox 1616 1796 1798 1848; x_wconf 63' lang='lat' dir='ltr'>perversigas</span> <span class='ocrx_word' id='word_1_562' title='bbox 1808 1795 1974 1833; x_wconf 75' lang='lat' dir='ltr'>mutilarat</span> <span class='ocrx_word' id='word_1_563' title='bbox 1986 1808 1993 1828; x_wconf 91' lang='lat'><strong>:</strong></span> <span class='ocrx_word' id='word_1_564' title='bbox 2006 1795 2093 1831; x_wconf 87' lang='lat' dir='ltr'>inter</span> 
     </span>
     <span class='ocr_line' id='line_1_82' title="bbox 1195 1845 2093 1891; baseline -0.001 -9"><span class='ocrx_word' id='word_1_565' title='bbox 1195 1858 1267 1891; x_wconf 84' lang='lat' dir='ltr'>quae</span> <span class='ocrx_word' id='word_1_566' title='bbox 1277 1858 1346 1881; x_wconf 88' lang='lat' dir='ltr'>non</span> <span class='ocrx_word' id='word_1_567' title='bbox 1356 1846 1404 1880; x_wconf 84' lang='lat' dir='ltr'>est</span> <span class='ocrx_word' id='word_1_568' title='bbox 1418 1845 1583 1886; x_wconf 77' lang='lat' dir='ltr'>inferioris</span> <span class='ocrx_word' id='word_1_569' title='bbox 1595 1845 1685 1885; x_wconf 83' lang='lat' dir='ltr'>Cleri</span> <span class='ocrx_word' id='word_1_570' title='bbox 1699 1845 1880 1890; x_wconf 86' lang='lat' dir='ltr'>prohibitio</span> <span class='ocrx_word' id='word_1_571' title='bbox 1888 1847 1908 1881; x_wconf 71' lang='lat' dir='ltr'>a</span> <span class='ocrx_word' id='word_1_572' title='bbox 1926 1845 2093 1881; x_wconf 85' lang='lat' dir='ltr'>Romanis</span> 
     </span>
     <span class='ocr_line' id='line_1_83' title="bbox 1195 1895 2092 1940; baseline 0 -10"><span class='ocrx_word' id='word_1_573' title='bbox 1195 1895 1471 1940; x_wconf 78' lang='lat' dir='ltr'>appellationibus</span> <span class='ocrx_word' id='word_1_574' title='bbox 1492 1920 1502 1929; x_wconf 78' lang='grc'><strong><em>,</em></strong></span> <span class='ocrx_word' id='word_1_575' title='bbox 1529 1895 1642 1933; x_wconf 84' lang='lat' dir='ltr'>Etiam</span> <span class='ocrx_word' id='word_1_576' title='bbox 1674 1895 1867 1932; x_wconf 83' lang='lat' dir='ltr'>Bonifacius</span> <span class='ocrx_word' id='word_1_577' title='bbox 1899 1895 2025 1929; x_wconf 87' lang='lat' dir='ltr'>Primas</span> <span class='ocrx_word' id='word_1_578' title='bbox 2054 1896 2092 1931; x_wconf 85' lang='lat' dir='ltr'>in</span> 
     </span>
     <span class='ocr_line' id='line_1_84' title="bbox 1197 1945 2092 1991; baseline 0.002 -11"><span class='ocrx_word' id='word_1_579' title='bbox 1197 1948 1262 1981; x_wconf 86' lang='lat' dir='ltr'>suis</span> <span class='ocrx_word' id='word_1_580' title='bbox 1285 1945 1431 1991; x_wconf 73' lang='lat' dir='ltr'>Synodis</span> <span class='ocrx_word' id='word_1_581' title='bbox 1453 1945 1628 1979; x_wconf 87' lang='lat' dir='ltr'>innovavit</span> <span class='ocrx_word' id='word_1_582' title='bbox 1651 1946 1739 1983; x_wconf 86' lang='lat' dir='ltr'>solos</span> <span class='ocrx_word' id='word_1_583' title='bbox 1771 1945 1901 1980; x_wconf 84' lang='lat' dir='ltr'>Aurelii</span> <span class='ocrx_word' id='word_1_584' title='bbox 1933 1945 2092 1982; x_wconf 81' lang='lat' dir='ltr'>Canones</span> 
     </span>
     <span class='ocr_line' id='line_1_85' title="bbox 1196 1994 2092 2041; baseline 0 -10"><span class='ocrx_word' id='word_1_585' title='bbox 1196 2007 1311 2031; x_wconf 87' lang='lat' dir='ltr'>contra</span> <span class='ocrx_word' id='word_1_586' title='bbox 1325 1995 1563 2039; x_wconf 82' lang='lat' dir='ltr'>appellationes</span> <span class='ocrx_word' id='word_1_587' title='bbox 1574 1994 1750 2034; x_wconf 81' lang='lat' dir='ltr'>Clericales</span> <span class='ocrx_word' id='word_1_588' title='bbox 1761 2009 1774 2035; x_wconf 80' lang='grc'><strong><em>;</em></strong></span> <span class='ocrx_word' id='word_1_589' title='bbox 1801 1995 2012 2041; x_wconf 83' lang='lat' dir='ltr'>Episcopales</span> <span class='ocrx_word' id='word_1_590' title='bbox 2022 2006 2092 2041; x_wconf 79' lang='lat' dir='ltr'>per-</span> 
     </span>
     <span class='ocr_line' id='line_1_86' title="bbox 1194 2043 1592 2085; baseline 0.008 -6"><span class='ocrx_word' id='word_1_591' title='bbox 1194 2046 1283 2083; x_wconf 85' lang='lat' dir='ltr'>misit</span> <span class='ocrx_word' id='word_1_592' title='bbox 1291 2044 1394 2085; x_wconf 74' lang='lat' dir='ltr'>libere</span> <span class='ocrx_word' id='word_1_593' title='bbox 1404 2043 1571 2080; x_wconf 83' lang='lat' dir='ltr'>ambulare</span> <span class='ocrx_word' id='word_1_594' title='bbox 1582 2068 1592 2082; x_wconf 79' lang='lat'>.-</span> 
     </span>
    </p>
   </div>
   <div class='ocr_carea' id='block_1_24' title="bbox 1302 2357 1985 2414">
    <p class='ocr_par' dir='ltr' id='par_1_24' title="bbox 1302 2357 1985 2414">
     <span class='ocr_line' id='line_1_87' title="bbox 1302 2357 1985 2414; baseline -0.019 0"><span class='ocrx_word' id='word_1_595' title='bbox 1302 2358 1345 2414; x_wconf 82' lang='lat' dir='ltr'>.C</span> <span class='ocrx_word' id='word_1_596' title='bbox 1380 2360 1423 2408; x_wconf 93' lang='lat' dir='ltr'>A</span> <span class='ocrx_word' id='word_1_597' title='bbox 1460 2357 1496 2404; x_wconf 93' lang='lat' dir='ltr'>P</span> <span class='ocrx_word' id='word_1_598' title='bbox 1533 2357 1645 2411; x_wconf 87' lang='lat' dir='ltr'>UT</span> <span class='ocrx_word' id='word_1_599' title='bbox 1714 2357 1985 2407; x_wconf 90' lang='lat' dir='ltr'>XXXIV.</span> 
     </span>
    </p>
   </div>
   <div class='ocr_carea' id='block_1_25' title="bbox 247 2545 2086 2613">
    <p class='ocr_par' dir='ltr' id='par_1_25' title="bbox 247 2545 2086 2613">
     <span class='ocr_line' id='line_1_88' title="bbox 247 2545 2086 2613; baseline 0.002 -34"><span class='ocrx_word' id='word_1_600' title='bbox 247 2556 249 2559; x_wconf 75' lang='grc'>’</span> <span class='ocrx_word' id='word_1_601' title='bbox 289 2545 492 2580; x_wconf 83' lang='lat' dir='ltr'>Haecomnia</span> <span class='ocrx_word' id='word_1_602' title='bbox 507 2545 614 2590; x_wconf 87' lang='lat' dir='ltr'>palam</span> <span class='ocrx_word' id='word_1_603' title='bbox 625 2547 830 2595; x_wconf 85' lang='lat' dir='ltr'>colliguntur</span> <span class='ocrx_word' id='word_1_604' title='bbox 840 2546 939 2584; x_wconf 82' lang='lat' dir='ltr'>etiam</span> <span class='ocrx_word' id='word_1_605' title='bbox 951 2558 993 2584; x_wconf 83' lang='lat' dir='ltr'>ex</span> <span class='ocrx_word' id='word_1_606' title='bbox 1004 2547 1135 2584; x_wconf 76' lang='lat' dir='ltr'>relatio·</span> <span class='ocrx_word' id='word_1_607' title='bbox 1196 2545 1481 2611; x_wconf 67' lang='lat' dir='ltr'>Demonstratur</span> <span class='ocrx_word' id='word_1_608' title='bbox 1512 2546 1608 2613; x_wconf 65' lang='lat' dir='ltr'>quod</span> <span class='ocrx_word' id='word_1_609' title='bbox 1634 2548 1784 2613; x_wconf 65' lang='lat' dir='ltr'>Magni</span> <span class='ocrx_word' id='word_1_610' title='bbox 1795 2546 1967 2612; x_wconf 69' lang='lat' dir='ltr'>Gregorii</span> <span class='ocrx_word' id='word_1_611' title='bbox 1991 2559 2086 2594; x_wconf 62' lang='lat' dir='ltr'>tem.</span> 
     </span>
    </p>
   </div>
   <div class='ocr_carea' id='block_1_26' title="bbox 235 2595 1135 3395">
    <p class='ocr_par' dir='ltr' id='par_1_26' title="bbox 235 2595 1135 3395">
     <span class='ocr_line' id='line_1_89' title="bbox 235 2595 1135 2641; baseline 0.003 -11"><span class='ocrx_word' id='word_1_612' title='bbox 235 2602 283 2630; x_wconf 69' lang='lat' dir='ltr'>‘ne</span> <span class='ocrx_word' id='word_1_613' title='bbox 295 2606 331 2630; x_wconf 87' lang='lat' dir='ltr'>ac</span> <span class='ocrx_word' id='word_1_614' title='bbox 342 2595 529 2641; x_wconf 86' lang='lat' dir='ltr'>Legatione</span> <span class='ocrx_word' id='word_1_615' title='bbox 537 2620 548 2636; x_wconf 89' lang='lat'>,</span> <span class='ocrx_word' id='word_1_616' title='bbox 566 2608 665 2639; x_wconf 89' lang='lat' dir='ltr'>quam</span> <span class='ocrx_word' id='word_1_617' title='bbox 675 2597 746 2641; x_wconf 89' lang='lat' dir='ltr'>post</span> <span class='ocrx_word' id='word_1_618' title='bbox 757 2597 875 2640; x_wconf 71' lang='lat' dir='ltr'>ejectos</span> <span class='ocrx_word' id='word_1_619' title='bbox 886 2597 927 2632; x_wconf 90' lang='lat' dir='ltr'>ab</span> <span class='ocrx_word' id='word_1_620' title='bbox 938 2599 1135 2641; x_wconf 78' lang='lat' dir='ltr'>imperatore</span> 
     </span>
     <span class='ocr_line' id='line_1_90' title="bbox 236 2644 1134 2693; baseline 0.004 -14"><span class='ocrx_word' id='word_1_621' title='bbox 236 2644 424 2689; x_wconf 61' lang='lat' dir='ltr'>justiniano</span> <span class='ocrx_word' id='word_1_622' title='bbox 435 2646 630 2689; x_wconf 81' lang='lat' dir='ltr'>Wandalos,</span> <span class='ocrx_word' id='word_1_623' title='bbox 641 2648 738 2693; x_wconf 75' lang='lat' dir='ltr'>atque</span> <span class='ocrx_word' id='word_1_624' title='bbox 751 2648 796 2682; x_wconf 69' lang='lat' dir='ltr'>ita</span> <span class='ocrx_word' id='word_1_625' title='bbox 807 2647 898 2682; x_wconf 86' lang='lat' dir='ltr'>avitae</span> <span class='ocrx_word' id='word_1_626' title='bbox 909 2648 1051 2683; x_wconf 87' lang='lat' dir='ltr'>libertati</span> <span class='ocrx_word' id='word_1_627' title='bbox 1064 2649 1134 2683; x_wconf 92' lang='lat' dir='ltr'>red-</span> 
     </span>
     <span class='ocr_line' id='line_1_91' title="bbox 238 2696 1133 2742; baseline 0.003 -13"><span class='ocrx_word' id='word_1_628' title='bbox 238 2696 342 2730; x_wconf 83' lang='lat' dir='ltr'>ditam</span> <span class='ocrx_word' id='word_1_629' title='bbox 355 2696 548 2731; x_wconf 85' lang='lat' dir='ltr'>Africanam</span> <span class='ocrx_word' id='word_1_630' title='bbox 559 2697 736 2734; x_wconf 75' lang='lat' dir='ltr'>Ecclesiam</span> <span class='ocrx_word' id='word_1_631' title='bbox 746 2723 758 2738; x_wconf 87' lang='lat'>,</span> <span class='ocrx_word' id='word_1_632' title='bbox 785 2698 826 2733; x_wconf 90' lang='lat' dir='ltr'>ad</span> <span class='ocrx_word' id='word_1_633' title='bbox 839 2699 1001 2742; x_wconf 81' lang='lat' dir='ltr'>Ioannem</span> <span class='ocrx_word' id='word_1_634' title='bbox 1021 2699 1133 2736; x_wconf 65' lang='lat' dir='ltr'>‚secun-</span> 
     </span>
     <span class='ocr_line' id='line_1_92' title="bbox 238 2745 1132 2792; baseline 0.003 -12"><span class='ocrx_word' id='word_1_635' title='bbox 238 2745 319 2783; x_wconf 85' lang='lat' dir='ltr'>dum</span> <span class='ocrx_word' id='word_1_636' title='bbox 340 2746 540 2784; x_wconf 84' lang='lat' dir='ltr'>Pontificem</span> <span class='ocrx_word' id='word_1_637' title='bbox 565 2749 652 2785; x_wconf 86' lang='lat' dir='ltr'>misit</span> <span class='ocrx_word' id='word_1_638' title='bbox 676 2748 856 2792; x_wconf 87' lang='lat' dir='ltr'>Reparatus</span> <span class='ocrx_word' id='word_1_639' title='bbox 881 2747 1132 2792; x_wconf 86' lang='lat' dir='ltr'>Archi-Episco-</span> 
     </span>
     <span class='ocr_line' id='line_1_93' title="bbox 238 2795 1131 2842; baseline 0.003 -11"><span class='ocrx_word' id='word_1_640' title='bbox 238 2805 298 2839; x_wconf 76' lang='lat' dir='ltr'>pus</span> <span class='ocrx_word' id='word_1_641' title='bbox 316 2795 596 2842; x_wconf 74' lang='lat' dir='ltr'>Carthaginensis.</span> <span class='ocrx_word' id='word_1_642' title='bbox 629 2798 685 2834; x_wconf 89' lang='lat' dir='ltr'>Ad</span> <span class='ocrx_word' id='word_1_643' title='bbox 706 2799 946 2836; x_wconf 85' lang='lat' dir='ltr'>restaurandam</span> <span class='ocrx_word' id='word_1_644' title='bbox 969 2799 1131 2834; x_wconf 83' lang='lat' dir='ltr'>Africanae</span> 
     </span>
     <span class='ocr_line' id='line_1_94' title="bbox 240 2846 1132 2894; baseline 0.003 -14"><span class='ocrx_word' id='word_1_645' title='bbox 240 2846 390 2881; x_wconf 64' lang='lat' dir='ltr'>Ecclesiae</span> <span class='ocrx_word' id='word_1_646' title='bbox 409 2846 616 2891; x_wconf 87' lang='lat' dir='ltr'>disciplinam</span> <span class='ocrx_word' id='word_1_647' title='bbox 639 2850 752 2894; x_wconf 87' lang='lat' dir='ltr'>coegit</span> <span class='ocrx_word' id='word_1_648' title='bbox 774 2849 995 2886; x_wconf 86' lang='lat' dir='ltr'>ducentorum</span> <span class='ocrx_word' id='word_1_649' title='bbox 1018 2861 1056 2884; x_wconf 89' lang='lat' dir='ltr'>ac</span> <span class='ocrx_word' id='word_1_650' title='bbox 1066 2851 1132 2893; x_wconf 88' lang='lat' dir='ltr'>sep-</span> 
     </span>
     <span class='ocr_line' id='line_1_95' title="bbox 240 2894 1130 2943; baseline 0.007 -15"><span class='ocrx_word' id='word_1_651' title='bbox 240 2894 416 2931; x_wconf 87' lang='lat' dir='ltr'>temdecim</span> <span class='ocrx_word' id='word_1_652' title='bbox 437 2898 675 2942; x_wconf 87' lang='lat' dir='ltr'>Episcoporum</span> <span class='ocrx_word' id='word_1_653' title='bbox 700 2898 897 2943; x_wconf 86' lang='lat' dir='ltr'>synodum,</span> <span class='ocrx_word' id='word_1_654' title='bbox 921 2901 958 2937; x_wconf 63' lang='lat' dir='ltr'>§.c</span> <span class='ocrx_word' id='word_1_655' title='bbox 985 2901 1130 2938; x_wconf 88' lang='lat' dir='ltr'>Romam</span> 
     </span>
     <span class='ocr_line' id='line_1_96' title="bbox 239 2945 1130 2995; baseline 0.006 -16"><span class='ocrx_word' id='word_1_656' title='bbox 239 2955 283 2979; x_wconf 83' lang='lat' dir='ltr'>ex</span> <span class='ocrx_word' id='word_1_657' title='bbox 305 2945 373 2987; x_wconf 88' lang='lat' dir='ltr'>ipsa</span> <span class='ocrx_word' id='word_1_658' title='bbox 394 2946 513 2990; x_wconf 87' lang='lat' dir='ltr'>legavit</span> <span class='ocrx_word' id='word_1_659' title='bbox 524 2949 643 2993; x_wconf 84' lang='lat' dir='ltr'>Cajum</span> <span class='ocrx_word' id='word_1_660' title='bbox 655 2961 693 2984; x_wconf 90' lang='lat' dir='ltr'>ac</span> <span class='ocrx_word' id='word_1_661' title='bbox 706 2950 841 2985; x_wconf 85' lang='lat' dir='ltr'>Petrum</span> <span class='ocrx_word' id='word_1_662' title='bbox 862 2950 1044 2995; x_wconf 71' lang='lat' dir='ltr'>Episcopus</span> <span class='ocrx_word' id='word_1_663' title='bbox 1056 2974 1067 2991; x_wconf 89' lang='lat'>,</span> <span class='ocrx_word' id='word_1_664' title='bbox 1092 2961 1130 2984; x_wconf 87' lang='lat' dir='ltr'>ac</span> 
     </span>
     <span class='ocr_line' id='line_1_97' title="bbox 240 2993 1132 3038; baseline 0.009 -11"><span class='ocrx_word' id='word_1_665' title='bbox 240 2993 432 3033; x_wconf 85' lang='lat' dir='ltr'>Liberatum</span> <span class='ocrx_word' id='word_1_666' title='bbox 446 2996 592 3034; x_wconf 66' lang='lat' dir='ltr'>Ecclesia</span> <span class='ocrx_word' id='word_1_667' title='bbox 603 3001 663 3035; x_wconf 79' lang='lat' dir='ltr'>suae</span> <span class='ocrx_word' id='word_1_668' title='bbox 675 3000 985 3038; x_wconf 83' lang='lat' dir='ltr'>Archi-Diaconum</span> <span class='ocrx_word' id='word_1_669' title='bbox 1000 3026 1007 3033; x_wconf 92' lang='lat'>.</span> <span class='ocrx_word' id='word_1_670' title='bbox 1029 3001 1132 3035; x_wconf 88' lang='lat' dir='ltr'>Retu-</span> 
     </span>
     <span class='ocr_line' id='line_1_98' title="bbox 240 3044 1130 3087; baseline 0.009 -9"><span class='ocrx_word' id='word_1_671' title='bbox 240 3045 282 3078; x_wconf 87' lang='lat' dir='ltr'>lit</span> <span class='ocrx_word' id='word_1_672' title='bbox 305 3044 365 3079; x_wconf 88' lang='lat' dir='ltr'>tria</span> <span class='ocrx_word' id='word_1_673' title='bbox 384 3070 392 3078; x_wconf 86' lang='lat'><strong>.</strong></span> <span class='ocrx_word' id='word_1_674' title='bbox 421 3045 537 3084; x_wconf 75' lang='lat' dir='ltr'>Primo</span> <span class='ocrx_word' id='word_1_675' title='bbox 558 3072 569 3087; x_wconf 91' lang='lat'>,</span> <span class='ocrx_word' id='word_1_676' title='bbox 597 3048 655 3083; x_wconf 83' lang='lat' dir='ltr'>An</span> <span class='ocrx_word' id='word_1_677' title='bbox 677 3047 720 3087; x_wconf 82' lang='lat' dir='ltr'>ad</span> <span class='ocrx_word' id='word_1_678' title='bbox 746 3050 925 3087; x_wconf 79' lang='lat' dir='ltr'>Ecclesiam</span> <span class='ocrx_word' id='word_1_679' title='bbox 956 3050 1130 3086; x_wconf 88' lang='lat' dir='ltr'>redeuntes</span> 
     </span>
     <span class='ocr_line' id='line_1_99' title="bbox 239 3093 1132 3142; baseline 0.007 -14"><span class='ocrx_word' id='word_1_680' title='bbox 239 3093 442 3130; x_wconf 86' lang='lat' dir='ltr'>Arianorum</span> <span class='ocrx_word' id='word_1_681' title='bbox 454 3095 607 3142; x_wconf 88' lang='lat' dir='ltr'>Episcopi</span> <span class='ocrx_word' id='word_1_682' title='bbox 617 3101 742 3141; x_wconf 69' lang='lat' dir='ltr'>possent</span> <span class='ocrx_word' id='word_1_683' title='bbox 754 3100 886 3137; x_wconf 88' lang='lat' dir='ltr'>admitti</span> <span class='ocrx_word' id='word_1_684' title='bbox 899 3102 934 3134; x_wconf 84' lang='lat' dir='ltr'>in</span> <span class='ocrx_word' id='word_1_685' title='bbox 954 3102 1013 3137; x_wconf 86' lang='lat' dir='ltr'>suo</span> <span class='ocrx_word' id='word_1_686' title='bbox 1025 3101 1132 3137; x_wconf 89' lang='lat' dir='ltr'>hono-</span> 
     </span>
     <span class='ocr_line' id='line_1_100' title="bbox 239 3145 1131 3196; baseline 0.01 -17"><span class='ocrx_word' id='word_1_687' title='bbox 239 3145 302 3179; x_wconf 80' lang='lat' dir='ltr'>re?</span> <span class='ocrx_word' id='word_1_688' title='bbox 326 3145 502 3187; x_wconf 72' lang='lat' dir='ltr'>Secundo,</span> <span class='ocrx_word' id='word_1_689' title='bbox 528 3146 586 3184; x_wconf 79' lang='lat' dir='ltr'>An</span> <span class='ocrx_word' id='word_1_690' title='bbox 610 3149 697 3191; x_wconf 87' lang='lat' dir='ltr'>apud</span> <span class='ocrx_word' id='word_1_691' title='bbox 720 3151 806 3196; x_wconf 86' lang='lat' dir='ltr'>ipsos</span> <span class='ocrx_word' id='word_1_692' title='bbox 828 3151 1017 3189; x_wconf 84' lang='lat' dir='ltr'>ininfantia</span> <span class='ocrx_word' id='word_1_693' title='bbox 1030 3151 1131 3194; x_wconf 84' lang='lat' dir='ltr'>bapti-</span> 
     </span>
     <span class='ocr_line' id='line_1_101' title="bbox 240 3195 1130 3239; baseline 0.01 -10"><span class='ocrx_word' id='word_1_694' title='bbox 240 3195 304 3229; x_wconf 82' lang='lat' dir='ltr'>zati</span> <span class='ocrx_word' id='word_1_695' title='bbox 323 3197 449 3239; x_wconf 83' lang='lat' dir='ltr'>possent</span> <span class='ocrx_word' id='word_1_696' title='bbox 460 3195 556 3231; x_wconf 91' lang='lat' dir='ltr'>evehi</span> <span class='ocrx_word' id='word_1_697' title='bbox 567 3196 608 3231; x_wconf 88' lang='lat' dir='ltr'>ad</span> <span class='ocrx_word' id='word_1_698' title='bbox 618 3198 751 3235; x_wconf 72' lang='lat' dir='ltr'>clerum</span> <span class='ocrx_word' id='word_1_699' title='bbox 762 3201 781 3235; x_wconf 70' lang='grc' dir='ltr'>,ἒ</span> <span class='ocrx_word' id='word_1_700' title='bbox 804 3201 923 3236; x_wconf 86' lang='lat' dir='ltr'>Tertia</span> <span class='ocrx_word' id='word_1_701' title='bbox 938 3201 1055 3238; x_wconf 88' lang='lat' dir='ltr'>relatio</span> <span class='ocrx_word' id='word_1_702' title='bbox 1067 3202 1130 3239; x_wconf 85' lang='lat' dir='ltr'>fuit</span> 
     </span>
     <span class='ocr_line' id='line_1_102' title="bbox 240 3244 1130 3296; baseline 0.009 -18"><span class='ocrx_word' id='word_1_703' title='bbox 240 3244 322 3279; x_wconf 83' lang='lat' dir='ltr'>haec:</span> <span class='ocrx_word' id='word_1_704' title='bbox 358 3248 489 3279; x_wconf 71' lang='lat' dir='ltr'>Petimus</span> <span class='ocrx_word' id='word_1_705' title='bbox 501 3256 535 3280; x_wconf 86' lang='lat' dir='ltr'>ut</span> <span class='ocrx_word' id='word_1_706' title='bbox 545 3250 716 3291; x_wconf 66' lang='lat' dir='ltr'>quicumque</span> <span class='ocrx_word' id='word_1_707' title='bbox 721 3249 850 3292; x_wconf 82' lang='lat' dir='ltr'>forfitan</span> <span class='ocrx_word' id='word_1_708' title='bbox 863 3249 1028 3296; x_wconf 72' lang='lat' dir='ltr'>Episcopus</span> <span class='ocrx_word' id='word_1_709' title='bbox 1044 3277 1056 3293; x_wconf 92' lang='lat'>,</span> <span class='ocrx_word' id='word_1_710' title='bbox 1078 3260 1130 3286; x_wconf 83' lang='lat' dir='ltr'>aut</span> 
     </span>
     <span class='ocr_line' id='line_1_103' title="bbox 242 3295 1129 3345; baseline 0.008 -17"><span class='ocrx_word' id='word_1_711' title='bbox 242 3295 397 3334; x_wconf 70' lang='lat' dir='ltr'>Presbyter</span> <span class='ocrx_word' id='word_1_712' title='bbox 411 3321 421 3336; x_wconf 88' lang='lat'><em>,</em></span> <span class='ocrx_word' id='word_1_713' title='bbox 443 3295 503 3337; x_wconf 78' lang='lat' dir='ltr'>five</span> <span class='ocrx_word' id='word_1_714' title='bbox 529 3299 698 3337; x_wconf 76' lang='lat' dir='ltr'>Diaconus,</span> <span class='ocrx_word' id='word_1_715' title='bbox 723 3309 778 3333; x_wconf 80' lang='lat' dir='ltr'>aut</span> <span class='ocrx_word' id='word_1_716' title='bbox 797 3302 954 3341; x_wconf 66' lang='lat' dir='ltr'>cujuslibet</span> <span class='ocrx_word' id='word_1_717' title='bbox 974 3303 1129 3345; x_wconf 76' lang='lat' dir='ltr'>inferioris</span> 
     </span>
     <span class='ocr_line' id='line_1_104' title="bbox 243 3347 1130 3395; baseline 0.006 -14"><span class='ocrx_word' id='word_1_718' title='bbox 243 3347 371 3381; x_wconf 72' lang='lat' dir='ltr'>Ordinis</span> <span class='ocrx_word' id='word_1_719' title='bbox 382 3347 513 3382; x_wconf 69' lang='lat' dir='ltr'>clericus</span> <span class='ocrx_word' id='word_1_720' title='bbox 523 3371 536 3390; x_wconf 91' lang='lat'>,</span> <span class='ocrx_word' id='word_1_721' title='bbox 554 3348 617 3391; x_wconf 82' lang='lat' dir='ltr'>fine</span> <span class='ocrx_word' id='word_1_722' title='bbox 625 3348 722 3390; x_wconf 79' lang='lat' dir='ltr'>nostra</span> <span class='ocrx_word' id='word_1_723' title='bbox 731 3349 850 3392; x_wconf 74' lang='lat' dir='ltr'>epmola</span> <span class='ocrx_word' id='word_1_724' title='bbox 861 3358 976 3387; x_wconf 76' lang='lat' dir='ltr'>venerit</span> <span class='ocrx_word' id='word_1_725' title='bbox 988 3378 1000 3395; x_wconf 92' lang='lat'>‚</span> <span class='ocrx_word' id='word_1_726' title='bbox 1027 3355 1062 3388; x_wconf 67' lang='grc' dir='ltr'>ὁ*</span> <span class='ocrx_word' id='word_1_727' title='bbox 1072 3364 1130 3387; x_wconf 86' lang='lat' dir='ltr'>non</span> 
     </span>
    </p>
   </div>
   <div class='ocr_carea' id='block_1_27' title="bbox 1256 2611 2017 2753">
    <p class='ocr_par' dir='ltr' id='par_1_27' title="bbox 1256 2611 2017 2753">
     <span class='ocr_line' id='line_1_105' title="bbox 1258 2611 2017 2686; baseline -0.008 -19"><span class='ocrx_word' id='word_1_728' title='bbox 1258 2632 1347 2686; x_wconf 66' lang='lat' dir='ltr'>porje</span> <span class='ocrx_word' id='word_1_729' title='bbox 1363 2635 1434 2667; x_wconf 73' lang='lat' dir='ltr'>non·</span> <span class='ocrx_word' id='word_1_730' title='bbox 1442 2615 1524 2684; x_wconf 75' lang='lat' dir='ltr'>fili</span> <span class='ocrx_word' id='word_1_731' title='bbox 1534 2617 1718 2684; x_wconf 76' lang='lat' dir='ltr'>Afrorum</span> <span class='ocrx_word' id='word_1_732' title='bbox 1728 2612 1906 2684; x_wconf 74' lang='lat' dir='ltr'>Epzstopi</span> <span class='ocrx_word' id='word_1_733' title='bbox 1915 2649 1928 2674; x_wconf 84' lang='lat'>‚</span> <span class='ocrx_word' id='word_1_734' title='bbox 1942 2611 2017 2680; x_wconf 79' lang='lat' dir='ltr'>fid</span> 
     </span>
     <span class='ocr_line' id='line_1_106' title="bbox 1256 2687 1946 2753; baseline 0 -18"><span class='ocrx_word' id='word_1_735' title='bbox 1256 2688 1260 2690; x_wconf 64' lang='grc'><strong>’</strong></span> <span class='ocrx_word' id='word_1_736' title='bbox 1333 2691 1446 2735; x_wconf 82' lang='lat' dir='ltr'>etiam</span> <span class='ocrx_word' id='word_1_737' title='bbox 1462 2688 1609 2753; x_wconf 61' lang='lat' dir='ltr'>inferior</span> <span class='ocrx_word' id='word_1_738' title='bbox 1624 2687 1752 2736; x_wconf 73' lang='lat' dir='ltr'>Clerus</span> <span class='ocrx_word' id='word_1_739' title='bbox 1777 2691 1946 2744; x_wconf 76' lang='lat' dir='ltr'>Romam</span> 
     </span>
    </p>
   </div>
   <div class='ocr_carea' id='block_1_28' title="bbox 1434 2757 1840 2837">
    <p class='ocr_par' dir='ltr' id='par_1_28' title="bbox 1434 2757 1840 2837">
     <span class='ocr_line' id='line_1_107' title="bbox 1434 2757 1840 2837; baseline -0.007 -30"><span class='ocrx_word' id='word_1_740' title='bbox 1434 2757 1546 2812; x_wconf 71' lang='lat' dir='ltr'>libere}</span> <span class='ocrx_word' id='word_1_741' title='bbox 1559 2758 1812 2837; x_wconf 64' lang='lat' dir='ltr'>appellaverit</span> <span class='ocrx_word' id='word_1_742' title='bbox 1827 2792 1840 2810; x_wconf 75' lang='grc'>,.</span> 
     </span>
    </p>
   </div>
   <div class='ocr_carea' id='block_1_29' title="bbox 1185 2945 2086 3399">
    <p class='ocr_par' dir='ltr' id='par_1_29' title="bbox 1185 2945 2086 3399">
     <span class='ocr_line' id='line_1_108' title="bbox 1289 2945 2086 2995; baseline -0.005 -10"><span class='ocrx_word' id='word_1_743' title='bbox 1289 2949 1374 2985; x_wconf 88' lang='lat' dir='ltr'>Uod</span> <span class='ocrx_word' id='word_1_744' title='bbox 1387 2949 1546 2988; x_wconf 83' lang='lat' dir='ltr'>Afrorum</span> <span class='ocrx_word' id='word_1_745' title='bbox 1559 2950 1714 2995; x_wconf 84' lang='lat' dir='ltr'>Episcopi</span> <span class='ocrx_word' id='word_1_746' title='bbox 1725 2952 1806 2984; x_wconf 73' lang='lat' dir='ltr'>tunc</span> <span class='ocrx_word' id='word_1_747' title='bbox 1817 2948 1961 2982; x_wconf 84' lang='lat' dir='ltr'>Romam</span> <span class='ocrx_word' id='word_1_748' title='bbox 1984 2945 2086 2994; x_wconf 53' lang='lat' dir='ltr'>,liberes</span> 
     </span>
     <span class='ocr_line' id='line_1_109' title="bbox 1193 2951 2082 3064; baseline -0.003 -30"><span class='ocrx_word' id='word_1_749' title='bbox 1193 2951 1393 3064; x_wconf 72' lang='lat' dir='ltr'>Qime</span> <span class='ocrx_word' id='word_1_750' title='bbox 1428 3002 1662 3045; x_wconf 82' lang='lat' dir='ltr'>appellaverint</span> <span class='ocrx_word' id='word_1_751' title='bbox 1689 3024 1700 3040; x_wconf 92' lang='lat'>,</span> <span class='ocrx_word' id='word_1_752' title='bbox 1735 2997 1962 3046; x_wconf 58' lang='lat' dir='ltr'>demonstrant</span> <span class='ocrx_word' id='word_1_753' title='bbox 1989 2998 2082 3041; x_wconf 87' lang='lat' dir='ltr'>plura</span> 
     </span>
     <span class='ocr_line' id='line_1_110' title="bbox 1346 3048 2082 3099; baseline -0.004 -15"><span class='ocrx_word' id='word_1_754' title='bbox 1346 3054 1496 3099; x_wconf 81' lang='lat' dir='ltr'>exempla</span> <span class='ocrx_word' id='word_1_755' title='bbox 1520 3076 1530 3087; x_wconf 82' lang='grc'>,.</span> <span class='ocrx_word' id='word_1_756' title='bbox 1569 3051 1718 3086; x_wconf 86' lang='lat' dir='ltr'>Primum</span> <span class='ocrx_word' id='word_1_757' title='bbox 1745 3050 1878 3086; x_wconf 60' lang='lat' dir='ltr'>sandius</span> <span class='ocrx_word' id='word_1_758' title='bbox 1902 3048 2082 3092; x_wconf 83' lang='lat' dir='ltr'>Gregorius</span> 
     </span>
     <span class='ocr_line' id='line_1_111' title="bbox 1190 3097 2081 3146; baseline -0.006 -10"><span class='ocrx_word' id='word_1_759' title='bbox 1190 3102 1329 3146; x_wconf 85' lang='lat' dir='ltr'>exponit</span> <span class='ocrx_word' id='word_1_760' title='bbox 1342 3101 1376 3134; x_wconf 89' lang='lat' dir='ltr'>in</span> <span class='ocrx_word' id='word_1_761' title='bbox 1404 3101 1522 3136; x_wconf 88' lang='lat' dir='ltr'>litteris</span> <span class='ocrx_word' id='word_1_762' title='bbox 1533 3099 1574 3135; x_wconf 80' lang='lat' dir='ltr'>ad</span> <span class='ocrx_word' id='word_1_763' title='bbox 1586 3098 1790 3138; x_wconf 82' lang='lat' dir='ltr'>Columbum</span> <span class='ocrx_word' id='word_1_764' title='bbox 1813 3097 1849 3135; x_wconf 84' lang='lat' dir='ltr'>N</span> <span class='ocrx_word' id='word_1_765' title='bbox 1853 3098 1984 3133; x_wconf 84' lang='lat' dir='ltr'>umidiae</span> <span class='ocrx_word' id='word_1_766' title='bbox 1997 3098 2081 3141; x_wconf 85' lang='lat' dir='ltr'>Epi-</span> 
     </span>
     <span class='ocr_line' id='line_1_112' title="bbox 1191 3148 2082 3196; baseline -0.008 -9"><span class='ocrx_word' id='word_1_767' title='bbox 1191 3154 1348 3196; x_wconf 88' lang='lat' dir='ltr'>scopum:</span> <span class='ocrx_word' id='word_1_768' title='bbox 1367 3151 1555 3196; x_wconf 74' lang='lat' dir='ltr'>Judtcamus</span> <span class='ocrx_word' id='word_1_769' title='bbox 1566 3150 1731 3189; x_wconf 65' lang='lat' dir='ltr'>Sandlitat}</span> <span class='ocrx_word' id='word_1_770' title='bbox 1755 3149 1883 3194; x_wconf 70' lang='lat' dir='ltr'>vestm,</span> <span class='ocrx_word' id='word_1_771' title='bbox 1908 3148 2015 3191; x_wconf 71' lang='lat' dir='ltr'>,venlffe</span> <span class='ocrx_word' id='word_1_772' title='bbox 2037 3148 2082 3180; x_wconf 80' lang='lat' dir='ltr'>ad</span> 
     </span>
     <span class='ocr_line' id='line_1_113' title="bbox 1191 3196 2079 3245; baseline -0.007 -8"><span class='ocrx_word' id='word_1_773' title='bbox 1191 3215 1242 3237; x_wconf 87' lang='lat' dir='ltr'>nos</span> <span class='ocrx_word' id='word_1_774' title='bbox 1252 3201 1408 3245; x_wconf 70' lang='lat' dir='ltr'>quemdam</span> <span class='ocrx_word' id='word_1_775' title='bbox 1419 3200 1565 3235; x_wconf 74' lang='lat' dir='ltr'>bominem</span> <span class='ocrx_word' id='word_1_776' title='bbox 1575 3226 1585 3242; x_wconf 92' lang='lat'>‚</span> <span class='ocrx_word' id='word_1_777' title='bbox 1612 3204 1736 3236; x_wconf 83' lang='lat' dir='ltr'>Petrum</span> <span class='ocrx_word' id='word_1_778' title='bbox 1750 3205 1864 3235; x_wconf 76' lang='lat' dir='ltr'>nomme</span> <span class='ocrx_word' id='word_1_779' title='bbox 1876 3223 1888 3240; x_wconf 93' lang='lat'>,</span> <span class='ocrx_word' id='word_1_780' title='bbox 1913 3204 1965 3245; x_wconf 69' lang='lat' dir='ltr'>qui</span> <span class='ocrx_word' id='word_1_781' title='bbox 1973 3197 2003 3240; x_wconf 65' lang='lat' dir='ltr'>ft</span> <span class='ocrx_word' id='word_1_782' title='bbox 2024 3196 2079 3241; x_wconf 82' lang='lat' dir='ltr'>as-</span> 
     </span>
     <span class='ocr_line' id='line_1_114' title="bbox 1185 3248 2080 3296; baseline -0.008 -8"><span class='ocrx_word' id='word_1_783' title='bbox 1185 3251 1351 3296; x_wconf 78' lang='lat' dir='ltr'>semfulffe</span> <span class='ocrx_word' id='word_1_784' title='bbox 1362 3249 1543 3294; x_wconf 79' lang='lat' dir='ltr'>Episcopum</span> <span class='ocrx_word' id='word_1_785' title='bbox 1556 3276 1566 3291; x_wconf 94' lang='lat'><strong>,</strong></span> <span class='ocrx_word' id='word_1_786' title='bbox 1593 3261 1683 3294; x_wconf 83' lang='lat' dir='ltr'>atque</span> <span class='ocrx_word' id='word_1_787' title='bbox 1692 3248 1860 3294; x_wconf 80' lang='lat' dir='ltr'>causaesuae</span> <span class='ocrx_word' id='word_1_788' title='bbox 1883 3250 1906 3282; x_wconf 73' lang='grc' dir='ltr'><em>ἃ</em></span> <span class='ocrx_word' id='word_1_789' title='bbox 1926 3249 2012 3283; x_wconf 77' lang='lat' dir='ltr'>nobls</span> <span class='ocrx_word' id='word_1_790' title='bbox 2036 3259 2080 3282; x_wconf 83' lang='lat' dir='ltr'>re·</span> 
     </span>
     <span class='ocr_line' id='line_1_115' title="bbox 1191 3299 2081 3346; baseline -0.008 -10"><span class='ocrx_word' id='word_1_791' title='bbox 1191 3305 1321 3339; x_wconf 71' lang='lat' dir='ltr'>medium</span> <span class='ocrx_word' id='word_1_792' title='bbox 1330 3302 1497 3345; x_wconf 65' lang='lat' dir='ltr'>postulasse.</span> <span class='ocrx_word' id='word_1_793' title='bbox 1525 3304 1570 3333; x_wconf 86' lang='lat' dir='ltr'>Et</span> <span class='ocrx_word' id='word_1_794' title='bbox 1584 3302 1674 3344; x_wconf 63' lang='lat' dir='ltr'>priris</span> <span class='ocrx_word' id='word_1_795' title='bbox 1685 3302 1806 3346; x_wconf 69' lang='lat' dir='ltr'>quidem</span> <span class='ocrx_word' id='word_1_796' title='bbox 1827 3299 1931 3333; x_wconf 67' lang='lat' dir='ltr'>retulit</span> <span class='ocrx_word' id='word_1_797' title='bbox 1952 3309 2020 3340; x_wconf 82' lang='lat' dir='ltr'>quae</span> <span class='ocrx_word' id='word_1_798' title='bbox 2035 3299 2081 3331; x_wconf 75' lang='lat' dir='ltr'>dl-</span> 
     </span>
     <span class='ocr_line' id='line_1_116' title="bbox 1186 3350 2078 3399; baseline -0.008 -11"><span class='ocrx_word' id='word_1_799' title='bbox 1186 3365 1250 3398; x_wconf 84' lang='lat' dir='ltr'>gna</span> <span class='ocrx_word' id='word_1_800' title='bbox 1260 3354 1310 3399; x_wconf 77' lang='lat' dir='ltr'>effe</span> <span class='ocrx_word' id='word_1_801' title='bbox 1321 3350 1509 3396; x_wconf 66' lang='lat' dir='ltr'>miseratione</span> <span class='ocrx_word' id='word_1_802' title='bbox 1515 3353 1671 3397; x_wconf 79' lang='lat' dir='ltr'>porulffent</span> <span class='ocrx_word' id='word_1_803' title='bbox 1684 3365 1697 3386; x_wconf 83' lang='lat'>.-</span> <span class='ocrx_word' id='word_1_804' title='bbox 1722 3354 1742 3386; x_wconf 82' lang='lat'><em>5</em></span> <span class='ocrx_word' id='word_1_805' title='bbox 1743 3352 1784 3386; x_wconf 82' lang='lat' dir='ltr'>ed</span> <span class='ocrx_word' id='word_1_806' title='bbox 1795 3355 1984 3394; x_wconf 76' lang='lat' dir='ltr'>requirentes</span> <span class='ocrx_word' id='word_1_807' title='bbox 1995 3372 2005 3388; x_wconf 92' lang='lat'>,</span> <span class='ocrx_word' id='word_1_808' title='bbox 2026 3356 2078 3388; x_wconf 74' lang='lat' dir='ltr'>po·</span> 
     </span>
    </p>
   </div>
   <div class='ocr_carea' id='block_1_30' title="bbox 1965 3398 2028 3437">
    <p class='ocr_par' dir='ltr' id='par_1_30' title="bbox 1965 3398 2028 3437">
     <span class='ocr_line' id='line_1_117' title="bbox 1965 3398 2028 3437; baseline 0.048 -7"><span class='ocrx_word' id='word_1_809' title='bbox 1965 3398 2028 3437; x_wconf 67' lang='lat' dir='ltr'>steti</span> 
     </span>
    </p>
   </div>
   <div class='ocr_carea' id='block_1_31' title="bbox 2099 3126 2231 3209">
    <p class='ocr_par' dir='ltr' id='par_1_31' title="bbox 2099 3126 2231 3209">
     <span class='ocr_line' id='line_1_118' title="bbox 2099 3126 2205 3165; baseline 0.019 -9"><span class='ocrx_word' id='word_1_810' title='bbox 2099 3126 2158 3157; x_wconf 81' lang='lat' dir='ltr'>Lib.</span> <span class='ocrx_word' id='word_1_811' title='bbox 2181 3138 2205 3165; x_wconf 91' lang='lat'>5.</span> 
     </span>
     <span class='ocr_line' id='line_1_119' title="bbox 2099 3168 2231 3209; baseline 0.038 -12"><span class='ocrx_word' id='word_1_812' title='bbox 2099 3168 2231 3209; x_wconf 78' lang='lat' dir='ltr'>Epist.36.</span> 
     </span>
    </p>
   </div>
  </div>
 </body>
</html>
