2326 3718
92 983 179 1014 Anno

95 1031 181 1059 1049.

660 121 943 168 Romanus
978 110 1574 165 Are-ettarlomnus.

209 203 479 252 perGeizericum
501 202 766 239 VVandalorum
789 203 915 247 Regem
940 202 974 235 in
987 200 1088 244 Paga·

209 267 287 292 nam
299 254 420 294 Africa
427 252 823 298 Mauritaniamprojeffis
833 276 844 292 ‚
865 252 973 286 scribit
984 253 1019 285 in
1030 251 1089 294 pri·

207 304 362 350 moflibto
374 303 490 339 Vissor
502 303 668 344 Vitenfis:
695 309 844 348 Ingentem
869 304 1089 336 multitudinem

208 353 375 395 Gentilium
387 353 594 389 Barbarorum
605 354 720 395 Cbr'fio
736 357 864 387 Domino
880 355 1067 393 lucraverunt
1080 375 1090 390 ‚

207 405 260 443 ubi
265 412 357 441 antea
367 404 545 447 nullafamo
556 405 716 447 Christiani
726 409 855 437 nominis
871 403 978 444 fuerat
988 402 1086 436 divul-

202 463 293 499 gata,
321 458 450 490 Mittunt
464 459 592 500 Legatos
617 464 669 499 per
680 459 790 488 itinera
815 454 940 494 distenta
957 450 1087 495 Deserti‘:

206 507 387 543 Pervenitur
409 508 532 540 tandem
550 507 596 538 ad
606 509 775 540 Romanam
789 510 945 539 civitatem
956 528 964 536 .
993 505 1091 545 Roga-

206 565 258 591 tus
268 553 434 598 Eplfiopus
447 581 460 597 ,
485 566 519 590 ut
533 555 738 596 Presbyterum
756 556 789 590 (τ
800 555 948 596 Ministros
960 554 1090 587 credenti

203 606 311 647 populo
321 605 481 647 destinaret
491 630 503 645 ,
528 607 629 646 explet
643 616 709 639 cum
723 607 835 650 gaudio
847 630 858 645 ,
884 606 963 648 quod
971 602 1092 646 peteba-

207 662 275 688 tur.
304 655 438 700 Utique
457 655 528 691 Leo
538 654 701 700 Magnus.
730 655 1032 692 SubVVandalica
1044 663 1094 685 ca-

207 706 362 749 ptivitate
380 715 459 739 tunc
470 706 622 750 gemebat
634 730 644 744 ,
672 706 707 740 δε
721 706 808 750 quafi
823 704 921 739 vidua
933 714 1002 738 erat
1016 702 1094 736 Car·

205 753 408 800 thaginenfis
420 755 561 790 Ecclesia
575 768 581 788 :
611 755 704 792 Hine
716 754 887 796 Presbyter
897 754 930 788 &
943 750 1092 788 Ministri

206 815 277 839 non
286 804 306 838 e*
317 802 503 841 Christiana
515 806 719 841 Mauritania
731 831 741 847 ,
767 817 824 840 aut
834 816 874 840 ex
896 804 1006 840 vicina
1019 802 1096 836 His-

206 855 304 898 pania
314 877 326 894 .
350 855 404 890 sed
416 855 623 900 postulantur
632 856 674 890 ab
685 854 878 899 Apostolica
888 854 972 889 Sede
983 878 991 886 .
1019 851 1095 887 Pro-

206 914 280 947 μετ
290 904 550 941 Patriarchalem
561 908 786 941 auam-itatem
798 930 805 936 .
831 905 927 938 Hinc
944 903 980 937 ἀ
991 904 1027 936 in
1039 902 1098 935 suo

209 950 384 990 Chronico
406 955 516 990 scribit
535 955 735 991 Guiiieimus
758 952 1016 999 Nangiacenfis:
1042 954 1096 983 Ro

205 1015 299 1050 geru:
319 1008 386 1038 Rex
408 1004 506 1045 sicilie
526 1003 661 1045 africam
680 1003 814 1044 invafit,
838 1010 985 1045 captaque
1003 1001 1076 1035 urbe
1087 1024 1098 1042 ,

209 1064 266 1096 que
277 1050 434 1095 Carthago
455 1052 611 1087 dicebatur
633 1077 645 1095 ,
671 1052 952 1097 Archi-Epifiopum
973 1050 1098 1093 Afric-e,

209 1107 261 1146 qui
278 1099 335 1145 sub
339 1100 486 1145 servitute
495 1106 622 1137 Romam
644 1112 772 1138 venerat
797 1101 1030 1148 consecrandus,
1057 1102 1101 1135 ad

208 1149 405 1194 Sedemfitam
414 1152 521 1194 remifit
530 1153 655 1188 liberum
667 1179 674 1186 .
702 1153 819 1189 Africa
847 1165 926 1189 runc
946 1151 1099 1198 gemebat

207 1200 268 1237 sub
276 1202 462 1238 Saracenis.
488 1203 534 1238 Et
547 1204 597 1239 uti
610 1214 711 1248 nuper
732 1203 791 1239 sub
804 1203 960 1250 Gregorii
972 1203 1100 1247 septimi

207 1252 412 1290 Pontificatu
425 1277 436 1294 ‚
461 1253 507 1288 ita
519 1263 602 1289 tunc
624 1254 753 1297 reperiri
778 1265 849 1289 nou
871 1263 1021 1298 poterant
1032 1251 1101 1289 duo

208 1302 296 1338 intra
305 1302 458 1338 Africam
470 1302 640 1340 Catholici
653 1305 829 1348 Episcopi,
855 1305 913 1346 qui
925 1302 1101 1348 Carthagi·

208 1353 346 1388 oensem
361 1352 512 1389 Eiectum
533 1356 783 1390 consecrarent:
809 1354 905 1390 Hinc
922 1355 981 1390 ille
993 1354 1104 1388 conse-

207 1401 348 1437 crandus
358 1402 487 1439 acceffit
506 1401 546 1437 ad
559 1405 653 1440 suum
664 1403 906 1439 Patriarcham.
933 1404 978 1439 Et
998 1404 1032 1438 in
1043 1403 1104 1439 La·

208 1452 368 1488 teranenfi
382 1453 643 1490 SanffrMartini
660 1453 833 1491 pontificis
848 1454 987 1498 synodo
997 1453 1104 1489 exstat

209 1502 378 1545 synodica
391 1503 526 1548 epistola
538 1524 549 1544 ‚
575 1516 640 1549 qua
652 1502 770 1538 Vistor
782 1528 793 1545 ,
806 1505 957 1539 novellus
969 1501 1103 1539 Cartha-

210 1552 398 1597 ginenfium
411 1553 557 1588 Antistes
566 1579 577 1595 ,
604 1565 660 1599 per
681 1554 843 1589 solemnes
854 1554 999 1599 Legatos
1010 1553 1104 1587 refert

208 1601 242 1645 se
256 1603 392 1646 accepss'e
403 1603 591 1646 Pontificalis
614 1604 732 1638 honoris
745 1603 989 1647 consecrationem
1008 1603 1104 1644 &sto-

209 1654 294 1688 iam.
319 1652 433 1685 Etilla
458 1653 599 1695 postulat
620 1653 679 1687 sibi
695 1665 751 1697 per
762 1653 966 1689 Pontificem
986 1653 1106 1687 confir-

210 1703 293 1739 mari
306 1726 314 1735 .
341 1701 473 1746 Nempe
490 1703 584 1737 suum
597 1702 821 1738 patriarcham
832 1729 840 1738 .

263 1753 348 1786 Haec
358 1753 473 1786 omnia
486 1753 656 1798 insigniter
667 1753 804 1789 illustrat
813 1754 949 1789 sanstus
961 1753 1032 1788 Leo
1045 1764 1102 1788 no·

212 1814 276 1837 nus
298 1804 335 1837 in
358 1802 478 1836 litteris
499 1803 540 1838 ad
562 1803 737 1839 Thomam
759 1803 955 1839 Africanum
975 1803 1107 1848 Episco-

211 1864 292 1897 pum
315 1865 323 1884 :
352 1857 486 1887 Noveris
504 1854 699 1896 proculdubio
721 1878 732 1894 ,
758 1860 833 1897 quia
852 1854 915 1896 post
939 1857 1106 1887 Romanum

213 1903 391 1947 Pontificem
405 1908 526 1944 primus
548 1903 816 1948 Archi·Epis2·opus
828 1929 838 1946 ,
865 1906 900 1938 <⁰5
912 1910 1003 1937 totius
1026 1903 1105 1945 Afri-

212 1966 244 1996 τε
256 1960 410 1987 maximus
430 1955 678 1997 Metropolitanus
703 1954 742 1996 est
760 1953 1005 1999 Carthaginensi}
1032 1957 1107 1995 Epi·

209 2004 332 2049 scopus,
361 2014 413 2039 nec
433 2010 607 2048 quicumque
615 2004 656 2048 fit
676 2007 725 2039 ille
743 2009 959 2039 Gummitanus
983 2004 1108 2048 Episco-

210 2062 294 2096 pus,
321 2055 454 2097 aliquam
473 2057 628 2089 licentiam
647 2055 835 2098 consecrandi
844 2054 1007 2097 Episcopos
1020 2079 1030 2095 ‚
1057 2055 1110 2088 vel

215 2104 405 2145 deponendi,
417 2102 470 2146 seu
481 2106 669 2139 provinciale
683 2107 847 2139 Concilium
857 2106 1044 2138 convocandi
1054 2104 1107 2135 ha·

215 2153 265 2188 bet
269 2151 332 2194 fine
344 2151 481 2196 consensu
493 2152 734 2199 carthaginensis
760 2152 1005 2197 Archi-Episcopi
1026 2178 1038 2194 ‚
1063 2164 1107 2187 cu·

210 2203 341 2244 J'uslt'bet
362 2203 523 2246 dignitatis
543 2214 597 2237 aut
619 2203 773 2245 potestatis
788 2203 828 2245 fit
840 2228 851 2244 ,
877 2210 1011 2246 exceptis
1033 2204 1080 2236 bis
1095 2227 1107 2244 ,

214 2264 273 2295 que
292 2253 339 2285 ad
353 2257 509 2293 propriam
535 2252 712 2286 Parochiam
728 2260 884 2294 pertinent
896 2265 912 2294 ,·
937 2261 1034 2294 cetera
1055 2265 1107 2286 au-

214 2313 276 2336 tem
287 2326 299 2343 ‚
317 2301 392 2344 ficut
401 2303 435 2335 (θ’
446 2302 502 2335 alii
515 2302 654 2344 Africani
667 2302 807 2347 Epist-opi
817 2327 827 2342 ,
854 2303 964 2344 confilio
975 2302 1107 2336 Cartba-

211 2351 343 2397 ginenfis
358 2350 445 2384 Archi
457 2351 596 2396 Episcopi
609 2358 676 2396 agit
686 2378 694 2385 .
726 2359 787 2387 Hoc
808 2363 910 2387 autem
921 2355 984 2387 nolo
994 2365 1049 2387 vos
1059 2354 1107 2386 la·

216 2413 296 2440 teat,
323 2412 382 2435 non
395 2402 499 2434 debere
506 2411 608 2445 preter
615 2402 795 2444 sententiam
809 2407 939 2436 Romani
954 2402 1105 2445 Pontificis

216 2450 386 2494 universale
396 2453 561 2485 Concilium
581 2453 747 2492 celebrari,
771 2462 825 2486 aut
839 2452 1004 2495 Epist-opos
1023 2454 1106 2485 dam-

214 2509 285 2536 nari
297 2503 350 2536 vel
358 2503 484 2543 deponi.
512 2504 598 2546 ‚Quia
623 2501 680 2546 etsi
688 2502 773 2536 vobis
794 2503 880 2536 liceat
903 2503 1016 2545 aliquos
1031 2506 1106 2543 Epi-

212 2552 315 2597 scopos
327 2557 503 2586 examinare
511 2577 522 2594 ‚
536 2552 729 2595 definitivam
741 2562 840 2586 tamen
846 2551 870 2596 s
865 2560 1031 2587 ementium
1040 2552 1108 2597 abs·

217 2615 272 2647 que
281 2601 411 2645 consultu
424 2606 552 2636 Romani
566 2602 720 2645 Pontificis
747 2603 882 2637 nonlicet
908 2605 1003 2644 dare,
1029 2605 1109 2646 quod

217 2659 251 2687 in
268 2652 386 2696 sanc'lis
413 2653 587 2686 Canonibus
608 2653 758 2692 statutum
779 2659 919 2695 poteritis
946 2659 1083 2688 invenire
1098 2679 1106 2687 .

217 2700 501 2748 Haec'posteriora
513 2703 585 2737 Leo
604 2703 697 2737 addit
719 2716 760 2738 ex
781 2703 896 2739 Isidori
909 2703 1107 2740 Mer-catoris

218 2752 370 2793 Codice,
396 2753 453 2799 qui
474 2764 554 2788 tnnc
578 2753 710 2798 vigebat
732 2765 786 2796 per
809 2755 965 2789 Latinam
986 2755 1106 2790 Eccle-

219 2803 297 2839 siam
309 2828 317 2836 .
343 2804 457 2848 Pergit
477 2805 512 2838 in
537 2803 654 2839 litteris
675 2802 715 2839 ad
727 2803 859 2839 Petrum
872 2817 910 2839 ac
923 2806 1085 2849 Joannem
1096 2827 1107 2844 ,

221 2852 396 2890 Africanos
406 2855 485 2888 item
494 2854 694 2899 Episcopos:
721 2856 782 2888 sed
802 2856 840 2889 de
852 2855 951 2898 Africo
962 2858 1106 2890 Priman-

220 2901 279 2937 bus
293 2902 379 2936 aliter
388 2905 612 2948 intelligendum
623 2904 662 2945 esi
674 2930 684 2947 ‚
696 2911 768 2948 quia
779 2911 812 2938 tn
819 2903 943 2950 fingulis
955 2908 1021 2947 ejus
1034 2909 1107 2939 Pro-

222 2956 333 2989 vinciis
353 2960 521 2996 antiquitus
545 2958 696 2991 Primores
715 2956 964 2996 instituebantur,
989 2968 1048 2989 non
1062 2954 1106 2999 se·

220 3002 352 3040 cundum
369 3010 535 3043 potentiam
554 3007 685 3047 aiicujus
700 3012 839 3041 civitatis
851 3031 862 3047 ,
881 3004 939 3050 sed
945 3004 1107 3050 secundum

222 3060 340 3094 tempus
346 3050 401 3096 sue
411 3055 626 3098 ordinationis,
653 3056 757 3101 quihus
769 3066 872 3091 tamen
897 3055 1031 3090 omnibus
1039 3059 1108 3098 pre-

222 3110 289 3136 erat
306 3113 386 3137 unus
398 3127 409 3144 ‚
430 3101 541 3147 scilicet
551 3106 797 3151 Carthaginenfis
818 3105 1085 3151 Archi-Epiftopus
1096 3131 1107 3148 ‚

221 3158 276 3196 qui
298 3158 390 3186 etiam
411 3165 470 3186 non
488 3159 642 3202 incongrue
662 3159 722 3191 dici
738 3157 831 3200 potest
843 3158 1107 3200 Metropolitanus,

222 3211 349 3246 propter
359 3203 577 3248 Carthaginem
589 3209 774 3250 Metropolim
783 3214 874 3243 totius
886 3208 986 3251 Africe
998 3232 1006 3239 -

275 3253 376 3286 Hanc
387 3253 653 3298 carthaginensis
664 3258 811 3293 Ecclefiae
830 3259 1028 3305 dignitatem
1040 3270 1107 3305 gra-

223 3303 310 3337 viter
331 3302 476 3337 laeserunt
500 3306 697 3340 Donatistae.
726 3307 883 3343 Resinfra
905 3319 1106 3352 exponetur.

225 3352 270 3386 Et
283 3353 341 3387 ista
355 3355 558 3398 praesumptio
570 3368 638 3390 non
648 3356 694 3390 est
705 3356 892 3393 admiranda
904 3360 937 3393 in
948 3360 1016 3393 istis
1023 3359 1109 3394 Tur-

226 3401 358 3440 binibus
382 3429 389 3436 .
419 3404 566 3440 Eandem
588 3406 708 3453 quippe
729 3431 741 3448 ‚
767 3408 871 3443 immo
891 3408 991 3454 longe
1011 3410 1107 3453 maio·

1150 208 1240 238 rem,
1265 195 1497 240 posterioribus
1520 196 1643 238 saeculis
1661 202 1837 243 attentavit
1860 203 2035 246 Orthodo-

1150 259 1211 282 xus
1220 247 1443 283 Gummitanae
1452 246 1644 283 Ecclefiaein
1663 249 1808 292 Byzacio
1830 253 2034 300 Episcopus,

1149 298 1304 333 adversus
1326 309 1423 341 quem
1443 297 1564 342 scripsit
1584 297 1625 332 ad
1648 296 1781 335 Petrum
1796 303 1830 337 ὅ(
1850 306 2041 349 Joannem,

1152 348 1419 388 Proconsularis,
1445 359 1482 382 ut
1492 349 1638 390 videtur,
1662 348 1748 383 olim
1760 350 1943 393 Provinciae
1959 357 2042 401 Epi.

1153 401 1286 443 scopos,
1316 399 1451 434 Sanetus
1469 399 1541 435 Leo
1561 408 1691 434 nonus:
1717 399 1808 434 Redit
1827 412 1928 438 contra
1943 411 2046 443 Qum--

1153 456 1296 483 mitanum
1308 447 1489 494 Episcopum
1499 451 1678 496 dignitatem
1686 449 1928 494 carthaginensis
1939 459 2040 491 Eccle-

1148 499 1198 541 siae
1210 499 1385 542 defendistis
1399 525 1407 533 ‚
1433 502 1519 544 ,Quia
1524 499 1587 542 fine
1598 500 1688 535 dubio
1693 499 1756 543 post
1776 502 1946 536 Romanum
1966 509 2042 540 Pon-

1155 549 1261 591 tificem
1266 556 1386 592 primus
1397 549 1663 594 Archi-Episcopus
1674 576 1685 591 ‚
1706 552 1741 585 eit
1750 557 1843 585 totius
1855 552 1967 593 Africae
1979 568 2043 591 ma-

1155 606 1254 633 ximus
1267 601 1514 643 Metropolitanus
1534 601 1575 642 est
1595 600 1839 646 carthaginensis
1857 601 2019 646 Episcopus
2030 628 2047 645 ‚

1157 660 1207 682 nec
1217 658 1272 691 pro
1292 651 1394 694 aliquo
1414 649 1560 694 Epifiopo
1581 656 1615 685 in
1625 660 1690 686 tota
1704 651 1808 694 Africa
1813 652 1906 698 potest
1917 655 2047 697 perdere

1152 699 1365 743 privilegium,
1385 698 1482 744 semel
1493 700 1662 744 susi-eptam
1683 704 1704 735 ἃ
1723 701 1833 746 [αηᾶα
1856 707 1992 741 Romana
2011 705 2048 740 ὀ·

1159 748 1316 791 apostolica
1336 753 1430 791 sede,
1451 750 1513 796 sed
1531 751 1678 786 obtinebit
1697 754 1775 787 illud
1795 752 1885 797 usque
1902 756 1948 788 ad
1952 754 2050 798 finem

1154 797 1258 842 saeculi
1268 823 1280 840 ‚
1305 802 1341 834 ὃ·
1358 802 1449 835 donec
1468 807 1502 834 in
1521 812 1558 835 ea
1574 802 1764 836 invocabitur
1784 808 1903 839 Nomen
1926 806 2052 839 Domini

1159 848 1261 890 Nostri
1272 852 1391 896 Just:
1412 853 1602 892 emetiri,
1620 849 1685 892 five
1710 850 1829 894 deserta
1842 847 1949 895 ῥαῖσαι
1970 860 2053 890 car-

1159 898 1248 943 thago
1260 923 1272 940 ‚
1291 898 1356 941 five
1365 900 1500 945 resurgat
1504 900 1633 946 gloriosa
1643 902 1805 945 aliquando
1814 928 1822 936 .
1850 907 1907 936 Hoc
1925 917 1964 938 ex
1975 910 2052 939 Con-

1158 950 1225 983 cilio
1235 953 1380 991 cypriant
1389 976 1401 991 ‚
1427 951 1479 985 boc
1489 963 1526 985 ex
1546 954 1668 993 synodis
1678 955 1789 987 Aurelii
1800 977 1812 994 ,
1836 952 1890 987 hoc
1909 966 1949 989 ex
1960 961 2054 988 omni-

1160 999 1215 1032 bus
1237 999 1392 1042 Africanis
1411 1003 1575 1043 Conciliis,
1600 1002 1671 1043 boc,
1698 1005 1782 1046 quod
1802 1006 1902 1045 majus
1924 1004 1963 1045 est
1977 1030 1988 1046 ‚
2011 1016 2053 1039 cx

1161 1048 1376 1083 venerabiiium
1404 1052 1634 1093 Pudet-efflatum
1653 1054 1798 1094 nostorum
1812 1078 1824 1096 ‚
1850 1059 2055 1090 Romanorum

1164 1098 1337 1142 Pontificum
1348 1101 1483 1134 Decretis
1508 1103 1613 1143 aperte
1623 1103 1803 1140 monstratur
1811 1129 1819 1136 .
1846 1109 1914 1139 Nec
1925 1112 2057 1147 quicum·

1162 1161 1218 1194 que
1236 1149 1287 1184 ille
1302 1146 1342 1191 fit
1364 1152 1581 1183 Gummitanus
1601 1149 1766 1194 Episcopus
1779 1177 1791 1193 ‚
1817 1156 1951 1196 aliquam
1967 1156 2058 1190 licen·

1165 1205 1241 1235 tiam
1258 1197 1448 1244 conficrandi
1469 1198 1632 1244 Epifi·opos
1654 1223 1666 1240 ,
1694 1202 1747 1235 vel
1772 1203 1947 1243 deponendi
1969 1229 1980 1243 ,
2002 1205 2059 1248 seu

1165 1250 1356 1285 Provinciale
1365 1252 1529 1284 Concilium
1540 1252 1723 1286 convocandi
1733 1250 1893 1294 habetfine
1917 1252 2060 1296 conftnsu

1164 1298 1406 1344 Carthaginenfis
1421 1299 1689 1345 Archi-Episcopi,
1713 1302 1871 1343 cuiuslibet
1896 1303 2060 1347 dignitatis

1164 1359 1218 1383 aut
1234 1349 1387 1392 potestatis
1404 1349 1462 1391 st't:
1491 1353 1711 1391 Tantummodo
1717 1353 1892 1394 procurabit
1907 1354 1957 1387 ille
1969 1357 2062 1387 Gum-

1165 1405 1300 1434 mitanus
1327 1399 1492 1444 Episcopus
1515 1402 1627 1445 quead
1635 1409 1793 1444 propriam
1805 1403 1986 1437 Parochiam
1993 1413 2061 1445 per-

1167 1456 1267 1484 tinent
1279 1462 1288 1493 3
1301 1460 1398 1493 cetera
1410 1460 1510 1486 autem
1520 1476 1532 1493 ‚
1551 1451 1628 1493 ficut
1639 1448 1678 1487 θ
1684 1452 1741 1486 alii
1752 1453 1889 1495 Africani
1897 1452 2038 1497 Episcopi
2048 1477 2063 1494 ‚

1166 1500 1275 1542 confilio
1283 1499 1528 1545 Carthaginensi}
1540 1502 1783 1546 Archi-Episcopi
1805 1513 1894 1548 aget,
1920 1510 1973 1547 qui
1978 1503 2064 1547 solus

1167 1555 1200 1582 in
1213 1549 1318 1592 Africa
1332 1552 1463 1586 Pallium
1473 1552 1514 1585 ab
1526 1553 1684 1594 Apostolica
1694 1555 1767 1588 Sede
1776 1553 1974 1598 baberesolet.
2001 1558 2065 1589 Un-

1168 1602 1206 1634 de
1225 1603 1260 1634 <a
1278 1599 1440 1643 Episcopos
1461 1601 1648 1644 consecrandi
1664 1605 1835 1645 principale
1854 1605 1889 1638 (⁸2²
1905 1609 2064 1646 antiquum

1163 1654 1217 1691 y'us
1228 1656 1336 1684 retinet
1347 1675 1355 1683 .
1380 1652 1475 1698 Qid
1487 1652 1724 1687 Gummitanus
1754 1653 1809 1687 ille
1820 1652 1968 1688 Antistes
1989 1665 2066 1697 ΡΥ»,

1169 1700 1310 1734 tenderit
1327 1712 1366 1733 ac
1390 1702 1643 1744 praesumpserit,
1670 1703 1716 1736 est
1741 1704 1833 1746 supra
1855 1705 2061 1747 expositum.

1172 1748 1343 1793 Ejusitem
1361 1750 1632 1786 fundamentum.

1218 1799 1380 1847 Qaedam
1404 1800 1528 1834 Leonis
1551 1801 1729 1837 Pontificis
1751 1801 1846 1836 verba
1871 1803 1944 1837 sunt
1963 1802 2066 1838 eluci-

1169 1850 1277 1885 danda
1289 1875 1296 1883 ,
1325 1850 1441 1885 Primo
1457 1849 1542 1885 haec:
1573 1855 1620 1885 Et
1637 1852 1700 1894 post
1713 1856 1880 1886 Romanum
1893 1852 2067 1895 Pontificem

1164 1905 1283 1943 primus
1298 1900 1585 1944 Archi-Episcopus.
1614 1903 1744 1946 Nempe
1766 1904 1851 1937 intra
1870 1903 2068 1940 Romanum

1171 1950 1430 1986 patriarchatum
1445 1976 1452 1983 .
1481 1952 1618 1986 Etenim
1639 1954 1675 1987 in
1698 1954 1760 1987 illo
1783 1953 1893 1988 nullus
1915 1965 1956 1988 ex
1974 1955 2069 1989 avita.

1172 2001 1305 2035 Patrum
1329 2001 1543 2036 Institutione
1565 2004 1629 2037 fuit
1651 2003 1779 2038 primas
1801 2012 1853 2038 tot
1875 2003 2067 2039 Provincia-

1171 2062 1243 2086 rum
1255 2075 1263 2083 .
1289 2051 1594 2086 Theffaionicenfis
1606 2053 1791 2097 Episcopus
1802 2055 1927 2097 praefuit
1949 2055 2014 2090 toti
2026 2055 2069 2090 il-

1171 2100 1297 2143 lyrico:
1324 2100 1451 2135 Verum
1473 2112 1542 2135 non
1566 2114 1622 2145 per
1642 2105 1847 2138 ordinarium
1858 2105 2067 2145 Primatum,

1171 2151 1222 2184 sed
1236 2161 1291 2194 per
1301 2151 1385 2185 vices
1396 2151 1561 2196 delegatas
1580 2152 1671 2187 Sedis
1695 2154 1895 2196 Apostolicae
1907 2180 1914 2187 .
1943 2155 1988 2189 Et
2005 2155 2066 2190 ista.

1172 2201 1296 2234 vacaria
1319 2199 1508 2236 Praefestura
1529 2203 1546 2236 a
1570 2204 1690 2237 Sansto
1714 2205 1860 2238 Damaso
1882 2205 1981 2239 duxit
2004 2206 2069 2248 pri-

1171 2261 1260 2283 mam
1282 2252 1466 2295 originem.
1495 2252 1679 2287 Galliarum
1703 2254 1861 2289 Primates
1879 2254 2068 2299 suntlonge

1168 2299 1327 2342 juniores.
1354 2302 1519 2336 Omnium
1543 2303 1651 2336 senior
1674 2304 1719 2336 est
1745 2316 1801 2346 per
1823 2306 1982 2339 Carolum
1995 2306 2069 2338 Ma-

1169 2361 1294 2395 gnum.
1329 2350 1439 2384 Etiam
1464 2351 1706 2388 Cantuarienfis
1728 2365 1765 2387 ac
1786 2354 1976 2388 Toletanus
1997 2357 2070 2397 spe«,

1169 2403 1259 2434 &ant
1271 2400 1312 2435 ad
1325 2399 1433 2435 media
1446 2402 1577 2435 saecula.
1598 2403 1691 2437 Hinc
1703 2403 1973 2448 Cartliaginenfis
1987 2405 2068 2448 Epi-

1170 2452 1284 2494 scopus
1305 2451 1406 2485 etiam
1427 2461 1518 2484 extra
1552 2453 1747 2486 Romanum
1781 2453 2067 2495 patriarchatum,

1168 2512 1206 2535 ac
1231 2500 1266 2534 in
1291 2499 1498 2544 generalibus
1521 2501 1669 2535 Ecciefiae
1690 2503 1835 2543 Synodis
1856 2503 1918 2538 fuit
1939 2504 2066 2539 summe

1169 2550 1370 2585 honoratus.
1400 2551 1534 2584 Etenim
1562 2551 1605 2586 ad
1627 2552 1748 2586 sextam
1775 2553 1950 2596 Synodum
1974 2555 2067 2588 Con-

1168 2602 1332 2635 stantinus
1353 2624 1365 2641 ,
1393 2600 1774 2644 Constantinopolitanae
1806 2604 1951 2638 Ecciefiae
1975 2604 2066 2638 Pres=

1165 2651 1262 2695 -byter
1271 2662 1309 2685 ac
1321 2651 1566 2685 Grammaticus
1580 2653 1740 2692 Latinus,
1769 2653 1957 2689 solemniter
1967 2655 2067 2690 dixitt

1167 2704 1230 2735 sci·
1247 2701 1426 2743 temporibus
1453 2703 1543 2735 Pauli
1571 2704 1719 2744 quondam
1743 2704 1922 2745 Patriarche
1955 2707 2064 2748 venisse

1168 2756 1370 2793 Postumum,
1400 2758 1454 2795 qui
1466 2751 1534 2794 fuit
1545 2752 1711 2796 Episcopus
1736 2753 1999 2798 Cartbaginenfis‚
2028 2757 2064 2790 (tt

1165 2814 1233 2836 cum
1243 2802 1346 2847 Miffas
1356 2802 1478 2837 acturus
1488 2803 1557 2845 effer
1567 2809 1600 2836 in
1611 2801 1719 2846 sanc‘i‘a
1729 2815 1839 2848 magna
1855 2809 1911 2838 Dei
1922 2805 2066 2847 Ecclcfia‚

1167 2852 1306 2896 quesitum
1319 2851 1358 2892 est
1370 2876 1380 2891 ,
1405 2855 1544 2895 quomodo
1551 2852 1657 2896 sedere
1669 2854 1806 2896 debuisset
1820 2879 1830 2894 ,
1856 2857 1997 2888 utrumne*
2009 2868 2064 2887 an-

1168 2913 1200 2938 te
1214 2903 1478 2945 Metropolitanus,
1503 2909 1556 2946 qui
1567 2904 1615 2936 bic
1626 2903 1838 2944 morabantur,
1865 2917 1907 2937 an
1923 2905 1985 2946 post
1993 2916 2038 2937 eos
2052 2930 2061 2937 .

1167 2957 1214 2986 Et
1234 2959 1399 2996 requirente
1418 2955 1520 2987 eodem
1543 2955 1635 2987 Paulo
1660 2955 1810 2996 quondam
1835 2954 2016 2988 Patriarcha
2027 2961 2063 2987 in

1168 3003 1353 3037 Bibliotheca
1366 3003 1553 3037 Patriarchii
1566 3005 1674 3038 librum
1683 3009 1780 3047 quinti
1791 3006 1818 3037 C
1819 3006 1914 3038 oncilii
1925 3030 1936 3046 ,
1962 3013 1998 3039 ut
2017 3016 2063 3039 co·

1163 3053 1314 3099 gnosceret
1323 3054 1462 3096 quomodo
1468 3052 1573 3097 sedere
1584 3054 1744 3097 debuiffent
1756 3078 1768 3094 ,
1790 3061 1916 3099 ,contigit
1929 3065 1962 3088 ut
1976 3061 2062 3089 inve-

1169 3111 1284 3139 niretur
1294 3106 1328 3138 <ff
1340 3107 1470 3138 Latinus
1480 3104 1556 3137 liber
1566 3102 1700 3146 ejusdem
1711 3106 1837 3139 concilii
1847 3130 1854 3137 .
1882 3109 1928 3138 Et
1951 3107 2061 3140 exinde

1168 3154 1324 3194 instrullus
1335 3155 1415 3187 idem
1427 3154 1540 3188 Paulus
1543 3153 1621 3196 fecit
1631 3166 1696 3188 eum
1704 3155 1913 3189 ordinabiliter
1928 3154 2035 3199 sedere
2045 3181 2054 3188 .

1169 3205 1275 3241 Porro
1298 3206 1333 3239 in
1356 3205 1476 3247 quinto
1492 3204 1651 3239 Concilio
1671 3205 1871 3241 Sextilianus
1881 3207 2059 3242 Tunienfis

1172 3256 1369 3300 Episcopus,
1396 3254 1531 3290 Primosi
1546 3254 1813 3301 carthaginensis
1833 3256 1988 3291 Primatis
2001 3257 2061 3290 Vi-

1169 3308 1274 3342 carius
1296 3317 1333 3340 ac
1355 3305 1521 3352 Legatus,
1548 3305 1630 3340 sedit
1655 3306 1806 3350 proxime
1827 3308 1897 3350 post
1922 3308 2059 3341 Patriar-

1170 3356 1249 3391 chas
1258 3369 1295 3392 ac
1308 3354 1555 3399 Autocephalos
1569 3356 1738 3391 Exarchos
1750 3382 1759 3396 ‚
1772 3368 1847 3392 ante
1857 3369 1972 3392 omnes
1986 3358 2060 3390 Me-

1146 3406 1150 3416 “
1173 3407 1412 3452 tropolitanos,
1436 3407 1469 3441 δι
1485 3407 1829 3443 Graecos&Latinos.
1858 3407 1995 3442 Unicus
2012 3407 2057 3448 ip-

1935 3457 2005 3488 sum
