2326 3718
691 132 972 179 Reimarus
1010 136 1591 180 APPELLATioanUs'.

1888 151 1983 196 223

231 218 271 252 θ
290 227 410 260 ,equum
425 215 464 257 fit
493 220 611 258 pariter
633 218 666 251 et
682 218 793 259 justum
806 242 817 257 ,
843 226 877 250 ut
897 214 1117 259 uniuscujusque
1181 215 1346 248 veritatem
1359 237 1367 246 .
1394 214 1527 248 Etenim
1539 215 1724 258 Cyprianus
1744 229 1815 254 non
1828 217 1874 255 de
1881 221 2056 265 primain-

230 266 323 310 ,eausa
339 267 397 300 illic
418 268 560 300 audiatur
573 292 583 308 ‚
609 268 660 301 ubi
671 267 708 307 est
733 274 841 301 crimen
853 268 1006 308 admissum
1017 291 1030 306 ‚
1055 268 1113 300 (π.

234 318 452 352 Fortunarum
473 316 642 357 hortatur,
667 328 704 352 ut
716 318 789 352 fasti
809 319 991 360 poenitens,
1017 318 1115 360 depo-

235 376 292 401 nat
304 366 456 410 Episcopi
479 368 601 402 larvam
614 393 626 408 ,
649 369 805 412 agnoscat
819 370 849 401 se
864 369 1029 402 Cler-icum
1041 391 1051 406 ‚
1081 367 1112 399 ὅ(

232 414 276 451 ad
296 414 494 452 Africanum
523 418 687 453 Tribunal
711 429 886 453 revertatur
909 444 916 451 .
942 418 1113 465 Qoniarn

231 467 391 502 statutum
402 468 446 501 est
461 494 471 508 ,
499 479 534 502 ut
545 469 696 502 omnium
711 493 722 508 ‚
750 470 863 512 utique
885 469 1092 502 Clericorurn
1104 491 1114 506 ‚

233 518 328 551 causa
341 518 490 552 audiatur
514 530 551 552 ac
562 519 696 553 finiatur
719 522 753 552 in
766 519 897 553 Africa.
929 516 1032 552 Addit
1045 518 1115 551 Sta·

232 577 342 601 tutum
355 569 417 602 effe
429 580 554 610 aequum
572 568 757 611 &justum.
784 569 852 602 Hic
871 569 918 604 est
931 579 1024 603 verus
1044 567 1116 600 sen-

232 617 285 651 sus
296 617 406 652 Sanni
419 618 577 661 Cypriani
591 643 598 650 .
1126 655 1128 659 ¹

283 667 430 714 Qartus
455 679 542 701 error
556 668 601 701 est
615 693 625 707 ,
652 669 741 712 quod
767 669 902 703 Sanstus
924 666 1112 710 Cyprianus

231 717 380 752 videatur
411 719 563 752 Sanctum
585 718 778 753 Cornelium
802 728 916 752 vocare
936 719 970 751 in
989 717 1115 750 crimen

233 768 400 810 cujusdam
417 779 492 802 cum
505 769 565 801 isto
578 767 753 803 hominurn
764 780 886 814 genere
906 767 1115 802 commercii:

233 817 366 862 Utique
383 828 450 851 cum
468 818 653 860 hominibus,
680 820 786 862 quibus
801 818 1115 860 fueratcommunione

228 866 445 901 interduqum.
475 869 676 912 Anonymus
695 880 750 912 per
774 880 874 913 gyros
887 868 1025 902 affirmat
1038 868 1112 900 San-

231 920 321 952 etum
333 917 540 961 Cyprianum
552 920 675 952 senfiff'e
692 931 733 952 ac
747 919 897 961 scripsisse
910 941 921 957 ‚
948 917 1037 959 quod
1051 917 1117 949 Ro-

230 979 350 1002 manus
361 968 518 1002 Pontifex
539 967 653 1000 alienis
673 968 836 1001 damnatis
858 979 927 1000 non
948 966 1043 1009 poffit
1052 966 1118 997 fine

230 1019 394 1061 contagio
414 1017 679 1050 communicare.
708 1017 764 1049 Est
785 1017 929 1050 famosus
949 1027 1037 1049 error
1055 1015 1118 1048 Eu-

233 1067 370 1100 sebianae
386 1066 572 1105 Fastionis,
596 1077 640 1099 ex
659 1077 729 1108 quo
749 1065 1116 1109 Philippo-Politanum

231 1114 503 1150 conciliabulum
525 1113 697 1149 damnavit
719 1115 844 1159 Julium
859 1115 1058 1150 Pontificem
1078 1115 1119 1149 de

230 1165 435 1209 praevaricatu
452 1164 562 1208 quinti
588 1165 716 1199 Nicaeni
741 1167 891 1200 Canonis
913 1191 921 1198 .
953 1166 1117 1199 Existimo

227 1214 455 1257 Anonymum
466 1216 563 1249 fuiffe
570 1225 754 1258 permotum
765 1216 815 1249 his
825 1215 986 1259 Cypriani
1000 1215 1117 1249 verbis:

230 1266 389 1299 Declinent
413 1266 450 1298 de
470 1275 573 1298 caetero
587 1265 731 1307 fortiter,
756 1267 790 1299 (5
810 1272 928 1300 evitent
950 1266 1117 1304 dilellifflmi

232 1318 363 1350 Fratres
373 1314 459 1355 nostri
470 1315 564 1349 verba
587 1318 621 1350 (5
630 1317 771 1358 colloquia
779 1328 880 1349 eorum
891 1340 902 1356 ,
926 1327 1051 1358 quorum
1058 1314 1121 1358 ser-

232 1377 279 1398 mo
287 1374 321 1398 ut
330 1377 433 1398 cancer
438 1362 550 1407 serpit.
579 1366 766 1400 Confirmat
790 1368 861 1400 suas
874 1377 984 1409 preces
996 1378 1038 1400 ex
1058 1376 1124 1399 ver·

227 1413 283 1448 his
294 1415 448 1458 Apostoli
458 1428 468 1447 ι
495 1419 675 1449 Haereticam
689 1415 836 1450 hommem
854 1416 916 1457 post
927 1427 1019 1448 unam
1032 1427 1122 1449 corre-

227 1471 361 1507 ptionem
371 1466 498 1499 devita.
531 1466 574 1499 Et
587 1467 808 1510 prosequitur:
836 1467 932 1509 Quod
940 1467 1124 1508 quamquem

229 1513 326 1558 sciam
357 1515 419 1548 illic
442 1519 684 1550 Fraternitatem
704 1516 832 1556 nostram
856 1541 866 1556 ,
895 1516 994 1554 vestra
1011 1514 1123 1559 scilicet

229 1567 429 1609 providentia
448 1571 592 1599 monitam
619 1591 630 1607 ‚
651 1564 708 1609 sed
729 1568 764 1600 6·
780 1565 837 1609 sua
862 1568 1022 1610 vigtlantia
1044 1564 1124 1610 satis

230 1621 354 1650 tautam
376 1640 388 1656 ,
414 1626 464 1649 nec
484 1622 552 1657 capi
574 1616 780 1650 baereticorum
804 1622 927 1649 venenis
948 1617 1046 1659 poffe,
1071 1627 1123 1650 nec

229 1667 351 1706 decipi,
377 1674 479 1698 tamen
497 1677 537 1698 ex
557 1666 726 1699 abundanti
751 1668 804 1699 vel
816 1665 981 1708 sollicitudo
1005 1665 1122 1707 nostra,

232 1717 288 1748 vel
295 1714 429 1748 charitas
439 1712 566 1757 scribere
578 1717 623 1748 ad
632 1727 686 1749 vos
698 1716 752 1756 ista
759 1715 898 1758 persuaſsi·
908 1741 915 1748 .
935 1716 1018 1749 Non
1029 1727 1123 1760 urget

232 1765 391 1799 inflieram
412 1764 430 1797 ὲ
445 1767 476 1799 se
495 1767 662 1799 censuram
675 1789 685 1805 ,
707 1766 759 1800 sed
779 1766 945 1801 Fasiionis
959 1764 1098 1800 haerefim
1113 1790 1124 1806 ,

231 1826 292 1850 aut
313 1815 389 1849 sane
412 1815 553 1849 scabiem
572 1828 614 1850 ex
627 1815 775 1851 haeretica
792 1817 1051 1851 communione.
1081 1817 1124 1850 Et

233 1864 317 1899 bene
326 1875 434 1910 urget.
466 1866 540 1900 Nec
551 1866 771 1901 dubitandum
787 1868 832 1901 est
844 1891 856 1907 ‚
879 1867 961 1911 quin
974 1866 1063 1901 hisce
1074 1867 1125 1900 lit·

231 1917 311 1950 teris
333 1916 504 1949 instrustus
527 1915 703 1951 Cornelius
713 1917 886 1951 Fortunati
906 1918 1049 1962 Legatos
1065 1927 1125 1950 tra-

230 1965 366 2000 fiaverit
376 1965 438 1999 isto
451 1966 519 2010 ipso
534 1967 650 2007 modo,
662 1976 728 2012 quo
742 1968 837 2011 ipfius
851 1967 1024 2011 OEpriani,
1039 1968 1125 2001 circa

233 2016 439 2059 Baptismum
461 2016 570 2059 postea
592 2018 848 2057 contendentis,
875 2019 1020 2063 Legatos
1047 2017 1122 2059 Epi·

233 2068 351 2109 scopos
363 2067 455 2099 fuiffe
466 2067 485 2098 ὲ
498 2065 664 2109 Stephano
677 2066 846 2100 Pontifice
868 2069 1020 2101 trasiatos
1033 2067 1126 2100 testa·

235 2120 288 2149 tut
308 2115 521 2148 Firmilianus
549 2115 765 2149 Caesaraeenfis
788 2117 823 2149 in
840 2116 1051 2159 Cappadocia
1064 2116 1128 2149 Ar-

233 2164 487 2208 chi-Episcopus
511 2188 520 2197 .
554 2164 659 2199 Porro
684 2163 768 2199 dum
784 2165 943 2200 Zozimus
960 2164 1125 2200 Pontifex

235 2215 410 2257 Apiarium
422 2214 656 2257 Presbyterum
680 2216 860 2258 reparavit,
887 2215 1014 2250 Primas
1024 2216 1128 2250 Aure-

234 2264 367 2298 lius&
387 2265 496 2299 omnis
521 2263 680 2297 Africana
711 2265 866 2308 Synodus
897 2265 1126 2307 improbarunt

234 2315 356 2348 sactum
368 2325 383 2355 ;
407 2322 553 2347 attamen
565 2312 736 2347 exsufflare
755 2325 823 2348 non
843 2314 1124 2357 praesumpserunt.

236 2363 455 2398 Admisemnt
479 2364 659 2397 Decretum
673 2357 904 2407 Apostolicum
918 2389 928 2404 ‚
954 2361 1141 2398 fortiffime'

235 2414 409 2448 dumtaxat
422 2413 665 2446 intercesserunt
677 2437 688 2453 ,
706 2425 748 2447 ne
758 2413 911 2458 deinceps
923 2424 1126 2448 tentarentur

235 2463 315 2498 talia
339 2486 347 2494 .
375 2461 588 2496 Admiserunt
609 2463 850 2505 reparationem
874 2466 939 2498 effe
961 2463 1102 2497 validam
1114 2488 1125 2503 ‚

236 2526 271 2548 at
284 2514 494 2557 illegitimam
509 2537 521 2553 ,
546 2512 663 2556 utpote
674 2513 793 2547 faeiam
803 2523 921 2548 contra
934 2523 1123 2557 perpetuam

236 2565 272 2599 ἀ
293 2562 522 2597 rationabilem
554 2564 665 2607 gentis
693 2563 965 2598 consuetudinem
987 2587 999 2603 ,
1023 2575 1122 2607 quam

236 2616 331 2649 decet
344 2626 412 2647 non
424 2613 673 2647 circumscribia
689 2612 843 2648 Romana
857 2613 1013 2654 Ecclesia,
1025 2613 1124 2659 longe

237 2665 347 2699 minus
359 2664 514 2708 infringi.
543 2663 670 2698 Eadem
681 2665 811 2698 fuerunt
832 2665 922 2698 sensa
935 2665 1044 2699 Sancti
1058 2664 1127 2707 Cy-

238 2716 342 2759 priani
355 2739 363 2747 .
378 2714 485 2748 ·Hinc
496 2714 633 2756 operose
654 2712 780 2748 laborat
794 2739 803 2755 ‚
816 2724 853 2748 ut
863 2715 973 2760 gentis
984 2715 1047 2749 suae
1057 2714 1124 2748 Sta-

240 2775 348 2800 tutum
361 2764 517 2798 Pontifici
531 2762 716 2807 persuadeat
725 2765 789 2798 esse
801 2776 929 2808 aequum
941 2764 1120 2808 sejanum.

287 2815 437 2863 Qintus
459 2825 547 2848 error
566 2813 615 2848 est
626 2838 638 2855 ‚
664 2815 754 2858 quod
767 2813 907 2849 adductae
918 2826 972 2860 pet
985 2815 1121 2859 Cypria-

239 2874 321 2898 num
333 2866 474 2899 rationes
486 2865 548 2899 lint
557 2865 711 2908 aequabili
724 2864 826 2899 modo
837 2876 1032 2900 communes
1044 2866 1072 2900 E
1077 2866 1124 2908 pi-

240 2914 346 2956 scopis
358 2926 394 2948 ac
410 2913 608 2958 Presbyteris
621 2939 628 2946 .
639 2916 722 2950 Sunt
734 2914 778 2949 ab
790 2915 890 2949 Anon
894 2928 975 2959 ymo
988 2915 1123 2950 audien-

241 2963 309 2996 dae:
337 2965 441 2996 Prima
462 2963 548 3008 causa
573 2965 610 3006 est
619 2989 630 3006 ‚
654 2971 728 3008 quia
748 2966 885 2999 omnibus
910 2965 1066 3009 Episcopi:
1089 2967 1124 2999 ὁ·

242 3012 426 3051 Presbyter&
432 3013 578 3053 statutum
589 3038 599 3054 ,
622 3024 656 3049 ut
665 3014 887 3059 uniufhujusque
899 3017 962 3049 illic
973 3021 1120 3060 negotium

243 3062 385 3095 „affletur
396 3087 407 3103 ,
430 3063 599 3097 ubicrimen
619 3068 790 3108 commissum
803 3091 812 3098 .
840 3071 929 3100 Nam
948 3065 1013 3100 haec
1032 3065 1125 3100 verba

243 3112 347 3146 Sa'nHl
358 3115 500 3154 Cypriani
517 3112 670 3156 speciatim
690 3118 825 3151 notanda
829 3115 904 3159 sunt
917 3129 925 3148 ι
955 3116 1124 3152 Uniuscu·

243 3163 360 3207 jusque
383 3188 389 3195 .
415 3164 541 3205 ,Quippe
553 3166 708 3206 equaliter
721 3166 879 3209 Episcopos
896 3168 931 3200 Θ
942 3166 1123 3205 presbyteros

236 3212 434 3256 fignificantia
445 3238 451 3245 .
480 3217 515 3245 N
518 3224 554 3245 on
564 3219 644 3247 enim
649 3214 703 3256 fibi
713 3223 865 3259 cogitatam
885 3216 1058 3261 fingendum
1067 3216 1107 3257 est
1114 3240 1124 3256 ‚

242 3264 287 3297 ibi
299 3266 318 3296 5
322 3263 442 3295 andum
453 3267 631 3305 Cyprianum
652 3265 688 3297 de
698 3263 842 3308 solitariis
881 3269 1037 3307 resbyterts
1050 3271 1121 3310 Epi·

241 3311 350 3355 scopuli
376 3314 573 3355 amplitudine
595 3319 701 3347 vacuis
719 3322 895 3350 mentionem
910 3318 1016 3360 facere
1031 3340 1042 3357 ,
1065 3320 1122 3352 &a

245 3361 446 3407 Respondeo
472 3364 569 3397 istum
581 3363 740 3407 Cypriani
768 3366 967 3402 intellectum
980 3380 1049 3402 non
1063 3369 1123 3402 else

243 3412 439 3457 figmentum
449 3438 461 3455 ,
482 3414 534 3449 sed
545 3413 722 3449 firmiffima
732 3416 936 3461 cogitatione
950 3417 1123 3453 tenendam

1178 265 1294 299 stantia
1307 265 1398 308 agit,
1423 265 1478 299 sed
1495 263 1540 298 de
1563 264 1797 304 Retraskatorio
1817 271 2055 315 appellatamm

1177 316 1342 349 causarum
1352 315 1479 358 judicio
1489 326 1500 347 >
1525 314 1568 348 Et
1581 314 1618 347 in
1629 314 1693 350 hae
1701 319 1915 363 ipsaepistola
1923 322 2056 357 Roma-

1179 376 1235 399 nas
1247 365 1485 409 Episcopor-um
1497 364 1733 409 appellationes
1744 368 1854 404 laudat
1865 383 1902 405 ac
1911 372 2030 415 probat
2043 396 2057 414 ,

1179 416 1321 450 scribens
1338 415 1508 450 Privatum
1534 415 1803 451 Lambefitanum
1835 421 2057 466 Episcopum,

1179 467 1362 511 nonaginta
1374 466 1586 510 Collegarum
1608 466 1768 501 sententia
1776 471 2033 506 condemnatum
2044 496 2060 513 ‚

1179 517 1271 551 fuisse
1281 518 1412 559 insuper
1423 528 1491 550 non
1504 517 1604 551 solius
1615 517 1663 551 sui
1676 517 1897 552 Anoeeefforis
1908 514 2034 555 Donati
2044 534 2055 562 3

1179 566 1230 600 sed
1253 567 1352 602 etiam
1363 567 1469 601 sancti
1491 566 1628 601 Fabiani
1651 567 1826 602 pontificis
1845 568 1965 602 -iitteris
1977 572 2060 604 seve·

1178 617 1295 652 tissime
1318 628 1468 651 notatum
1480 641 1488 648 .
1514 616 1646 661 Nempe
1662 618 1695 652 a:-
1706 618 1803 661 plena
1821 618 1992 653 Numidiae
2004 621 2061 662 Sy·

1180 666 1268 700 nodo
1281 667 1432 701 Privatus
1443 668 1484 701 ad
1498 668 1671 702 Donatum
1683 667 1859 710 primatem
1868 692 1881 710 ,
1906 668 1991 703 &ab
2002 668 2062 703 hu-

1177 716 1334 759 jusetiam
1355 718 1480 760 judicio
1501 718 1543 752 ad
1555 717 1738 753 Fabianum
1759 719 2002 763 appellaverat,
2025 720 2063 753 δε

1178 767 1221 800 fic
1241 767 1325 801 circa
1349 769 1455 811 ipsum
1480 769 1601 802 servata
1622 768 1874 811 fueratsortna,
1897 780 2013 814 quam¹
2026 769 2064 803 in

1180 815 1293 850 litteris
1311 817 1352 851 ad
1365 818 1523 861 quosdam
1543 818 1792 853 Donatistarum
1806 819 1986 864 Episcopus
1994 819 2065 854 lau·

1178 866 1233 900 dat
1245 869 1378 902 Sanetus
1391 868 1616 913 Augustinus.-
1643 872 1769 901 Romam
1789 875 1938 910 veniant,
1963 870 2064 913 ibique

1177 917 1296 957 objeffls
1318 916 1515 961 respondeant
1529 943 1540 951 .
1568 920 1665 962 ,Quod
1679 917 1708 960 fi
1726 930 1784 953 non
1794 918 1932 960 fecerint
1948 944 1959 959 ,
1982 920 2067 963 missa

1179 968 1331 1000 Tralloria
1349 967 1440 1010 super
1450 980 1548 1001 eorum
1564 975 1680 1002 nomine
1697 977 1756 1011 per
1779 969 1997 1003 totumOrbem
2005 979 2067 1002 ter-

1177 1026 1299 1055 rarum,
1325 1017 1504 1051 abomnibus
1516 1016 1652 1061 Ecclefiis
1660 1031 1760 1057 eorm
1780 1025 1946 1076 comnmqio
1962 1024 2069 1060 praeci-

1181 1067 1268 1099 detur
1282 1091 1288 1098 .
1317 1066 1621 1102 Privatus‘Romam
1634 1070 1735 1103 iverat
1745 1076 1758 1102 ⁴:
1787 1069 1916 1104 Verum
1929 1069 2068 1112 objectis

1159 1137 1160 1140 =
1184 1127 1251 1149 non
1263 1127 1412 1160 potuerat
1423 1117 1629 1159 respondere.
1654 1118 1749 1152 Hinc
1761 1120 1777 1152 a
1792 1122 1909 1154 Sansto
1921 1119 2071 1153 Fabiano

1182 1167 1246 1200 fuit
1263 1176 1395 1200 notatus
1418 1166 1603 1200 istiusmodi
1629 1167 1820 1202 Trastoria.
1849 1169 2072 1204 Proindecer-

1181 1227 1252 1251 turn
1275 1216 1320 1251 est
1332 1216 1485 1251 Sanctum
1499 1216 1706 1259 Cyprianum
1719 1215 1876 1257 scribere,
1901 1220 1936 1252 &
1948 1219 1988 1252 ab
1999 1216 2074 1263 ipso

1185 1266 1354 1300 laudatum
1367 1267 1532 1300 Statutum
1544 1267 1665 1300 sancire
1678 1265 1720 1302 de
1732 1263 1808 1300 solis
1821 1264 2019 1310 Presbyteris
2034 1280 2074 1302 ac

1184 1316 1256 1350 aliis
1270 1315 1407 1350 Clericis
1420 1342 1427 1349 .
1453 1317 1534 1350 Haec
1548 1317 1643 1350 verba
1657 1341 1667 1356 ,
1680 1319 1804 1359 oportet
1816 1319 1920 1359 utique
1928 1329 1975 1350 eor
1987 1341 1998 1356 ‚
2011 1323 2076 1360 qui-

1185 1365 1435 1409 buspraesumus‚
1461 1377 1520 1399 non
1531 1365 1754 1410 circumcursare
1766 1391 1778 1407 ‚
1802 1369 1861 1401 &a
1891 1368 2075 1410 Exponunt

1185 1416 1348 1456 rationes,
1375 1428 1419 1450 ex
1442 1416 1559 1460 quibus
1580 1415 1667 1451 istud
1690 1416 1856 1451 Statutu‘m
1881 1416 1921 1450 fit
1943 1427 2077 1461 aequum

1186 1468 1219 1500 ὅ(
1229 1466 1367 1509 justum.

1236 1518 1439 1560 Anonymus
1459 1527 1554 1563 urget
1575 1527 1692 1552 omnes
1705 1517 1722 1552 ὲ
1733 1518 1907 1562 Cypriano
1919 1516 2077 1553 adductas

1185 1567 1328 1602 rationes
1349 1568 1412 1603 effe
1435 1579 1627 1602 communes
1650 1568 1839 1612 Episcopis.
1867 1567 2002 1604 Etdicit
2024 1579 2077 1609 ve·

1185 1629 1277 1652 rum.
1306 1617 1445 1655 Etenim,
1463 1618 1505 1654 de
1520 1618 1895 1662 EpiscopisCyprianus
1918 1618 2025 1652 scribit
2038 1618 2076 1652 in

1188 1669 1334 1702 sermone
1357 1666 1398 1702 de
1425 1668 1534 1711 Lapsis
1555 1680 1563 1700 z
1592 1666 1729 1710 Episcopi
1748 1669 1909 1710 plur1m1-‚
1934 1667 2075 1705 dere-1184

1185 1717 1341 1751 cathedra
1354 1742 1365 1757 ‚
1393 1717 1481 1758 Plebe
1506 1715 1623 1760 deserta
1649 1742 1661 1757 ‚
1684 1726 1738 1759 per
1758 1719 1874 1757 alienas
1894 1720 2075 1752 Provincias

1183 1767 1378 1808 oberrantes,
1399 1773 1605 1811 negotiationis
1627 1766 1794 1810 quaestuosae
1817 1768 1971 1801 nundinas
1985 1779 2075 1802 aucu-

1181 1823 1269 1860 pari.
1297 1818 1377 1852 Hoc
1397 1818 1617 1861 plurimorum
1632 1818 1871 1861 Episcoporum
1893 1820 2015 1852 crimen
2030 1819 2076 1852 af·

1187 1868 1294 1902 firmat
1312 1869 1375 1902 effe
1399 1880 1499 1902 unam
1521 1880 1563 1902 ex
1586 1869 1713 1908 caufis,
1738 1867 1785 1902 ob
1806 1878 1886 1911 quas
1904 1868 2075 1902 Dominus

1185 1917 1278 1951 Deus
1298 1917 1332 1951 in
1359 1918 1551 1952 Africanam
1567 1918 1743 1952 Ecclesiam
1767 1918 1939 1953 immiserit
1956 1917 2075 1953 duram

1188 1967 1448 2011 persecutionem
1466 1987 1475 1999 -.
1487 1967 1802 2008 ProindeAfrorum
1817 1968 1994 2012 Episcopi,
2004 1979 2076 2002 non

1186 2017 1297 2052 minus
1320 2028 1417 2059 quarn
1441 2017 1586 2058 Clerici,
1613 2029 1706 2053 erant
1731 2018 1872 2062 prompti
1887 2018 1927 2052 ad
1939 2019 2078 2056 circum-

1185 2065 1378 2101 cursandurn
1391 2091 1402 2106 ‚
1429 2068 1464 2102 ἀ
1474 2068 1676 2103 efficaciores
1688 2067 1728 2102 ad
1737 2067 1954 2102 cohaerentem
1967 2068 2076 2105 Colle·

1186 2127 1301 2161 garum
1313 2115 1528 2151 concordiam
1551 2117 1693 2152 subdola.
1708 2129 1747 2151 ac
1770 2117 1877 2150 fallaci
1892 2119 2076 2153 temeritate

1187 2164 1410 2200 collidendam
1423 2191 1430 2199 .
1459 2166 1659 2209 Respondeo
1675 2164 1741 2201 haec
1753 2168 1816 2201 esse
1828 2167 1985 2202 veriffima
1997 2192 2005 2207 ‚
2022 2179 2075 2202 ve·

1186 2226 1369 2250 rumtamen
1382 2216 1471 2251 addo
1481 2216 1582 2251 aliam
1597 2217 1803 2261 Episcopalis
1815 2240 1826 2257 ,
1852 2217 1951 2262 longe
1973 2219 2075 2254 aliam

1183 2267 1432 2301 elie-rationem
1447 2266 1625 2302 Clericalis
1648 2267 1689 2301 ad
1711 2267 1942 2310 Apostolicam
1954 2267 2074 2303 Sedem

1185 2316 1417 2358 appellationis
1440 2339 1450 2347 .
1490 2316 1644 2351 Romana
1683 2317 1919 2360 Episcoporum
1956 2318 2075 2362 appel-

1186 2365 1269 2400 latio
1306 2365 1351 2398 est
1377 2377 1418 2402 ex
1444 2365 1746 2401 fundamentalibus
1773 2366 2074 2410 Apostolicae.-'Ca-

1184 2414 1307 2451 thedrae
1326 2416 1360 2450 δε
1372 2414 1565 2454 Christianae
1586 2414 1794 2451 Monarchiae
1816 2417 1960 2451 articulis
1977 2417 2073 2453 ..Est

1187 2464 1246 2498 ista
1259 2465 1400 2507 potestas
1410 2489 1422 2504 ,
1445 2462 1488 2498 de
1500 2475 1563 2507 qua
1574 2465 1615 2498 ad
1629 2465 1764 2499 Petrum
1778 2467 1948 2500 Dominus
1959 2474 2073 2503 :.⁴con·,

1179 2514 1273 2556 firma
1284 2518 1412 2548 Fratres
1433 2523 1523 2547 tuos.
1548 2513 1642 2548 Hinc
1666 2515 1757 2548 nulla
1777 2516 1931 2558 Synodus
1955 2528 2073 2552 contra

1186 2564 1287 2608 ipsam
1299 2564 1438 2598 statuere
1453 2588 1464 2604 ‚
1489 2564 1598 2597 nullus
1610 2565 1768 2599 Pontifex
1780 2564 1874 2608 poffit
1888 2566 1941 2609 ipfi
1953 2577 2073 2602 renun-

1185 2615 1270 2649 ciare
1295 2639 1303 2647 .
1332 2614 1523 2649 Eusebianae
1545 2614 1711 2649 Fastionis
1735 2616 1894 2658 praecipua
1912 2617 2072 2660 iniquitas

1185 2664 1270 2705 fuit,
1297 2664 1386 2709 quod
1407 2664 1492 2699 hanc
1511 2665 1712 2709 dignitatem
1741 2666 1898 2699 Romano
1921 2665 2071 2701 Throno

1185 2716 1245 2749 sint
1259 2714 1439 2750 machinati
1466 2715 1608 2749 auferre.
1635 2716 1678 2749 Et
1688 2716 1818 2757 quoties
1845 2716 1915 2759 post
1935 2714 2074 2752 Phoria-

1186 2777 1266 2800 num
1301 2765 1436 2800 schisma
1459 2765 1582 2799 Latina
1615 2765 1755 2800 Ecclesia
1794 2774 1873 2801 cum
1892 2766 2071 2801 Graecisin.
2133 2760 2135 2762 V

1186 2826 1296 2860 pacem
1307 2816 1404 2851 rediit
1413 2841 1425 2857 ,
1435 2816 1586 2860 palmaris
1598 2816 1719 2859 semper
1730 2815 1884 2850 articulus
1895 2817 1958 2850 fuit
1969 2828 2071 2860 agno-

1185 2868 1269 2900 scere
1287 2878 1326 2901 ac
1347 2866 1489 2908 profiteri
1502 2866 1668 2900 Romanas
1682 2867 1917 2909 Episcoporum
1930 2865 2071 2909 appella·

1184 2916 1308 2950 tiones.
1338 2917 1381 2950 Et
1396 2916 1564 2950 Adrianus
1590 2915 1648 2950 lV.
1662 2916 1840 2956 Pontifex,
1868 2916 1958 2959 quod
1981 2915 2070 2959 apud

1184 2967 1409 3001 Beneventum
1421 2978 1457 3001 ca
1461 2977 1534 3010 ptus
1543 2968 1561 3000 a
1570 2966 1755 3001 Guillelmo
1761 2965 1949 3000 Siculorum
1960 2965 2071 3011 Rege,

1183 3018 1223 3051 ad
1248 3017 1467 3060 recipiendam
1488 3016 1670 3052 libertatem
1693 3015 1859 3050 Romanis
1878 3011 2068 3053 Siculorum

1185 3068 1421 3111 Episcoporum
1430 3066 1707 3111 appellationibus
1729 3065 1951 3110 renunciarit‚
1976 3066 2011 3100 se
2022 3067 2069 3101 fe·

1183 3119 1229 3152 cit
1250 3118 1435 3152 obnoxium
1456 3116 1570 3151 multis
1589 3117 1825 3161 querimoniis-
1844 3117 1887 3153 Et
1910 3115 2066 3150 Romana.

1188 3168 1327 3203 Ecclesia
1340 3179 1407 3201 non
1419 3167 1545 3212 quievit
1555 3192 1567 3208 ,
1593 3167 1699 3200 donec
1710 3167 1925 3201 innocentius
1937 3165 1993 3200 111.
2009 3177 2070 3200 no·

1188 3229 1225 3252 va
1247 3230 1323 3253 curn
1349 3217 1534 3252 Siculorum
1563 3217 1712 3261 Regibus
1734 3217 1855 3251 iniisset
1875 3216 1973 3251 Pacta
1995 3240 2006 3257 ‚
2030 3217 2067 3251 δε

1188 3269 1421 3312 Episcoporum
1443 3267 1675 3310 appellationis
1699 3268 1761 3301 suae
1770 3265 2065 3301 Sedireddidiffet.

1188 3319 1342 3354 Attamen
1373 3319 1407 3352 δε
1419 3318 1583 3360 ipseceffi‘t
1604 3317 1766 3353 inferioris
1777 3317 1864 3352 Cleri
1878 3316 2069 3361 appellatio-

1188 3369 1282 3404 nibus
1303 3396 1310 3403 .
1335 3368 1521 3402 Istiusmodi
1543 3369 1657 3402 omnia
1680 3378 1841 3403 noverant
1863 3366 2066 3403 Fundarotes

1187 3419 1349 3456 Africana
1361 3417 1524 3454 Ecclefiae.
1551 3418 1646 3454 Hinc
1667 3418 1813 3455 addustis
1833 3427 1889 3461 per
1911 3417 2067 3495 Sagstum

1979 3473 2017 3506 y.
