2326 3718
693 124 991 171 Ronams
1022 124 1621 170 APPELLATIONIBUS..

245 213 289 248 de
306 211 410 248 tribus
429 207 620 245 Exarchicis
646 207 850 244 Dioecefibus
870 223 881 242 .·
915 211 976 242 Per
997 215 1122 242 coeteras

249 267 425 297 Provincias
431 258 487 304 fica
501 262 667 304 Privtlegia
674 258 834 304 serventur
855 258 989 300 Ecclefits
1003 282 1010 290 .
1037 257 1124 291 Gen-

245 311 328 346 tiani
344 311 483 346 Herveti
498 310 667 345 translatio
679 309 724 343 est
737 311 908 353 expressior
921 322 927 342 ε
955 312 1000 341 Et
1011 313 1043 340 tn
1054 307 1122 341 altis

246 364 415 396 Provinciis
421 361 480 405 sua
493 362 678 404 Privtlegia,
703 358 808 402 acsuae
818 361 981 404 dignitates
992 381 1004 397 ‚
1030 359 1123 392 &au-

244 411 404 450 thoritates
419 410 713 454 Ecclefiisfirvemur
728 432 736 441 .
763 404 812 444 At
828 411 904 445 vero
928 410 1044 442 Petrus
1065 407 1124 441 Pa-

245 460 386 496 triarcha
398 461 568 496 Thracicae
579 459 757 494 Dioecefios
768 484 780 500 ‚
806 472 844 495 ac
870 457 1037 504 praesertim
1058 456 1125 490 He-

245 513 420 547 raclaeenfis
440 509 583 545 Exarchi
601 510 668 552 jura
693 510 893 545 violaverat:
918 508 1010 541 Hinc
1037 506 1125 540 Con-

245 561 560 607 stantinopolitanus
582 558 703 595 Canon
726 572 795 594 non
807 561 893 595 solos
904 553 1105 593 Patriarchas
1117 578 1127 594 ‚

245 612 299 646 sed
321 612 448 656 insuper
468 620 530 644 tres
547 609 718 644 Exarchos
737 610 908 654 arpi-effic,
935 607 1124 650 &ipsorum

244 660 391 705 providit
411 660 536 705 juribus
562 672 600 694 ac
620 660 854 705 dignitatibus.
882 656 1033 692 Providit
1048 667 1130 690 con-

244 712 426 751 firmando,
450 710 649 754 exponendo
662 734 673 750 ,
698 707 932 753 acampliando
953 717 1022 741 non
1033 706 1126 750 quin-

243 771 318 796 tum
338 785 351 802 ‚
386 759 442 796 sed
467 759 640 796 manifesto
664 760 790 794 sextum
821 759 996 794 Nicaenum
1019 756 1126 790 Cano-

241 821 320 846 nem
333 835 341 843 .

293 861 446 909 Qaestio
464 863 510 897 est
522 886 533 902 ,
559 861 628 895 Cur
642 861 743 895 totius
765 859 976 905 AEgyptiacae
998 856 1127 891 Dioece-

243 912 304 946 fios
314 912 629 946 administrationem
650 909 838 944 committat
861 906 1128 943 soliAlexaudri-

245 973 292 996 no
306 960 518 1001 Patriarcha:;
545 959 751 992 orientalem
771 968 878 992 autem
894 982 906 998 ,
933 956 1128 996 Asiaticam,

242 1010 420 1045 Ponticam
431 1022 447 1049 ,·
468 1008 503 1042 δε
523 1006 725 1042 Thracicam
747 1007 922 1042 Dioecelim
935 1031 946 1047 ‚
972 1007 1059 1050 quali
1080 1005 1129 1040 di-

240 1058 378 1094 stribuat
389 1059 425 1092 in
437 1069 553 1093 omnes
563 1058 654 1091 simul
669 1057 874 1102 Episcopos?
899 1057 983 1092 Item
995 1069 1051 1091 cur
1058 1066 1127 1090 non

240 1109 430 1145 meminerit
451 1108 611 1142 Romanae
631 1107 782 1142 Ecclesia
804 1110 818 1142 ἔ
843 1107 1045 1151 Respondeo
1065 1105 1129 1139 isto

240 1168 389 1203 tempore
414 1158 645 1193 Eustatianum
668 1156 814 1193 Schisma
849 1157 958 1192 adhuc
990 1156 1129 1202 viguisse

240 1207 327 1254 apud
349 1206 570 1244 Antiochiam
582 1223 594 1242 .·
620 1207 783 1244 Sedebant
803 1207 900 1243 isthic
911 1207 980 1242 duo
993 1207 1131 1241 Pati-iar-

240 1258 311 1295 chae
326 1285 340 1301 ,
364 1258 524 1294 Paulinus
549 1271 587 1293 ac
609 1258 784 1294 Meletius.
811 1258 879 1293 His
900 1255 1131 1302 quaestionibus

241 1309 354 1345 noluit
363 1320 406 1343 ex
415 1310 516 1344 caufis
533 1310 566 1343 se
576 1309 708 1344 miscere
719 1308 875 1351 synodus
886 1331 898 1348 ,
924 1308 1064 1351 ideoque
1084 1306 1131 1341 di-

240 1360 312 1393 xit:
339 1363 472 1393 orientis
484 1358 626 1403 Episcopi
636 1365 786 1394 Orientem
808 1360 927 1392 tantum
935 1358 1104 1402 gubernent
1118 1380 1128 1390 .

240 1408 403 1444 Attamen
415 1407 528 1444 addit:
555 1411 695 1444 servatis
711 1410 912 1454 Privilegtis‚
937 1419 1006 1450 quae
1030 1411 1135 1441 Nicae·

240 1465 291 1494 nis
311 1459 485 1494 canonibus
507 1459 641 1502 Ecckfiae
673 1458 864 1494 Antiochense
901 1458 1017 1492 tributa
1037 1456 1130 1502 sunt.

240 1508 348 1556 Qod
357 1509 475 1554 nempe
484 1510 664 1552 nonipfius
673 1508 788 1548 Sedis,
814 1510 870 1540 sed
883 1508 1030 1540 solorum
1052 1507 1133 1541 Ρη»-

243 1558 417 1593 fidentium
443 1559 515 1601 jura
539 1558 642 1592 effent
663 1564 778 1590 vocata
799 1553 835 1588 in
861 1554 1133 1587 controversiam.

242 1607 358 1650 Quare
374 1618 432 1646 per
448 1607 598 1638 Orientis
617 1607 799 1646 Episcopos
827 1604 948 1636 Canon
973 1602 1135 1646 intelligit

240 1652 420 1688 Meletium
432 1662 470 1685 ac
481 1649 659 1685 Paulinum
671 1662 679 1682 ε
707 1650 877 1684 Permittit
888 1659 926 1683 ut
937 1650 1023 1684 intra
1036 1650 1134 1683 istum

231 1700 503 1739 Patriarchatum
522 1699 660 1745 quisque
683 1700 842 1745 gubernet
867 1700 903 1734 δε
928 1700 1135 1734 administret

241 1755 334 1788 suam
346 1750 617 1787 communionem
626 1777 635 1785 .
662 1750 702 1784 In
712 1751 879 1784 Thracica
891 1750 1033 1784 Dioecefi
1045 1749 1134 1785 Con·

243 1801 560 1847 stantinopolitanus
573 1800 754 1845 Episcopus
764 1799 911 1845 erigebat
920 1801 1032 1835 cristas
1043 1824 1055 1840 ,
1073 1811 1135 1834 coe·

243 1862 398 1898 petatque
422 1853 454 1887 se
474 1852 637 1887 ostentare
659 1850 949 1895 Autocephalum,
974 1850 1009 1884 δε
1031 1851 1135 1885 Hera-

243 1903 375 1938 claeense
397 1902 515 1948 jugum
537 1911 708 1937 excutere.
736 1901 850 1936 Etiam
872 1900 931 1936 has
942 1901 1136 1944 quaestiones

243 1953 398 1997 Synodus
408 1953 504 1988 duxit
516 1963 584 1988 non
598 1950 780 1997 tangendas
790 1977 802 1993 ,
829 1951 970 1995 ideoque
978 1949 1083 1986 edixit
1094 1951 1136 1985 de

246 2003 403 2038 omnibus
414 2002 517 2037 tribus
529 2002 769 2037 Exarchatibus
780 2015 792 2035 .·
817 2000 961 2045 Episcopi
968 2001 1143 2049 gubernent·

245 2062 337 2097 atque
346 2051 516 2096 dispensent
529 2078 536 2085 .
565 2052 634 2086 Cur
645 2052 686 2087 de
699 2053 856 2087 Romana
870 2052 1012 2086 Ecclesia
1024 2050 1112 2086 fileat
1124 2074 1136 2090 ‚

246 2102 347 2138 edicit
368 2102 402 2136 in
413 2103 529 2136 litteris
553 2103 593 2136 ad
607 2100 784 2137 Theffaliae
798 2102 978 2146 Episcopos
1000 2102 1138 2135 Sanstus

246 2151 337 2196 Papa
348 2151 540 2187 Bonifacius
554 2165 565 2185 .-
591 2156 626 2184 N
629 2157 723 2185 lcaena
733 2153 863 2190 synodus
876 2163 934 2184 non
956 2153 1076 2194 aliquid
1080 2150 1137 2194 su·

243 2210 300 2245 per
322 2212 388 2235 eum
407 2225 419 2241 ,
451 2203 603 2237 Sandium
624 2201 759 2235 Petrum
783 2200 982 2244 Apostolum
1008 2211 1045 2235 ac
1068 2202 1137 2244 ejus

245 2251 436 2286 Romanam
449 2250 564 2286 Sedem
581 2275 592 2291 ‚
618 2250 690 2294 ausa
701 2251 739 2292 est
750 2251 942 2291 constituere,
969 2261 1035 2284 cum
1054 2252 1139 2284 vide·-

246 2309 294 2335 ret
317 2300 395 2334 nibil
408 2299 504 2344 supra
516 2306 657 2335 meritum
675 2299 763 2344 suum
770 2301 846 2344 posse
855 2300 995 2342 conferri.
1025 2304 1137 2333 Omnia

246 2353 375 2394 denique
385 2350 452 2385 huic
464 2360 585 2386 noverat
597 2349 856 2394 Domtntsermene
877 2350 999 2394 conceffa
1012 2376 1019 2383 .
1050 2351 1136 2384 Ean-

247 2402 323 2435 dem
360 2401 736 2436 Reverentiam‘detulit
763 2400 1137 2444 Constantinopolitana

248 2449 405 2493 synodus
416 2476 423 2483 .
451 2451 544 2485 Hinc
567 2451 636 2495 ejus
648 2451 689 2485 de
715 2451 870 2486 Romana
892 2451 1034 2485 Ecclesia
1046 2450 1138 2486 silen-

247 2512 333 2535 tium
346 2525 353 2533 .

297 2550 416 2584 Canon
432 2550 583 2595 adjungit
598 2563 605 2583 :
632 2553 764 2586 Servata
776 2553 848 2585 vero
860 2575 871 2591 ,
883 2561 951 2592 quae
958 2549 1072 2593 scripta
1082 2550 1139 2590 est,

247 2602 285 2634 de
291 2600 561 2645 gubernationibus
572 2603 703 2645 Regula,
730 2599 916 2642 manifestum
929 2600 966 2642 est
976 2602 1056 2643 quod
1065 2602 1134 2640 illa,

247 2662 315 2693 quae
327 2649 396 2690 sunt
404 2659 460 2693 per
474 2662 710 2695 unamquamque
721 2654 914 2686 Provinciam
926 2673 936 2689 ‚
963 2649 1050 2692 ipfiur
1066 2653 1135 2683 Pro-

249 2706 358 2734 vinctae
381 2702 509 2740 synodus
530 2700 677 2745 dispenset
697 2727 709 2744 ‚
746 2699 818 2743 ficut
841 2706 970 2735 Nlcaeno
985 2702 1136 2735 decretum

247 2750 356 2791 constat
366 2750 419 2794 esse
433 2753 580 2785 Concilio.
608 2752 722 2786 Sensus
732 2752 778 2786 est
791 2765 802 2785 :
829 2751 909 2785 Haec
920 2761 987 2786 tam
1003 2751 1112 2786 nostra
1122 2775 1133 2791 ,

245 2811 345 2845 quam
355 2802 491 2837 Nicaena
503 2801 544 2836 de
556 2801 846 2847 gubernationibus
863 2801 992 2847 Regula
1003 2812 1072 2835 non
1086 2803 1133 2835 so-

246 2851 420 2886 lummodo
430 2851 702 2887 Patriarchalibus
727 2863 825 2896 atque
836 2851 1027 2887 Exarchicis
1043 2852 1132 2886 Dioe-

246 2901 367 2936 celibus
378 2903 545 2945 providet,
572 2904 624 2937 sed
638 2903 907 2947 insupetsingulis
925 2902 1129 2936 Provinciis:

251 2950 417 2996 Cujusque
438 2953 620 2988 Provinciae
640 2953 774 2998 negotia
793 2954 899 2987 sanxit
915 2951 1131 2987 administrari

252 3007 305 3042 per
316 3001 456 3043 ejusdem
469 3003 650 3038 Provinciae
660 3001 832 3047 Synodum
842 3027 849 3034 .
877 3003 1012 3037 Etenim
1024 3002 1058 3034 N
1063 3003 1130 3036 icae-

252 3049 290 3082 ni
300 3050 443 3087 Canonis
457 3053 551 3088 verba
562 3055 636 3088 sunt
648 3053 855 3088 universalia:
883 3055 951 3086 Suis
964 3053 1130 3095 privilegia

250 3096 409 3140 servemur
419 3103 552 3145 Ecclesiis
563 3130 570 3137 .
597 3107 680 3139 Sunt
691 3105 786 3139 verba
800 3103 882 3138 sexti
894 3102 1058 3137 Canonis.
1085 3103 1131 3136 Et

253 3147 323 3192 ipsa
343 3149 362 3182 ὸ,
379 3155 521 3193 ‘praesenti
544 3153 683 3189 Canone
696 3154 831 3198 respici,
858 3164 938 3197 puto
952 3164 1019 3192 non
1030 3152 1131 3187 dubi-

254 3197 409 3232 tandum.
438 3200 666 3242 Nihilominus
681 3204 863 3250 marginale
883 3202 1043 3238 Scholion
1063 3203 1130 3248 pas·

255 3248 315 3282 sim
326 3251 433 3283 censet
446 3251 556 3293 respici
566 3256 718 3298 quintum
727 3280 734 3287 .
761 3254 858 3288 Certe
865 3254 1001 3297 quintus
1010 3264 1079 3288 non
1089 3253 1130 3287 de

254 3297 513 3343 quibuscumque
523 3299 765 3340 provinciarum
776 3305 920 3350 negotiis
930 3304 1038 3338 sanxit
1048 3329 1060 3346 ‚
1076 3301 1128 3338 sed

256 3347 299 3382 de
309 3349 386 3383 solis
399 3349 601 3384 Clericorum
625 3363 680 3388 aut
689 3356 864 3390 Laicorum
876 3365 931 3398 pet
942 3356 1036 3389 suurn
1053 3354 1129 3398 Epi-

256 3399 390 3444 scopum
401 3399 532 3435 inflistis
545 3404 939 3441 excommunicationibus
948 3431 956 3440 .
984 3402 1130 3440 Proinde

355 3448 463 3492 Christ.
475 3453 554 3496 Lupi
563 3457 663 3496 Opera
672 3455 707 3486 T.
717 3457 799 3488 Vnt.

1929 139 1994 183 49

1188 203 1314 247 ipsum,
1339 203 1362 237 si
1386 203 1519 247 praesens
1531 203 1650 236 Canon
1663 201 1832 248 respiciat,
1857 205 2006 239 extendit
2030 207 2063 245 ἃ

1186 252 1321 297 ampliat
1353 264 1407 298 per
1427 254 1600 297 paritatem
1623 252 1757 289 rationis
1776 279 1784 287 .
1809 255 1911 303 Qiod
1935 255 2065 289 videtur

1185 303 1241 338 hic
1262 314 1331 338 non
1356 303 1428 339 fiori
1453 328 1461 336 .
1490 301 1611 337 Nolim
1633 306 1874 339 contumaciter
1894 306 2061 350 refragari.

1185 354 1359 402 Quidquid
1380 354 1439 395 fit,
1465 352 1571 397 ipsum
1592 363 1663 385 non
1690 355 1839 386 extendit
1866 355 2068 399 autampliat

1186 406 1226 438 ad
1237 404 1467 439 damnationes
1490 402 1659 446 Episcopis
1672 401 1808 435 inflictas
1829 414 1883 445 per
1894 405 2046 448 synodos
2058 430 2066 437 .

1186 454 1332 489 Proinde
1343 454 1481 499 exponit
1508 463 1604 496 atque
1614 453 1721 486 firmat
1732 450 1787 485 hic
1799 452 1919 487 Canon
1939 457 2068 490 sextum

1186 505 1381 547 Nicaenum,
1409 503 1744 549 quintumfitangat‚
1771 503 1877 547 tangit
1889 504 2068 540 admodum

1187 555 1336 590 modice.

1237 606 1376 640 Tertius
1388 604 1547 641 Paschalii
1562 605 1734 653 Qesnelli
1746 615 1834 638 error
1843 614 1940 648 atque
1964 607 2075 640 exces-

1189 659 1239 690 sus
1258 657 1326 696 est,
1352 656 1442 699 quod
1469 657 1524 690 sua
1546 655 1699 690 adversus
1722 655 1830 690 Sanffl
1853 654 1940 688 Petri
1953 655 2071 689 Sedem

1189 708 1390 741 Commenta
1411 706 1554 740 stabilire
1564 716 1668 740 tentet
1680 718 1735 750 per
1754 705 1908 740 adductas
1922 705 2073 739 Africani

1190 757 1338 790 Concilii
1349 756 1470 790 litteras
1488 756 1530 790 ad
1540 758 1693 790 Sanstum
1707 755 1917 790 Caelestinum
1931 755 2072 789 Pontifi-

1189 818 1260 840 cem
1274 830 1281 837 .
1309 806 1445 840 Certum
1468 806 1514 839 est
1527 805 1658 839 istarum
1679 804 1935 841 miserandarum
1953 805 2073 840 littera-

1190 868 1260 891 rum
1273 854 1463 900 qualitatem
1474 855 1492 889 ὲ
1503 856 1574 889 viro
1586 856 1709 889 eximie
1720 855 1851 890 erudito
1860 868 1930 890 non
1942 857 2072 899 ignora-

1191 908 1238 940 ri.
1267 906 1452 940 Audiamus
1471 905 1607 950 plenum
1627 916 1846 940 contextum:
1875 905 2010 946 Praefato
2023 907 2073 940 de-

1191 957 1262 990 bitae
1278 954 1471 998 salutationis
1488 958 1598 999 officio,
1620 958 1770 999 impendio
1790 957 1985 998 deprecamur
1998 980 2008 996 ,
2034 964 2068 988 ut

1191 1008 1329 1045 deinceps
1341 1008 1386 1038 ad
1390 1006 1502 1043 vestras
1526 1018 1613 1041 aures
1633 1006 1701 1042 binc
1714 1012 1870 1042 venientes
1882 1017 1940 1040 non
1945 1005 2074 1048 facilius

1191 1057 1365 1089 admittatis
1377 1078 1389 1094 ,
1414 1064 1466 1087 uec
1486 1056 1507 1086 ἃ
1519 1057 1603 1087 nobis
1621 1062 1883 1092 excommunicatos
1907 1062 1940 1090 in
1951 1066 2074 1089 commu-

1193 1111 1308 1140 nionem
1330 1106 1434 1138 velitis
1457 1104 1632 1137 admittere.
1658 1109 1744 1147 ,Quia
1769 1107 1933 1142 bocetiam
1945 1112 2075 1140 Nicaeno

1192 1156 1321 1189 concilio
1333 1154 1489 1197 definitum
1499 1153 1610 1195 ‚facile
1619 1153 1755 1187 advertit
1765 1159 1983 1191 Venerabilitas
1995 1165 2051 1190 tua
2064 1179 2075 1189 .

1191 1211 1280 1240 Nam
1291 1204 1345 1246 etfi
1363 1206 1400 1238 de
1420 1204 1608 1246 inferioribus
1622 1204 1743 1237 clericis
1766 1203 1819 1238 vel
1830 1206 1931 1236 Laicis
1944 1208 2076 1240 -widetur

1192 1257 1234 1290 ibt
1246 1260 1434 1299 promoveri,
1459 1256 1571 1297 quanto
1580 1259 1678 1299 magis
1691 1253 1743 1287 hoc
1763 1254 1800 1287 de
1811 1251 1970 1297 Episcopis
1981 1255 2077 1287 volun

1194 1305 1365 1351 observari,
1393 1317 1430 1339 ne
1450 1311 1483 1339 tn
1498 1303 1556 1349 sua
1570 1308 1734 1339 Provincia
1754 1303 2080 1348 communionesuspen-

1187 1357 1236 1399 fi,
1261 1359 1282 1390 ἃ
1294 1365 1346 1391 tua
1356 1356 1522 1390 Sanctitate
1544 1357 1598 1390 vel
1608 1354 1776 1398 festinati,
1801 1355 1855 1389 vel
1866 1356 2080 1397 praepropere,

1193 1408 1244 1441 vel
1264 1406 1396 1441 indebite
1415 1408 1580 1441 videantur
1591 1411 1784 1441 communioni
1796 1405 1907 1446 restitui
1919 1431 1926 1438 .
1956 1405 2080 1444 Presby-

1195 1466 1325 1492 terarum
1343 1467 1456 1500 quoque
1476 1458 1511 1491 <at
1529 1455 1716 1500 fi’quentium
1736 1458 1915 1490 elericorum
1941 1454 2078 1498 improba

1196 1507 1327 1552 refugia,
1349 1507 1424 1548 ficut
1435 1516 1465 1541 te
1478 1508 1601 1551 dignum
1615 1506 1653 1547 est
1664 1531 1676 1548 ,
1702 1508 1825 1550 repellat
1836 1506 1990 1540 SanHitas
2001 1514 2054 1539 tua
2068 1515 2078 1537 :

1197 1559 1283 1597 ,Quia
1305 1560 1338 1590 ὀ*
1350 1558 1433 1590 nulla
1448 1560 1577 1591 Patrum
1588 1557 1758 1599 definitione
1776 1557 1828 1591 hoc
1845 1554 1979 1598 Ecclefiae
1993 1556 2080 1589 dero-

1193 1612 1300 1647 gatum
1308 1604 1346 1644 est
1359 1604 1509 1645 Africana
1519 1627 1530 1643 ‚
1555 1608 1590 1639 6*
1601 1610 1727 1638 Decreta
1738 1612 1872 1639 Nicaena
1888 1605 1953 1646 five
1963 1605 2082 1646 inferio-

1198 1659 1242 1683 ris
1248 1655 1367 1694 gradus
1379 1656 1507 1686 clericos
1520 1677 1534 1691 ‚
1551 1654 1618 1694 five
1637 1653 1713 1695 ipsos
1725 1653 1884 1697 Episcopos
1891 1653 1918 1697 s
1912 1660 1960 1687 uis
1969 1658 2082 1687 Metro-

1194 1700 1344 1741 politants
1381 1700 1554 1740 apertiffime‘
1590 1701 1795 1743 commiserunt
1820 1727 1828 1734 .
1856 1704 2081 1743 Prudenn‘ffimd

1197 1754 1276 1783 enim
1289 1773 1301 1790 ,
1322 1748 1526 1792 justtfflmEque
1539 1751 1763 1791 providerunt,
1789 1761 1978 1793 quaecumque
2003 1764 2083 1794 nego·

1197 1797 1358 1842 ttainsur‘s
1370 1801 1464 1841 locis,
1489 1798 1615 1834 ubiorta
1631 1798 1705 1843 sunt
1718 1824 1730 1841 ,
1751 1800 1910 1843 finienda:
1937 1806 2002 1835 Nec
2015 1813 2084 1835 unt-

1198 1855 1298 1893 cutque
1307 1852 1476 1884 Provinciae
1482 1854 1616 1894 gratiam
1627 1852 1757 1892 Spiritus
1768 1852 1870 1885 Sanffl
1888 1851 2060 1892 defuturam
2070 1877 2081 1892 ‚

1199 1912 1260 1943 qua
1279 1905 1409 1943 aequttas
1430 1902 1450 1932 ἂ
1463 1900 1573 1940 Christ}
1596 1901 1798 1935 Sacerdotibus
1820 1903 2026 1944 &prudenter
2038 1908 2083 1936 vi-

1199 1952 1332 1991 deutur,
1359 1950 1617 1992 &constantiffimo³
1640 1960 1794 1986 teneatur.

1231 2000 1371 2035 ·Omnis
1393 2002 1477 2035 inter
1502 2002 1696 2037 Africanam
1718 2003 1952 2037 &Romanam
1970 2003 2082 2037 Eccle-

1199 2051 1276 2086 fiam
1288 2051 1422 2093 quaestio
1432 2061 1499 2086 erat
1524 2052 1564 2087 de
1577 2053 1730 2087 Romana
1744 2053 1979 2097 Appellatione
1991 2053 2082 2088 Cleri

1200 2101 1364 2136 inferioris
1385 2127 1392 2134 .
1420 2102 1523 2149 Qod
1547 2102 1694 2137 damnati
1719 2114 1774 2146 pet
1794 2104 1855 2138 suae
1879 2104 2084 2143 Provinciae,

1202 2162 1257 2184 aut
1268 2151 1367 2185 etiam
1380 2163 1437 2194 per
1448 2153 1551 2186 totius
1562 2153 1732 2188 Doecefios
1743 2155 1917 2197 Synodum
1930 2154 2085 2198 Episcopi

1202 2201 1322 2244 semper
1334 2202 1502 2244 potuerint
1524 2214 1699 2245 provocare
1713 2204 1857 2238 Romam
1870 2229 1881 2244 ,
1910 2215 1978 2239 erat
1997 2203 2086 2248 apud

1201 2261 1317 2284 omnes
1340 2252 1376 2284 in
1401 2253 1569 2287 consenc.
1597 2252 1795 2297 Perpetuam
1813 2254 2085 2288 consuetudinem

1200 2300 1466 2335 demonstrabant
1476 2302 1616 2344 plurima
1629 2304 1777 2347 exempla
1790 2329 1798 2336 .
1821 2304 2008 2348 Utriusque
2016 2316 2086 2347 pat-

1201 2350 1243 2384 tis
1255 2352 1290 2386 in
1300 2349 1363 2392 hac
1376 2351 1434 2385 lite
1442 2352 1698 2388 fundamentum
1723 2363 1815 2387 erant
1830 2353 1961 2388 Nicaeni
1978 2355 2087 2394 Cano-¹

1202 2412 1257 2435 nes
1281 2426 1289 2434 .
1316 2401 1469 2436 Africani
1496 2401 1672 2438 Antistites
1699 2404 1904 2448 spondebant
1927 2404 2000 2448 ipfis
2022 2405 2088 2448 ple·

1202 2462 1275 2483 nam
1289 2452 1500 2486 reverentiam
1524 2464 1563 2486 ac
1575 2453 1796 2488 obedientiam
1810 2479 1816 2486 .
1843 2454 1971 2488 Verum
1983 2465 2084 2498 agno-

1201 2499 1331 2535 scebant
1343 2502 1429 2534 solos
1441 2502 1560 2544 viginti
1579 2525 1589 2540 ,
1615 2501 1703 2544 Papa
1715 2504 1873 2537 Zozimus
1895 2503 2083 2538 adstruebat.

1201 2551 1304 2594 plures
1318 2563 1330 2584 .-
1358 2549 1411 2583 Ex
1422 2550 1548 2584 vetusto
1563 2551 1722 2585 Romanae
1736 2552 1886 2587 Eccleliae
1902 2563 1995 2589 more
2005 2554 2081 2589 Sat-

1199 2601 1343 2634 dicenses
1377 2600 1471 2633 timul
1505 2610 1579 2632 cum
1607 2600 1754 2634 Nicaenis
1790 2603 2018 2638 accumulabat
2043 2606 2080 2639 in

1199 2661 1302 2684 unum
1326 2660 1465 2693 corpus,
1492 2650 1679 2684 &similiter
1694 2652 1875 2687 affirmabat
1897 2653 2057 2688 Nicaenos
2071 2679 2078 2687 .

1199 2701 1276 2735 Post
1288 2701 1431 2735 multum
1454 2711 1593 2734 examen
1614 2700 1765 2736 Africani
1789 2704 1864 2737 sunt
1885 2702 2020 2738 stabiliti
2043 2705 2079 2738 in
2104 2727 2106 2732 ,

1196 2751 1250 2785 sua
1261 2752 1422 2795 opinione
1434 2773 1445 2790 ‚
1466 2749 1666 2785 tenaciffime
1688 2754 1821 2795 persuasi
1833 2752 1986 2789 Nicaenos
2009 2766 2079 2789 non

1195 2802 1257 2836 effe
1267 2801 1326 2836 nifi
1339 2801 1479 2846 viginti.
1508 2801 1553 2835 Et
1566 2801 1649 2835 inter
1667 2802 1745 2837 istos
1756 2803 1842 2838 solus
1865 2805 1999 2847 quintus
2010 2806 2080 2839 san-

1196 2851 1243 2885 xit
1254 2852 1295 2886 de
1318 2851 1623 2895 Appellationibus.
1653 2853 1757 2887 Hunc
1783 2865 1951 2897 coeperunt
1974 2866 2080 2889 atten-

1193 2901 1257 2935 tius
1278 2901 1437 2936 discutere
1456 2926 1468 2943 ‚
1495 2913 1594 2947 atque
1618 2914 1661 2937 ex
1682 2904 1755 2946 ipso
1777 2905 2007 2938 concluserunt
2034 2906 2080 2939 se-

1193 2953 1324 2995 quentia
1338 2977 1346 2985 .
1374 2951 1488 2986 Primo
1501 2978 1511 2993 ‚
1539 2954 1626 2996 quod
1640 2953 1694 2987 ille
1716 2955 1838 2988 sanciat
1858 2954 1898 2987 de
1917 2955 1993 2988 solis
2005 2954 2080 2989 Cle-

1194 3003 1335 3036 ricorum
1357 3014 1394 3036 ac
1403 3003 1599 3045 Laicorum‚
1626 3003 1667 3037 ab
1678 3014 1747 3037 uno
1769 3004 1827 3039 suo
1839 3003 2004 3048 Episcopo
2023 3005 2076 3038 da-

1194 3063 1380 3087 mnatorum
1392 3078 1402 3094 ‚
1429 3054 1469 3087 ad
1482 3053 1663 3087 Provinciae
1674 3054 1847 3096 Synodum
1870 3055 2079 3096 provocatio-

1193 3104 1309 3137 nibus.
1338 3104 1494 3143 Deinde„
1521 3103 1609 3146 quod
1633 3103 1752 3138 Canon
1779 3104 1857 3138 istos
1875 3105 2074 3147 appellantes

1192 3154 1254 3187 suis
1265 3153 1530 3196 Metropolitanis
1551 3164 1588 3187 ac
1599 3154 1739 3195 ipsorum
1753 3155 1897 3197 synodis
1919 3156 2073 3189 commit-

1192 3214 1239 3238 tat
1260 3203 1472 3247 apertiffime,
1498 3213 1596 3246 atque
1618 3204 1662 3238 ita
1684 3203 1768 3237 istud
1789 3204 1949 3247 judicium
1974 3206 2010 3238 fit
2024 3206 2076 3239 in-

1190 3254 1382 3288 concussum
1396 3278 1407 3294 ‚
1432 3252 1573 3297 ideoque
1594 3265 1648 3296 per
1671 3253 1858 3289 ulteriorem
1883 3255 2070 3298 appellatio·

1190 3316 1265 3339 nem
1276 3304 1404 3338 devolvi
1416 3303 1594 3347 non.poffit
1616 3302 1656 3337 ad
1667 3303 1858 3340 Romanam
1872 3306 2047 3340 Ecclesiam
2064 3330 2071 3337 .

1191 3355 1332 3394 Tertio,
1360 3353 1449 3397 quod
1472 3364 1636 3398 paratque
1655 3355 1769 3389 eadem
1794 3356 1831 3391 sit
1841 3356 2069 3390 damnatorum

1192 3407 1227 3441 ὅτ.
1252 3403 1488 3450 appellantium
1515 3405 1754 3489 Episcoporgm
1780 3406 1866 3442 tatio
1893 3431 1904 3447 ,
1930 3406 2070 3487 ideogue

1933 3465 1997 3498 quo
