2326 3718
41 328 138 364 Λέὶοτ.
149 333 165 360 8
171 350 179 358 .

29 1157 139 1194 maon
145 1169 174 1202 3,

673 126 942 173 Romanus
977 123 1563 167 ΑΡΡειιΑτιοΝιΒυε.

211 214 338 259 penitas
351 212 491 249 decidant
501 234 522 250 ‚.
536 212 568 242 εὸ
580 210 658 252 quod
675 214 776 252 capita
783 205 920 248 ‘Ecclefiae
925 204 982 248 fini
995 231 1009 239 ..
1029 209 1089 240 Et-

212 270 290 299 enim
303 263 381 297 illud
386 261 465 303 quod
474 260 603 300 dicitur,
630 259 672 293 Et
686 269 784 304 portae
805 257 902 291 inferi
925 268 993 291 non
1017 267 1091 301 pra:-

213 312 370 350 valebunt
390 309 540 344 adversus
562 321 634 344 eam
656 333 668 349 ,
692 309 744 343 boc
759 308 937 342 denunciat.
961 307 1093 350 ‚Quando

210 366 270 399 duo
286 361 448 397 ,ceciderint
460 384 472 401 ‚
497 369 623 394 currunt
640 360 689 394 ad
704 364 790 400 tria3
815 369 881 392 cum
906 363 967 390 tria
989 357 1094 391 recide·

212 418 277 448 rint
287 434 299 451 ‚
319 418 444 447 (currunt
452 410 498 443 ad
506 412 566 444 duo
574 422 589 453 ;
615 421 679 444 cum
690 411 760 444 vero
781 417 904 451 quatuor
921 406 1003 448 forti
1024 411 1094 438 ceci-

213 464 311 496 derint
322 484 333 501 ‚
345 473 436 495 unum
446 462 526 506 quod
530 467 686 503 permanet
693 463 727 492 iet
741 465 873 492 omnium
885 464 994 499 Capite
1004 454 1093 488 Cbri-

202 512 253 556 fio
270 515 333 547 Deo
342 511 432 551 nostro
441 536 453 552 ,
477 519 600 545 revocat
608 509 713 543 timim
724 511 870 552 reliquum
880 505 1094 550 corpus-Eccle-

204 562 259 605 fiae
272 587 279 594 .
305 561 511 597 Affirmatad
521 558 708 604 generalem
721 560 894 603 Synodum
913 559 960 593 ita
974 555 1092 599 requiri

211 612 363 648 omnium
373 609 632 647 Patriarcharum
642 610 839 655 praesentia-m
851 619 948 654 atque
960 606 1092 643 consen-

210 664 306 703 sum,
332 672 487 698 uttamen
497 660 565 703 ipsa
576 671 631 703 per
642 659 785 696 duorum
811 670 868 695 aut
882 659 1006 697 trium,
1032 656 1092 692 im·

210 711 269 746 mo
293 713 327 747 δε
339 720 543 757 perquatuor
552 710 715 745 defectum
739 721 778 744 ac
792 707 996 753 Apostasiam
1022 717 1091 740 non

209 761 339 797 amittat
350 761 595 796 OEcumenicarn
607 760 802 806 dignitatem
828 767 925 803 atque
948 754 1094 792 authori-

210 821 329 846 tatem.
355 810 554 848 Dummodo
564 821 681 855 nempe
691 810 830 854 persistat
840 834 850 850 ‚
871 809 910 842 ἃ
931 808 1024 842 suum
1036 805 1094 839 mi=

210 861 384 896 nistcrium
404 861 536 904 expleat
558 860 715 896 Pontifex
735 861 965 894 Romanorum
987 882 995 889 .
1020 856 1093 890 Insi-

210 911 319 956 gniter
329 910 440 947 hocin
454 911 571 947 litteris
590 911 631 945 ad
643 911 796 944 Sanctum
808 908 1004 944 Tharafium
1029 905 1095 938 Pa·
1114 938 1116 941 ,

210 958 809 1001 triarchamconstantinopolitanum
827 956 969 999 scriptis,
995 955 1030 988 ἀ
1043 953 1094 989 ,ad

212 1010 381 1054 septimam
391 1008 661 1050 synodumiectis
674 1030 686 1047 ,
710 1006 839 1051 profeffi
863 1007 936 1040 sunt
958 1005 1095 1039 Cosmas

211 1057 458 1094 Alexandrinus
482 1080 495 1097 ‚
527 1055 729 1093 Theodorus
763 1053 997 1091 Antiochenus
1022 1077 1033 1094 ‚
1058 1066 1095 1088 ac

208 1106 413 1143 Theodorus
433 1106 622 1142 Patriarcha
643 1107 968 1149 Hierosolymitanus
981 1118 992 1138 .-
1018 1105 1099 1139 Illud

209 1160 368 1200 tamquam
376 1157 561 1202 necaffarium
572 1165 667 1200 penes
687 1157 891 1200 Pontificalem
908 1160 1026 1198 apicem
1046 1166 1096 1189 ve-

205 1207 302 1250 strum
324 1209 460 1242 ducimus
481 1208 743 1248 commonendum,
768 1215 803 1241 ut
814 1206 845 1250 fi
861 1207 1013 1241 volueritis
1024 1207 1093 1239 cele·

210 1257 299 1292 brare
319 1257 465 1297 synodum
482 1282 494 1298 ,
533 1269 572 1291 ne
591 1258 676 1291 vobis
696 1256 815 1299 molesta
834 1265 984 1299 appareat
1006 1262 1097 1289 trium

192 1312 197 1317 '
213 1306 440 1351 apostolicarum
462 1308 584 1341 sedium
603 1308 747 1341 almorum
766 1306 1037 1347 Patrtarcharum,
1063 1307 1098 1339 (ι’

208 1354 449 1401 sandsffi'morum
471 1357 684 1400 Episcoporum
694 1380 706 1397 ,
730 1358 791 1400 qui⁴
800 1355 856 1401 sub
876 1356 945 1399 ipfis
964 1357 1098 1399 degunt,

210 1405 350 1450 absentia
361 1430 374 1447 ,
398 1417 458 1439 nou
481 1417 521 1440 ex
538 1412 660 1449 proprio
677 1417 776 1440 eorum
784 1407 919 1440 accidens
931 1404 1076 1447 Propofito
1088 1429 1098 1445 ‚

210 1455 268 1501 {ed
283 1465 322 1490 ex
339 1459 515 1490 Tenentium
536 1455 591 1502 seu
603 1457 898 1492 Dominantiumillii·
917 1455 1098 1490 terribilibus

211 1509 309 1541 onmis
318 1528 331 1545 ,
354 1506 391 1539 δ’
400 1506 564 1548 mortiferis
570 1512 671 1548 poenis
683 1531 691 1539 .
717 1509 776 1539 Hoc
785 1514 888 1538 aretem
904 1503 1040 1546 subtilius
1062 1503 1101 1543 est

216 1553 453 1597 confiderandum
473 1579 485 1596 ‚
506 1561 600 1589 etiam
622 1556 664 1590 ab
685 1553 753 1598 ipsa
772 1552 859 1598 sacra
883 1555 919 1588 ό·
935 1551 1101 1595 universali

210 1603 306 1651 fixta
323 1606 455 1644 smda,
477 1611 512 1638 in
533 1617 595 1646 qua
618 1606 725 1639 nullus*
740 1616 859 1644 eorum,
885 1609 937 1645 qui
954 1604 1101 1645 peridem

214 1661 336 1694 ternpus
343 1658 378 1686 in
388 1652 439 1685 his
445 1654 584 1693 partibus
595 1653 738 1695 Episcopi
747 1662 834 1686 erant
844 1675 855 1691 ‚
879 1652 1038 1694 conveniffe
1058 1663 1101 1686 re—

211 1710 322 1747 pertus
331 1700 370 1742 est
377 1709 502 1744 propter
511 1701 717 1745 obsco-norum
727 1702 942 1736 obtinentiam.
968 1702 989 1734 5
989 1702 1026 1734 ed
1036 1702 1100 1735 nul-

217 1754 283 1789 lum
291 1761 332 1785 ex
343 1750 396 1785 hoc
402 1750 519 1794 sanEae
529 1755 549 1785 5
546 1754 638 1791 ynodo
650 1751 773 1793 adbaefit
791 1753 1004 1795 pra-judicium
1015 1775 1026 1791 ‚
1052 1762 1100 1785 ne-

217 1813 277 1846 que
284 1807 368 1836 vires
377 1800 483 1835 habuit
490 1802 649 1844 prohibitio
658 1804 761 1847 aliqua
768 1803 923 1844 statuendi
937 1803 971 1836 ὠ·
977 1800 1101 1843 manife-

156 1854 165 1866 ’·
214 1851 262 1892 sta
277 1851 417 1894 faciendi
440 1852 521 1885 nea
542 1856 691 1897 Dogmata
697 1858 846 1896 pietatis:
876 1854 1029 1895 Praecipue
1037 1862 1101 1885 cum

213 1900 410 1948 [andifftmus
436 1902 471 1936 ὁ·
483 1903 658 1946 Apostolicus
669 1898 758 1945 Papa
779 1907 931 1935 Romanus
950 1902 1100 1935 concorda-

216 1956 301 1987 verit
311 1974 322 1992 ,
337 1953 373 1987 θ
383 1957 417 1985 in
427 1963 463 1986 ea
472 1958 618 1987 inventus
623 1953 663 1994 fit
669 1962 727 1996 per
738 1952 934 1996 Apocrisarios
938 1950 1009 1995 suos
1020 1976 1027 1983 .
1055 1954 1100 1983 Et

214 2012 296 2036 mne
304 2000 355 2035 boc
361 2012 427 2034 cum
433 2000 600 2045 sancffifflmi
610 2005 720 2037 auxilio
734 2002 925 2044 Detfimiliter
935 2001 1001 2044 fiat.
1017 2005 1102 2034 Nam

212 2050 288 2095 ficut
298 2059 370 2085 tune
390 2054 472 2085 illius
488 2052 569 2094 fidei
589 2059 621 2086 in
633 2054 721 2087 Orbis
731 2062 821 2087 terrae
828 2051 981 2095 perfhnuit
1000 2051 1078 2094 fines
1091 2075 1101 2090 ,

217 2106 269 2133 dea
295 2102 331 2135 Θ
339 2102 443 2139 synodi
453 2125 464 2142 ,
488 2112 555 2143 quae
567 2114 643 2135 nunc
649 2111 705 2144 per
710 2109 850 2144 gratiam
862 2106 920 2135 Dei
929 2111 1103 2144 congregan-

221 2151 266 2184 da
276 2149 315 2190 est
321 2157 377 2192 per
388 2156 633 2185 interventionem
644 2151 772 2191 vestram
784 2176 794 2192 ,
818 2153 854 2186 ό·
864 2153 928 2192 etius
944 2155 997 2194 qui
1009 2151 1103 2183 mode-

220 2208 310 2233 ratur
319 2199 512 2241 Apostolorum
525 2203 676 2243 Principis
693 2202 797 2235 sedem
810 2225 821 2242 ,
842 2200 1061 2244 praedtcabnur
1070 2205 1104 2233 in

219 2253 300 2281 amnt
317 2250 377 2282 Ioco
398 2249 455 2290 qui
467 2248 524 2292 sub
541 2252 603 2283 Sole
614 2250 673 2291 est,
698 2253 842 2284 videlicet
862 2261 929 2293 quae
944 2250 1104 2288 Tyrannio?

218 2296 365 2337 destrutffa
370 2296 443 2341 sunt
454 2304 568 2341 erigens
579 2323 590 2340 ,
617 2301 651 2334 Θ
661 2306 694 2333 m
703 2305 862 2343 antiquam
873 2311 908 2332 ac
920 2298 1106 2341 apostolicam

216 2346 388 2388 reformans
401 2350 591 2382 traditionem
601 2374 608 2381 .
635 2349 836 2393 Loquuntur
845 2350 886 2384 de
897 2349 1042 2384 absentia
1061 2347 1107 2382 ob

224 2396 434 2439 Tyrannicas
459 2399 492 2431 &
503 2397 678 2433 horrendas
689 2401 794 2434 minas
819 2411 858 2434 ac
870 2397 1108 2443 prohibitiones

222 2446 456 2482 obscoenorum
467 2449 698 2483 Saracenorum
710 2474 722 2490 ,
747 2459 826 2483 tunc
850 2448 1108 2483 Dominantium

225 2496 260 2534 in
275 2496 376 2531 tribus
385 2496 454 2531 istis
463 2495 735 2533 Patriarchalibus
749 2524 755 2531 .
783 2499 817 2533 Si
830 2498 929 2543 igitur
940 2497 998 2532 ista
1010 2496 1111 2542 justis-

226 2547 302 2581 sima
322 2546 475 2582 absentia.
488 2547 733 2583 OEcumenicam
756 2547 882 2594 Synodi
911 2548 1109 2593 dignitatem

225 2606 324 2640 atque
333 2595 567 2631 authoritatem
593 2609 654 2632 nec
664 2598 767 2633 aufert
795 2611 855 2633 nec
866 2597 1114 2638 circumscribit,
1135 2618 1138 2624 =

226 2646 328 2690 longe
338 2645 447 2681 minus
459 2647 564 2681 facere
577 2646 609 2681 id
623 2649 716 2692 possit
728 2649 873 2683 absentia
895 2659 951 2692 per
973 2647 1115 2692 praevari-

227 2697 395 2730 cationem
411 2719 422 2736 ‚
448 2707 503 2740 per
522 2697 736 2733 rebellionem
758 2722 769 2739 ,
795 2710 851 2743 per
872 2697 1032 2738 schisma,
1059 2707 1114 2741 per

227 2745 370 2780 haerefim
382 2771 390 2777 .
416 2745 465 2781 At
477 2745 554 2780 vero
564 2748 740 2783 Sardicensi
754 2749 890 2793 Synodo
900 2773 911 2789 ‚
935 2749 1028 2792 cujus
1039 2757 1114 2782 aetas

228 2796 316 2831 solos
336 2806 400 2830 tres
422 2795 562 2836 habebat
580 2797 802 2841 patriarchas,
829 2800 933 2834 adfuit
945 2810 998 2843 per
1013 2799 1113 2842 Lega-

231 2854 282 2880 tos
294 2846 524 2881 Romanorum
538 2847 716 2893 Episcopus
727 2875 737 2891 ,
764 2850 970 2893 personaliter
982 2849 1113 2884 Sanctus

233 2893 427 2931 Athanasius
438 2897 622 2933 Patriarcha
634 2898 878 2934 Alexandrinus
888 2926 896 2932 .
921 2899 1114 2933 Adfuerunt

233 2942 387 2989 Episcopi
399 2947 568 2989 plusquam
581 2960 623 2982 ex
639 2949 773 2994 triginta
795 2949 939 2993 quinque
951 2949 1114 2991 utriusque

233 2991 378 3028 Romani
388 2997 517 3040 Imperii
530 2997 731 3034 Provinciis.
759 3000 845 3035 Cum
861 3000 971 3043 paucis
988 2996 1113 3032 infectis

231 3043 265 3076 ec
287 3041 458 3079 Obscoenis
481 3046 586 3081 abfuit
610 3049 698 3084 solus
725 3049 908 3094 Stephanus
927 3046 1115 3084 Patriarcha

235 3091 486 3148 ’Antiochenam
512 3095 615 3133 homo
637 3100 776 3135 intrusus
803 3102 837 3135 &
860 3099 1047 3139 hacreticus,
1074 3096 1115 3131 ab

235 3142 309 3184 ²95⁵
321 3142 430 3186 P0ste²
441 3143 572 3182 Arianis
583 3148 629 3183 ob
640 3151 783 3187 facinora
805 3150 1000 3196 degradatus
1013 3174 1020 3180 .
1046 3146 1114 3181 Ab·

235 3192 301 3227 suit
313 3204 368 3235 per
379 3190 531 3236 schisma,
558 3197 783 3242 perhaerefim,
810 3213 865 3245 per
889 3198 1113 3244 Apostaticarn

237 3243 371 3287 fugam,
398 3247 747 3288 perrraevaricatoriam
770 3251 982 3286 rebellionem
997 3273 1006 3283 .
1027 3248 1114 3296 Qis

236 3302 316 3336 ergo
339 3303 457 3337 negare
480 3293 531 3329 issi
553 3298 690 3337 synodo
709 3301 1056 3344 poffitcfficumenicam
1067 3298 1112 3332 di·

237 3343 399 3385 gnitatem
426 3353 522 3387 atque
535 3344 787 3384 authoritatem?
813 3351 914 3398 Qod
934 3352 1035 3394 ipsam
1047 3350 1113 3383 Ro·

1867 136 1960 181 127

1149 204 1189 238 sia
1200 202 1473 246 sempetNicaenae
1487 203 1625 245 Synodo
1644 206 1906 251 aequiparaverit„
1930 207 1965 240 &
1978 208 2027 241 uti

1149 252 1373 290 authenticam
1383 251 1595 297 appendicem
1607 255 1754 290 inunum
1776 268 1851 291 curn
1872 257 1937 300 ipsa
1957 267 2029 291 cor·

1151 316 1210 349 pus
1221 303 1433 343 conflaverit,
1457 303 1504 337 est
1518 303 1576 337 suo
1586 301 1663 337 loco
1680 304 1810 339 abunde
1828 307 2029 341 demonstr-a-

1152 366 1223 389 tum
1244 379 1251 387 .
1285 354 1526 389 Sacrosanflum
1563 352 1802 389 Tridentinum
1836 357 2035 393 Concilium

1152 404 1224 448 quis
1240 404 1369 448 impuro
1381 402 1479 439 corde
1504 413 1627 438 autore
1639 404 1806 446 praesumat
1828 405 1965 440 inficiari
1977 418 2034 440 ve-·

1152 456 1267 490 raciter
1277 465 1314 488 ac
1325 454 1418 498 plene
1428 451 1700 489 OEcumenicum?
1727 453 1771 487 Et
1783 464 1890 487 tamen
1902 456 1955 498 ipsi
1964 457 2032 498 plu-

1152 517 1200 540 res
1211 516 1287 540 cum
1297 505 1360 540 suis
1373 503 1544 548 Episcopis
1553 502 1924 538 defueruntPatriarchae
1937 529 1944 535 .
1971 505 2032 539 Per

1154 555 1293 589 haeresim
1319 567 1358 589 ac
1378 554 1611 590 rebellionem.
1637 553 1736 589 Plura
1756 554 1800 590 de
1821 552 1885 588 hoc
1895 554 2036 590 articulo

1153 605 1304 648 scripfiin
1325 605 1538 648 synodorum
1548 603 1708 639 Scholiis.
1760 630 1763 631 γ

1204 656 1355 689 Alterum
1375 654 1485 689 Sanrsti
1513 654 1682 690 Athanasii
1705 666 1762 699 pro
1783 656 1839 690 sua
1866 666 1904 688 ac
1928 654 2036 689 nostra

1154 706 1323 739 assertione
1346 706 1597 741 fundamentum
1612 706 1657 739 est
1671 729 1683 746 ,
1708 704 1799 748 quod
1822 705 1955 749 plurimi
1981 714 2042 747 per:

1155 765 1289 790 omnem
1312 755 1485 790 Ecclesiam
1499 755 1653 798 Episcopi
1677 756 1743 798 jam
1759 757 1886 799 perastae
1896 753 2041 798 Synodo·

1155 805 1340 840 accesserint
1367 806 1401 840 &
1423 804 1663 847 subscripserint
1684 829 1692 837 .
1719 803 1919 849 Huiusmodi
1944 804 2044 838 enim·

1156 856 1294 889 accessus
1311 854 1455 890 omnino
1471 854 1588 890 sufficit
1609 854 1650 888 ad
1662 856 1820 889 sanandos
1841 856 2040 899 qualescum-

1157 917 1220 948 que
1240 905 1384 938 defectus
1396 929 1406 945 ‚
1434 905 1476 939 ad
1488 904 1718 948 complendam
1734 904 1923 939 defestuosae
1935 906 2039 938 etiam

1158 955 1286 998 Synodi
1301 955 1545 992 OEcumenicam
1556 954 1771 1000 dignitatem.
1800 955 1911 988 Etiam
1931 954 1973 987 ad
1997 955 2043 987 sa·

1158 1004 1304 1038 nandum
1316 1005 1516 1039 essentialem
1527 1005 1736 1041 defeetumex
1745 1004 1889 1039 absentia
1899 1029 1909 1046 ,
1938 1001 2042 1036 immo

1158 1055 1191 1088 δε
1203 1065 1243 1088 ex
1260 1053 1520 1088 contraditiiione
1531 1053 1676 1089 Romani
1689 1053 1861 1089 Pontificis
1871 1079 1879 1086 .
1908 1053 2044 1087 Etenim

1157 1106 1230 1148 quis
1243 1103 1374 1148 ignoret
1386 1102 1476 1138 hunc
1487 1103 1787 1139 defeetuminfuiffe
1811 1105 1930 1147 quinto
1952 1104 2045 1138 Con-

1157 1154 1257 1193 cilio,
1285 1164 1323 1186 ac
1334 1154 1413 1186 item
1432 1153 1539 1195 primo
1551 1153 1951 1195 Constantinopolitano?
1981 1153 2047 1187 Lo-

1159 1215 1241 1248 quor
1251 1203 1422 1247 praesertim
1433 1201 1474 1236 de
1485 1202 1544 1236 illo
1556 1226 1567 1242 ,
1594 1203 1629 1236 in
1648 1214 1715 1246 quo
1741 1211 1818 1234 curn
1839 1203 1954 1236 Sancto
1967 1204 2051 1237 Gre-

1159 1255 1254 1299 gorio
1268 1253 1483 1287 Nazianzeno
1492 1252 1635 1296 dejed’tus
1644 1253 1689 1286 est
1703 1251 1873 1285 Maximus
1883 1251 2052 1294 Cynicus,

1160 1303 1243 1338 acin
1255 1303 1371 1348 Regiae
1383 1302 1524 1337 civitatis
1537 1301 1737 1336 Cathedram
1751 1302 1919 1345 impositus
1933 1301 2050 1334 Nesta-

1161 1355 1241 1388 rius.
1275 1353 1317 1386 Et
1329 1362 1437 1387 tamen
1450 1351 1603 1387 accedens
1618 1352 1826 1395 dispensator}
1835 1363 1852 1384 a
1880 1352 1914 1385 &
1926 1351 2053 1385 confir·-

1162 1403 1301 1438 matoria
1315 1402 1626 1447 Vigiliipontificis
1651 1402 1802 1437 &Sancti
1815 1401 1949 1435 Damasi
1973 1412 2054 1434 con—

1164 1454 1263 1488 sensio
1290 1462 1388 1496 atque
1400 1452 1593 1497 subscriptio
1604 1463 1775 1494 utramque
1786 1452 1865 1487 fiecit
1884 1450 2052 1486 authenti-

1164 1515 1237 1538 cam
1249 1528 1260 1543 ,
1285 1513 1381 1546 atque
1403 1515 1446 1537 ex
1467 1503 1598 1548 integro
1613 1502 1855 1538 OEcumenicam
1868 1526 1876 1535 .
1904 1502 1985 1535 Haee
1996 1511 2055 1544 po-

1166 1552 1279 1586 sterior
1299 1554 1345 1586 est
1367 1563 1434 1587 una
1451 1553 1583 1587 istarum
1605 1562 1746 1596 quatuor
1766 1578 1777 1594 ,
1803 1564 1884 1597 quas
1905 1551 2056 1596 Magnus

1167 1602 1348 1646 Gregorius
1359 1611 1394 1635 ut
1404 1611 1544 1645 quatuor
1556 1603 1662 1636 sanila
1675 1603 1740 1636 Dei
1758 1602 1940 1646 Evangelia
1952 1609 2057 1634 vene·-⁴

1168 1663 1252 1686 ratus
1264 1652 1309 1685 est
1319 1676 1330 1692 ,
1356 1653 1388 1686 δε
1400 1651 1485 1695 juffit
1499 1652 1700 1686 venerandas
1711 1677 1718 1684 .
1749 1652 1791 1685 Et
1802 1651 1912 1685 omnis
1924 1650 1982 1684 sub
1993 1660 2056 1684 coe-

1170 1702 1203 1735 lo
1216 1701 1358 1733 Ecclesia
1371 1702 1432 1733 fuit
1442 1702 1565 1742 semper
1578 1711 1728 1734 venerata
1739 1724 1746 1732 .
1773 1701 1955 1734 Orientalis
1970 1700 2057 1733 insu·

1171 1750 1395 1794 perinscripfit
1416 1750 1513 1783 sacris
1523 1748 1724 1793 Dyptichis‚
1752 1750 1786 1783 &
1807 1750 1848 1782 ad
1862 1749 2057 1782 sacrificium

1169 1799 1365 1843 quotidiana
1385 1799 1580 1843 profeffione
1604 1798 1750 1833 laudavit
1773 1824 1779 1831 .
1808 1799 1931 1832 Similis
1956 1799 2058 1843 igitur

1173 1847 1377 1884 Antiocheni
1391 1849 1585 1884 Patriarchae
1606 1850 1741 1884 accessio
1763 1848 1861 1883 etiarn
1883 1849 2058 1883 Sardicen-

1171 1902 1236 1934 sem
1265 1900 1438 1943 Synodum
1459 1899 1566 1944 potuit
1588 1901 1692 1934 facere
1716 1899 1982 1934 OEcumenicarn.
2011 1897 2059 1930 Et

1170 1950 1258 1994 quod
1270 1960 1385 1984 omnes
1395 1949 1591 1984 orthodoxi
1615 1961 1670 1994 per
1685 1950 1782 1983 istum
1795 1948 2059 1983 patriarchatum

1170 2001 1329 2034 Primates
1355 2000 1507 2043 Episcopi
1530 2000 1629 2035 talem
1655 2000 1871 2035 acceffionem
1898 1998 2061 2037 fecerint,

1170 2051 1254 2084 lucet
1278 2061 1318 2084 ex
1340 2049 1453 2091 Actis,
1479 2062 1550 2094 quse
1572 2050 1682 2086 statim
1703 2050 1775 2094 post
1793 2049 1970 2094 synodum
1981 2059 2061 2083 cum

1168 2101 1287 2134 Sancto
1301 2098 1481 2134 Athanasio
1502 2099 1679 2135 celebravit
1691 2101 1860 2135 Maximus
1876 2100 2060 2143 Episcopus

1169 2148 1509 2191 Hierosolymitanus.
1539 2148 1698 2185 Attamen
1711 2151 1778 2194 ipsa
1790 2150 1848 2184 tali
1872 2149 2061 2184 medicami—

1169 2210 1209 2233 ne
1233 2210 1301 2233 non
1325 2198 1488 2243 indiguit:
1516 2199 1595 2234 Fuit
1621 2201 1745 2245 semper
1761 2211 1816 2244 per
1836 2201 1910 2234 suos
1922 2199 2061 2235 Natales
2115 2207 2121 2213 ¹*

1169 2250 1296 2293 integra
1310 2271 1320 2286 ‚
1345 2260 1384 2285 ac
1399 2249 1611 2283 OEcumenice
1633 2253 1707 2285 sana
1719 2274 1728 2283 .

1219 2298 1389 2332 Dominus
1413 2298 1713 2343 Archi-Episcopus
1737 2301 1833 2336 nobis
1852 2301 1994 2345 opponit
2005 2311 2061 2334 au-

1172 2346 1361 2382 thoritatem
1391 2347 1498 2382 Sancti
1511 2349 1711 2392 Epiphanii:
1738 2350 1886 2384 Photinus
1903 2358 1936 2384 in
1955 2351 2061 2384 Sardi·
2078 2346 2239 2383 'fimes-17·

1172 2397 1246 2439 censi
1266 2399 1431 2431 Occidentis
1452 2399 1716 2442 synododepofitus
1736 2400 1794 2442 est.
1824 2402 1867 2434 Et
1878 2400 1986 2437 Sanffl
1999 2401 2062 2435 Hi·
2077 2390 2154 2428 ²0²?-
2179 2398 2202 2418 ῖ-

1173 2447 1243 2481 larii
1256 2447 1465 2481 Pistavienfis
1478 2448 1632 2491 Episcopi
1655 2449 1890 2485 authoritatem
1915 2451 1950 2484 in
1971 2450 2061 2484 libro

1174 2496 1324 2531 adversus
1335 2496 1569 2540 Imperatorem
1580 2498 1816 2533 Constantium
1830 2513 1836 2532 ε
1865 2504 2004 2533 Damnat
2023 2502 2059 2534 (at

1172 2546 1349 2587 Substantiae
1357 2557 1461 2580 nomen
1472 2571 1484 2586 ,
1510 2558 1566 2589 quo
1577 2557 1607 2582 te
1634 2549 1669 2582 Θ
1680 2548 1846 2591 §ardicenfi
1861 2551 1970 2588 synodo
1984 2575 1994 2591 ,
2021 2552 2058 2584 ώ·

1173 2595 1324 2639 Sirmiensi
1336 2603 1423 2639 pium
1438 2597 1489 2639 esse
1501 2599 1740 2632 occidentalibus
1750 2599 1945 2634 mentiebaris
1957 2626 1964 2632 .
1994 2599 2056 2634 Af-

1172 2649 1280 2681 firmat
1302 2646 1523 2681 sardicensem
1542 2648 1717 2691 Synodum
1737 2648 1779 2683 ab
1801 2660 1939 2693 utroque
1958 2650 2056 2684 Patre

1173 2696 1325 2741 appellari
1346 2697 1620 2739 Occidentalem‚
1647 2699 1762 2742 utique
1784 2699 1927 2734 solorum
1948 2700 2054 2735 Occi—

1173 2746 1353 2782 dentalium
1366 2771 1377 2787 ,
1403 2746 1541 2790 ideoque
1554 2749 1664 2793 negari
1687 2751 1931 2785 OEcumenicam
1943 2775 1950 2781 .
1978 2751 2059 2784 Res·

1175 2795 1304 2842 pondeo
1315 2796 1379 2831 hoc
1387 2797 1495 2832 Sanffl
1506 2798 1627 2832 Hilarii
1637 2798 1826 2834 testimonio
1839 2800 2056 2843 pariformiter

1173 2846 1328 2882 concludi
1338 2847 1439 2882 etiam
1450 2849 1623 2883 Sirmiense
1635 2847 1827 2893 Concilium
1839 2851 1931 2885 fuisse
1955 2851 2055 2883 Occi-

1173 2897 1374 2938 dentalium,
1401 2898 1521 2942 dequo
1538 2900 1693 2933 tamenin
1717 2900 1834 2944 quinto
1848 2910 1962 2934 contra
1988 2900 2052 2933 Eu·

1174 2947 1340 2991 tychetem
1360 2948 1445 2982 libro
1457 2948 1565 2984 scribit
1578 2949 1724 2994 Vigilius
1735 2950 1905 2992 Tapsenfis
1918 2950 2052 2992 Episco-

1175 3009 1250 3042 pus:
1278 2999 1431 3032 Adversas
1436 2998 1614 3043 sacrilegam
1633 3004 1733 3041 impiae
1743 2999 1922 3041 professionis
1944 3005 2050 3032 unita-

1172 3058 1253 3089 tem,
1280 3060 1347 3091 quae
1363 3057 1419 3091 per
1442 3049 1556 3091 Hostum
1567 3074 1579 3090 ,
1604 3051 1757 3083 Valentem
1779 3074 1790 3090 ,
1815 3048 1987 3092 Ursacium,
2015 3051 2051 3083 <9⁶

1175 3102 1379 3138 Germim'um,
1404 3098 1576 3143 caeterosque
1578 3098 1683 3142 similis
1697 3104 1867 3141 pravitatis
1884 3102 1970 3141 apud
1987 3101 2008 3132 5
2010 3105 2048 3132 ir-

1173 3156 1263 3182 mium
1268 3148 1372 3190 fuerat
1382 3149 1546 3192 conscripta
1553 3174 1565 3191 ‚
1591 3149 1722 3191 univerfi
1728 3151 1894 3183 orientales
1909 3147 2049 3191 Episcopi

1173 3204 1375 3234 convenientes
1384 3223 1395 3240 ‚
1419 3201 1502 3233 alias
1513 3201 1664 3234 duodecim
1669 3198 1886 3242 ¹sententiarum
1905 3199 2050 3240 definitio·

1174 3261 1225 3284 nes
1235 3251 1413 3290 ediderunt,
1438 3261 1506 3292 quae
1525 3254 1652 3284 Nicaeno
1676 3251 1805 3284 Concilio
1826 3262 1882 3284 non
1900 3255 2049 3283 continen-

1173 3308 1236 3334 tur.
1270 3300 1428 3336 Etinfra:
1455 3301 1542 3334 Illius
1555 3299 1701 3335 Catholici
1712 3302 1857 3342 concilii,
1882 3301 1970 3342 apud
1987 3302 2048 3332 Sir-

1147 3362 1153 3415 1
1172 3356 1262 3384 mium
1273 3360 1373 3385 contra
1387 3349 1545 3383 Photinum
1556 3362 1592 3384 ex
1605 3360 1665 3384 toto
1676 3355 1796 3386 Oriente
1806 3354 2053 3394 congregataquie·

238 3401 333 3429 mana
346 3416 358 3434 ‚
384 3393 488 3429 immo
499 3396 608 3430 omnis
618 3396 811 3436 Orthodoxa
825 3401 883 3435 sub
899 3401 982 3438 coelo
1005 3399 1112 3435 Eccle-
1147 3417 1152 3449 g
1165 3398 1289 3444 sufficiat
1308 3402 1480 3444 multiplices
1497 3400 1569 3444 fidet
1588 3400 1758 3445 sancitam-s
1784 3401 2023 3444 comprehendere
2037 3420 2051 3438 ‚

304 3472 306 3475 ,
447 3475 449 3477 .
1146 3464 1153 3479 ι

1932 3457 1998 3491 quae

2256 2264 2279 2301 ‘a
