2326 3718
671 104 951 153 Romanis
983 93 1570 166 Aeenuarrounus.

207 195 334 229 merent
342 187 462 226 avitam
473 189 535 225 suae
544 185 653 234 gentis
668 187 941 225 consuetudinem
953 210 967 228 ,
989 188 1081 223 suam

207 242 375 278 audaciam
395 237 565 284 palliarent
586 238 784 276 authoritate
799 237 1010 275 Nicaenorurn
1021 238 1082 274 Ca-

207 301 336 329 nonum
357 313 369 331 ,
393 290 492 335 atque
513 291 557 326 ita
579 288 877 326 circumscriberent
907 289 1083 326 Romanos

207 340 404 378 Pontifices.
431 340 591 377 Attamen
613 342 732 378 canon
753 351 823 375 non
845 340 996 384 expreffit
1009 340 1084 375 Ro·-

205 401 338 429 rnanam
359 391 548 428 Ecclesiam.
577 394 635 428 Ex'
651 391 829 426 reverentia
853 417 861 424 .
889 390 991 425 Dixit
1013 403 1021 423 :
1047 393 1085 423 In

205 443 276 476 aliis
302 444 491 483 Provinciis,
517 444 571 479 vel
589 439 810 485 Transmarinis
830 440 992 485 partibus.
1021 440 1085 474 Per

204 492 457 528 Transmarinas
467 493 578 528 Partes
586 491 727 528 omnino
735 492 899 529 intellexit
909 490 1086 526 Ecclefiam

204 541 396 578 Romanam
410 569 418 576 .
447 544 581 578 Etenim
603 541 643 578 ad
663 543 761 578 aliam
784 543 868 577 ultra
879 551 966 577 mare
976 539 1086 575 Eccle-

204 593 285 626 fiam
296 604 365 627 non
390 603 516 638 poterat
528 593 571 627 ab
583 592 673 628 Afris
684 593 837 637 appellari
846 618 854 626 .
885 593 955 627 Cur
965 590 1086 626 Canon

203 641 369 679 addiderit
381 667 392 684 ,
419 647 456 676 ln
478 645 547 676 aliis
562 647 732 678 Provinciis
746 667 757 684 ‚
783 644 842 678 suo
852 642 929 677 loco
944 651 1088 686 expone·

204 702 277 727 tur.

256 742 351 778 Alter
370 741 492 778 Canon
519 744 563 778 est
590 742 647 779 hic
670 756 679 777 ι
705 744 822 777 Placuit
841 751 876 776 ut
897 739 1088 780 Presbyteri,

204 797 353 833 Draconi,
378 794 432 827 vel
448 800 547 828 caeteri
566 794 720 837 inferiores
731 794 838 829 Clerici
848 799 881 826 in
885 790 952 836 suis
977 789 1066 832 causss
1078 813 1089 830 ,

201 853 280 886 quas
307 843 486 883 habuerint,
506 842 533 885 fi
547 844 585 878 de
600 845 728 887 judiciis
752 841 961 886 Episcoporum
974 838 1090 884 suorum

201 893 437 936 queffifuerint‚
463 899 557 928 vicini
567 893 761 937 Episcopieos
786 895 938 930 audiant,
967 892 1090 924 &inter

203 954 271 985 eos,
298 945 450 988 quidquid
468 944 528 984 est,
550 944 685 985 finiant,
709 942 841 975 adhibiti
864 941 955 974 abeis
966 951 1006 975 ex
1025 950 1090 972 con-

200 991 289 1037 sensu
315 992 524 1036 Epissoporum
531 991 650 1035 suorum
662 1016 670 1024 .
696 992 791 1037 ,Quod
803 990 873 1033 fi&
881 990 921 1023 ab
932 995 974 1023 eis
981 997 1090 1031 provo-

165 1040 169 1044 ’
204 1044 333 1077 candum
350 1048 552 1083 putaverint,
579 1053 637 1075 non
642 1048 824 1083 provocent,
848 1040 957 1081 nifiad
974 1039 1094 1082 Africa·

202 1102 247 1127 na
255 1092 388 1124 Concilia
398 1114 410 1130 ,
435 1092 489 1124 vel
497 1091 542 1124 ad
549 1093 701 1124 Primates
713 1093 941 1124 Provinciarum
950 1088 1073 1132 suarum
1081 1114 1089 1122 .

201 1141 254 1173 Ad
276 1138 496 1183 Transmarina
518 1150 617 1174 autem
626 1147 677 1184 qui
685 1146 845 1182 putaverit
855 1140 1070 1183 appellandum
1080 1162 1092 1179 ‚

201 1191 225 1223 ci
243 1190 323 1224 nullo
344 1196 428 1223 intra
449 1190 583 1232 Africam
600 1197 632 1224 in
653 1196 879 1225 communionem
894 1188 1072 1233 suscipiatur
1085 1213 1093 1220 ·

201 1238 369 1275 Africanae
382 1240 532 1274 Ecclefiae
553 1240 671 1275 Codex
682 1241 858 1275 Canonem
881 1251 951 1274 non
965 1238 1093 1274 modice

201 1290 332 1324 variat:
360 1291 478 1324 Placuit
498 1300 534 1324 ut
554 1290 718 1329 Presbyteri
737 1313 749 1329 ‚
774 1293 899 1324 Diaconi
920 1290 974 1324 vel
992 1294 1093 1324 caeteri

201 1339 359 1383 inferiores
382 1340 491 1373 Clerici
513 1346 546 1373 in
563 1340 656 1382 caufis
669 1364 681 1381 ‚
707 1352 784 1383 quas
809 1340 990 1381 habuerint,
1009 1338 1040 1381 fi
1056 1341 1094 1373 de

196 1391 325 1433 §adicias
345 1388 553 1433 Episcoporum
566 1388 688 1433 suorum
710 1389 801 1433 questi
818 1390 940 1432 fuerint
961 1413 972 1430 ,
998 1394 1094 1423 vicini

202 1438 345 1483 Episcopi
368 1451 490 1474 eoscum
511 1439 645 1484 consensu
661 1438 712 1484 sui
722 1439 864 1484 Episcopi
884 1441 1036 1481 audiant,
1060 1442 1095 1474 Θ

200 1495 285 1525 inter
304 1501 352 1525 eos
375 1489 520 1532 definiant
530 1490 659 1523 adhibiti
672 1491 712 1524 ab
734 1496 776 1524 eis
791 1489 930 1533 Episcopi
940 1516 947 1523 .
975 1489 1100 1534 ,Quodsi

201 1543 239 1575 (5
248 1539 289 1574 ab
295 1542 567 1583 eisprovocandum
573 1546 753 1583 putaverint
766 1566 776 1580 ,
803 1551 861 1573 non
881 1549 1041 1582 provocent
1053 1541 1098 1573 ad

202 1589 422 1634 Transmata‘na
429 1593 460 1635 J
462 1592 559 1625 udicia
569 1615 580 1632 ‚
603 1589 660 1634 sed
668 1593 714 1624 ad
723 1594 876 1625 Pritnates
885 1589 1010 1634 suarum
1024 1593 1096 1623 Pro-

201 1645 394 1679 vinciarum,
416 1650 470 1674 aut
479 1642 522 1673 ad
531 1641 702 1683 universale
722 1642 906 1680 Concilium,
933 1642 967 1674 &¹
975 1640 1047 1682 ficut
1060 1642 1097 1673 de

201 1688 452 1734 Episcopissaepi
470 1689 652 1731 constitutum
668 1689 722 1730 est.
751 1692 801 1723 Ad
808 1688 1025 1732 Transmarina
1045 1702 1097 1723 au-

200 1748 262 1774 tem
281 1746 334 1783 qui
338 1746 499 1782 putaverit
520 1742 734 1782 appellandum
745 1743 766 1773 a
778 1741 854 1774 nullo
866 1746 951 1773 intra
964 1740 1096 1783 Africam

200 1795 237 1824 in
263 1797 491 1824 communionem
506 1789 685 1835 suscipiatur
713 1814 721 1823 .
746 1791 826 1824 Duo
849 1791 924 1825 sunt
944 1791 1096 1835 capitalia

201 1840 409 1875 discrimina.
435 1840 586 1875 Primum
611 1841 656 1875 est
671 1865 681 1882 ‚
705 1841 795 1885 quod
818 1840 898 1875 alter
920 1850 1030 1875 textus
1054 1841 1096 1875 ad

201 1890 311 1930 solum
332 1891 512 1925 Primatem
533 1901 588 1925 aut
607 1891 674 1934 ejus
686 1890 880 1934 Synodum,
906 1891 987 1924 alter
1007 1890 1095 1924 darn·

201 1950 300 1976 natos
310 1940 410 1976 etiam
424 1941 458 1975 in
469 1940 609 1976 secunda
623 1937 779 1976 instantia
790 1939 938 1974 Clericos
958 1940 1097 1984 appella-

199 2000 235 2025 re
247 1991 405 2035 permittit
425 1992 467 2028 ad
486 1991 672 2035 plenarium
685 1991 819 2035 quoque
840 1991 1035 2025 Concilium
1048 2000 1097 2024 to-

201 2040 268 2075 tius
281 2041 463 2075 Dioecefios
476 2065 484 2072 .
510 2041 656 2074 Forsitan
668 2039 859 2074 alternative
874 2054 886 2074 .-
913 2040 965 2074 vel
976 2040 1017 2074 ad
1030 2039 1097 2075 Pri·

201 2098 327 2124 matem
340 2100 396 2123 aut
407 2090 476 2132 ejus
488 2089 661 2131 Synodum
673 2112 685 2129 ‚
711 2089 764 2122 vel
777 2088 818 2123 ad
831 2087 1005 2131 Synodum
1027 2088 1099 2123 uni·

202 2138 374 2173 versalem.
401 2137 534 2173 Etenim
555 2137 579 2171 fi
599 2137 788 2182 copulative
811 2136 973 2181 accipias,
1001 2137 1099 2172 debe-

202 2187 255 2222 bis
276 2188 386 2223 eidem
406 2188 528 2222 astioni
550 2189 737 2232 permittere
749 2196 890 2232 quatuor
906 2187 1094 2223 instantias.

200 2236 392 2272 Secundum
413 2239 589 2271 discrimen
609 2238 655 2272 est
668 2262 680 2279 ,
706 2238 798 2281 quod
821 2236 979 2281 posterior
998 2238 1097 2272 lestio

201 2286 360 2332 adjungat
379 2285 496 2321 eodem
528 2285 655 2326 modo,
680 2287 716 2321 &
737 2284 872 2330 quidem
909 2287 1097 2329 frequenter

202 2337 299 2371 fuiffe
319 2337 537 2371 constitutum
560 2336 602 2369 de
628 2336 812 2380 Episcopis.
845 2336 975 2380 Nempe
997 2337 1095 2372 etiam

201 2387 275 2430 ipfis
287 2386 478 2421 Romanam
488 2386 742 2429 appellationem
755 2386 847 2420 fuifle
871 2386 1074 2422 interdictam
1086 2413 1093 2421 .

202 2435 363 2480 Utroque
375 2436 478 2470 modo
500 2436 674 2470 Canonem
685 2436 770 2479 apud
789 2436 953 2470 eruditum
970 2436 1094 2472 Lucam

201 2484 407 2522 Dacherium
429 2486 464 2519 in
486 2485 664 2520 undecimo
686 2485 854 2530 spicilegii
877 2485 996 2521 Torno
1018 2487 1096 2532 legit

202 2538 340 2581 antiqua
351 2535 515 2571 Collectio
528 2536 707 2570 Canonum
719 2536 996 2579 poenitentialium
1010 2563 1019 2570 .
1031 2538 1098 2572 Ne·

198 2599 268 2630 que
281 2588 420 2621 mirum:
449 2587 538 2621 Nam
551 2586 663 2630 &ipse
674 2585 850 2622 Africanus
861 2586 979 2622 Codex
996 2585 1095 2623 habet

200 2647 374 2681 utramque
401 2637 573 2672 leffionem
585 2661 594 2669 .

253 2688 418 2732 Praecipua
430 2685 606 2721 difficultas
615 2687 662 2721 est
674 2686 717 2722 de
729 2685 793 2721 boc
804 2686 955 2722 Canonis
969 2687 1094 2722 addita-

204 2749 339 2774 mento:
366 2740 445 2772 sicut
467 2740 501 2772 ὕ]
519 2738 556 2771 de
579 2735 825 2781 Episcopissaepe'
835 2737 1017 2779 constitutum
1033 2738 1072 2779 est
1084 2764 1092 2771 .

202 2789 259 2824 De
274 2789 344 2833 ipso
356 2787 466 2821 scribit
481 2788 514 2821 in
526 2787 665 2832 septimo
676 2786 761 2821 libro
772 2787 887 2823 Petrus
896 2787 938 2822 de
956 2788 1071 2824 Marca
1084 2802 1092 2822 ε

202 2840 425 2882 Digladiantur
450 2837 498 2871 bic
509 2839 668 2880 scriptores
678 2863 686 2871 .
714 2839 894 2872 Cardinales
909 2844 989 2872 enim
1000 2841 1094 2872 Baro-

204 2892 276 2920 nius
294 2890 331 2922 Θ
352 2891 509 2923 Petronius
529 2890 710 2923 contendunt
723 2899 789 2923 eam
798 2887 962 2933 clausulam
979 2890 1031 2932 effe
1044 2890 1091 2924 de-

205 2938 326 2971 lendam
343 2937 479 2979 pluribus
499 2944 705 2983 argumentis.
734 2942 872 2973 Primum
897 2945 977 2973 enim
1003 2940 1090 2980 ajunt

205 2998 272 3019 eam
292 2997 351 3019 non
368 2987 482 3027 exstare
503 2995 535 3021 in
554 2989 728 3023 canonibus
752 2991 879 3024 concilii
897 2990 1089 3023 Milevitani.

203 3041 317 3075 Verum
335 3037 371 3069 id
388 3039 524 3079 quidem.
555 3041 668 3073 Addita
690 3045 776 3073 enim
792 3042 829 3075 de
847 3039 992 3080 industria
1003 3039 1092 3082 suit,

205 3098 265 3130 quo
269 3086 402 3129 primum
412 3095 539 3129 tempore
551 3090 698 3123 adornata
708 3089 747 3131 est
767 3090 830 3125 haec
849 3090 1002 3124 collectio.
1031 3095 1093 3123 Ita-

206 3147 263 3180 que
269 3135 399 3181 spellari
410 3137 496 3170 debet
506 3137 551 3172 hic
560 3142 666 3172 Canon
675 3147 830 3183 tamquam
841 3138 996 3185 vigefimus
1016 3141 1092 3174 oda-

206 3198 266 3222 vus
286 3186 369 3228 istius
393 3187 577 3221 collectionis
589 3213 601 3230 ‚
625 3200 683 3222 non
702 3200 802 3224 autem
820 3192 980 3234 tamquam
992 3190 1093 3235 vigesi-

207 3247 276 3270 mus·
291 3235 441 3280 secundus
468 3238 591 3271 concilii
611 3238 804 3274 Milevitani.
832 3243 950 3276 Deinde*
959 3242 1050 3283 ajunt
1060 3252 1093 3275 eo

206 3292 358 3330 imprimis
377 3295 547 3330 argumento
567 3290 668 3322 evinci
686 3289 841 3324 delendam
857 3292 908 3335 effe
919 3291 996 3325 banc
1010 3292 1090 3325 ‘clau-

203 3336 321 3381 sulam,
349 3339 427 3380 quod
441 3338 601 3381 probibitio
623 3339 677 3372 illa
697 3338 834 3382 nuspiam
846 3341 936 3382 exstet
947 3347 980 3374 in
990 3345 1090 3375 conci-

1866 124 1962 169 251

1145 184 1250 221 1eaor.
1277 188 1396 221 Gravis
1411 185 1489 231 sane
1510 189 1673 234 «censano,
1692 191 1875 236 fiexstaerent
1892 200 2032 236 canones

1147 241 1277 271 omnium
1288 238 1481 273 conciliorum
1490 239 1601 281 Africae
1610 265 1623 282 ‚
1646 254 1696 278 nec
1714 247 1881 288 quidquam
1895 245 1989 289 fietile
1998 253 2033 283 in

1146 294 1189 322 eis
1201 293 1380 331 reperiretur
1390 316 1401 323 .
1424 291 1533 324 Verum
1543 300 1673 324 careonis
1683 296 1785 329 multis
1795 297 1938 330 conciliis
1950 298 2033 339 Afri-

1147 343 1232 375 canis
1242 362 1254 380 ‚
1279 339 1387 381 quibus
1392 337 1423 381 fi
1428 349 1571 375 extarent
1581 365 1592 382 ‚
1617 343 1712 383 major
1722 344 1860 379 habenda
1868 348 1945 392 fides
1955 348 2035 392 effer,

1147 390 1239 432 quim
1262 395 1302 422 iis
1323 394 1374 432 qui
1392 401 1492 425 eorum
1515 389 1671 434 scriptioni
1694 396 1918 431 contradicunt.
1945 403 2036 432 Nam

1145 441 1291 482 praterea
1304 441 1466 476 Concilium
1477 440 1653 483 africanum
1663 447 1739 476 anni
1760 446 2037 490 quadringentefhni

1149 491 1255 524 decimi
1275 490 1374 525 oeavi
1395 492 1501 534 apert?
1516 497 1730 534 pronunciavit
1750 503 1811 527 non
1824 496 1994 530 toleraturos
2001 495 2037 540 se

1150 540 1363 582 appellationes
1375 543 1527 575 adsedem
1541 542 1748 586 apostolicam,
1769 542 1799 585 fi
1813 544 1969 584 constiterit
1981 550 2038 586 Jus-

1150 589 1228 623 illud
1247 591 1319 624 Sedi
1340 593 1482 627 Romanae
1491 592 1634 627 tributum
1645 592 1792 637 nonfuiffe
1803 595 1824 626 ei
1847 595 1955 633 synodo
1973 600 2039 628 Ni-

1151 650 1235 672 caena
1249 665 1256 672 .
1286 640 1451 675 ProbibItio
1474 651 1574 676 autem
1585 645 1639 678 illa
1650 645 1798 678 antecedit
1806 652 1940 687 tempora
1952 646 2042 678 Colle-

1151 689 1255 722 Hionis
1282 695 1438 725 canonum
1457 691 1691 734 Africanorum,
1717 699 1858 737 quamvis
1878 695 2043 729 Concilium

1153 739 1365 774 Milevitanum
1378 764 1388 781 ‚
1414 746 1447 775 in
1455 753 1512 785 quo
1520 744 1631 777 addita
1642 743 1681 784 est
1689 743 1754 781 haec
1765 742 1896 787 clausula
1907 769 1918 785 ,
1939 743 1979 785 fit
1989 756 2045 779 an-

1153 795 1267 831 tiquius
1286 792 1340 824 illa
1356 791 1553 834 prohibitione
1565 817 1572 825 .
1598 793 1718 834 Constat
1731 797 1797 838 ergo
1807 800 1841 826 in
1851 806 1887 828 ea
1895 792 2044 838 sententia

1154 838 1242 881 Afros
1257 839 1367 885 fuisse,
1391 851 1424 875 ut
1445 842 1648 884 existimarent
1672 844 1717 876 ad
1736 845 1838 878 sedem
1854 843 2045 887 apostolicam

1152 890 1296 931 appellari
1305 892 1443 936 nonpeffe
1463 894 1483 926 ἃ
1489 893 1644 935 judicibus
1654 891 1753 927 cledis
1765 916 1778 934 ‚
1803 904 1897 936 neque
1922 896 2045 928 etiamsi

1155 940 1283 974 Concilio
1301 940 1466 986 universali
1487 944 1617 986 Africae.
1643 940 1823 978 Audienda
1844 944 1921 977 sunt
1942 944 2046 979 etiam

1158 989 1320 1031 superiora
1330 991 1418 1026 illius
1431 993 1526 1027 verba
1540 1018 1548 1026 .
1576 992 1703 1038 ,Quodfi
1709 999 1778 1036 quis
1789 1002 1910 1036 quaerat
1922 1017 1934 1033 ,
1945 994 2046 1027 utrum

1154 1038 1175 1070 ἃ
1191 1036 1344 1081 sententia
1359 1044 1391 1086 J
1394 1042 1512 1075 udicum
1533 1044 1690 1077 eleHorum
1704 1050 1867 1085 provocare
1888 1045 1987 1078 liceret
2003 1043 2049 1077 ad

1150 1085 1300 1131 summum
1322 1089 1520 1134 Pontificem,
1545 1091 1612 1126 huic
1635 1091 1792 1135 respondeo
1812 1091 1972 1137 nonsolum
1981 1102 2050 1126 cau·

1154 1135 1206 1180 sas
1230 1138 1488 1181 Presbyterorum,
1509 1140 1568 1184 sed
1584 1147 1675 1175 etiam
1700 1141 1914 1184 Episcoporum
1945 1144 1992 1176 ita
2011 1148 2047 1177 in

1161 1189 1328 1223 Provinciis
1336 1188 1492 1232 finiendas
1498 1189 1586 1234 suiffe
1594 1214 1605 1230 ‚
1630 1199 1665 1224 ut
1673 1192 1822 1232 appellari
1833 1193 1878 1224 ad
1886 1191 2050 1235 Transma-

1156 1239 1358 1281 rinaJudicia
1367 1240 1480 1273 licitum
1487 1251 1546 1274 non
1567 1239 1620 1284 effe
1639 1239 1842 1280 existimarent
1854 1239 1922 1281 Afri
1933 1266 1940 1275 .
1968 1245 2050 1277 Hinc

1149 1286 1291 1329 fadum,
1318 1297 1352 1322 ut
1372 1299 1436 1322 cum
1457 1289 1501 1321 illi
1515 1299 1643 1323 mentem
1650 1288 1737 1333 suam
1745 1290 1881 1333 apertius
1902 1291 2054 1332 explicare

1158 1339 1291 1379 vellent,
1317 1340 1451 1371 nondum
1470 1343 1548 1371 enim
1563 1338 1644 1383 satis
1669 1341 1853 1382 explicatam
1863 1339 2007 1374 rebantur
2018 1346 2054 1374 in

1158 1386 1277 1430 epistola
1297 1390 1421 1422 Concilit
1432 1388 1571 1430 Africani
1582 1390 1627 1422 ad
1634 1389 1822 1429 caelestinum
1835 1414 1846 1430 ,
1870 1389 2054 1431 tametfinon

1158 1438 1320 1472 admodum
1342 1437 1460 1482 obscur?
1478 1436 1651 1484 scripfiffint
1669 1463 1680 1481 ,
1704 1450 1770 1473 cum
1782 1445 1937 1473 canonum
1947 1437 2055 1474 borum

1158 1488 1365 1522 Collec‘lionem
1376 1491 1571 1531 adornarent,
1586 1488 1750 1533 clausulam
1763 1490 1948 1524 addiderunt
1956 1493 2057 1523 Cano-

1160 1542 1192 1571 m'
1217 1538 1351 1582 vigefimo
1371 1537 1498 1584 secundo
1515 1540 1825 1574 ConciliiMilevitani
1838 1563 1849 1580 ,
1875 1551 1945 1583 quae
1965 1545 2054 1575 vetat

1160 1598 1197 1621 ne
1227 1589 1271 1621 ad
1290 1587 1507 1632 Transmarina
1511 1594 1542 1635 J
1546 1591 1645 1624 udicia
1654 1591 1809 1632 appellent
1819 1588 1979 1633 Episcopi,
2005 1600 2056 1623 ne-

1159 1640 1217 1680 que
1240 1643 1333 1672 etiam
1356 1639 1543 1678 Presbyteri:
1571 1640 1661 1675 Sicut
1685 1641 1718 1674 ὅ(
1742 1639 1784 1674 de
1799 1640 1968 1684 Episcopis
1979 1638 2055 1682 saepe

1161 1689 1382 1722 constitutum
1394 1690 1439 1722 est
1454 1713 1461 1721 .
1488 1694 1527 1722 Ut
1538 1695 1637 1732 inquit
1645 1693 1752 1723 Canon
1763 1689 1915 1733 vigesimus
1927 1689 2055 1724 oc‘laviu·

1160 1735 1293 1781 ejusdem
1304 1739 1489 1772 collectionis
1500 1764 1508 1771 .

1214 1787 1389 1828 Errorem,
1415 1801 1484 1832 quo
1510 1789 1649 1824 affirmat
1675 1788 1847 1825 Romanas
1867 1788 2057 1833 appellatio·

1162 1849 1219 1872 nes
1248 1839 1406 1873 Afrorum
1428 1840 1527 1873 etiarn
1540 1838 1711 1884 Episcopis
1723 1850 1895 1883 nunquam
1906 1839 2031 1873 licuiffe
2042 1862 2056 1879 ,

1163 1888 1244 1921 nolo
1258 1887 1312 1921 hic
1323 1899 1558 1924 rememorare.
1586 1889 1642 1923 Est
1655 1890 1691 1924 in
1713 1890 1931 1933 superioribus
1952 1888 2057 1924 abun-

1161 1937 1203 1971 de
1216 1938 1345 1971 eversus
1359 1963 1366 1970 .
1394 1936 1521 1972 Eadem
1535 1939 1580 1973 est
1592 1940 1677 1973 ratio
1688 1940 1818 1979 erroris,
1827 1950 1895 1984 quo
1908 1938 2057 1974 infelices

1162 1987 1203 2021 ad
1229 1987 1444 2024 Caelestinum
1467 1987 1672 2023 Pontificem
1705 1990 1828 2025 litteras
1850 2013 1862 2030 ,
1887 1989 2018 2032 scriptas
2035 1987 2056 2022 a.

1162 2037 1273 2079 paucis
1294 2037 1492 2081 Epffcopis,
1521 2039 1664 2082 applicat
1686 2040 1750 2075 toti
1766 2040 1931 2075 Africanae
1943 2039 2058 2074 Eccle-

1161 2086 1209 2119 fiae
1220 2110 1228 2119 .
1257 2085 1314 2119 An
1327 2087 1405 2120 vero
1418 2088 1571 2121 Africani
1584 2088 1740 2132 Episcopi
1762 2089 1929 2131 potuerint
1941 2089 1983 2122 ab
1993 2089 2055 2123 ele·

1160 2134 1219 2169 stis
1231 2134 1399 2177 Judicibus
1408 2135 1451 2170 ad
1462 2136 1656 2172 Romanum
1671 2138 1831 2182 appellare
1841 2136 2054 2179 Pontificem,

1160 2184 1205 2219 est
1227 2184 1306 2219 alibi
1334 2185 1578 2222 discutiendum
1602 2212 1610 2220 .
1637 2188 1782 2232 Oportet
1809 2185 1864 2223 hic
1891 2187 2054 2223 discutere

1160 2245 1282 2269 errores
1292 2235 1395 2269 alios.
1423 2235 1554 2271 Primus
1576 2237 1621 2271 est
1635 2260 1646 2276 ‚
1671 2238 1760 2282 quod
1774 2237 1824 2272 isti
1845 2238 1900 2281 ipsi
1917 2239 2052 2282 Episco-

1183 2284 1194 2317 i
1213 2308 1227 2325 ,
1252 2283 1365 2319 eadem
1387 2286 1448 2320 ista
1468 2287 1623 2329 synodus
1648 2312 1659 2328 ,
1685 2300 1757 2332 quae
1793 2287 1941 2324 infelices
1973 2289 2052 2322 istas

1159 2334 1282 2369 litteras
1315 2335 1435 2378 scripfit
1460 2357 1471 2375 ,
1495 2338 1596 2372 etiam
1626 2338 1823 2372 conflaverit
1855 2338 2054 2374 Africanum

1159 2383 1322 2419 Codicem
1333 2408 1342 2416 .
1352 2384 1522 2420 Dominus
1536 2385 1835 2431 Archi-Episcopus
1847 2386 1927 2422 reste
1940 2388 2024 2422 vidit
2037 2412 2052 2428 ,

1158 2433 1306 2477 recteque
1331 2435 1504 2478 profitetur
1535 2438 1571 2471 ὅ(
1595 2437 1758 2470 Codicem
1785 2439 1819 2471 ἀ
1843 2438 1967 2472 litteras
1985 2438 2050 2472 ess'e

1157 2483 1300 2527 ejusdem
1323 2485 1480 2528 temporis
1500 2496 1539 2523 ac
1560 2485 1705 2528 ejusdem
1725 2486 1850 2528 spiritus
1869 2511 1880 2526 ‚
1907 2485 2050 2531 ideoque

1158 2533 1348 2578 &ejusdem
1363 2558 1375 2574 ‚
1400 2534 1435 2569 id
1456 2536 1500 2569 est
1514 2559 1525 2575 ,
1555 2536 1677 2569 nullius
1698 2533 1922 2570 authoritatis.
1949 2536 2049 2571 Atta·

1156 2596 1232 2619 men
1245 2594 1327 2618 errat
1340 2585 1504 2619 Codicem
1518 2586 1581 2620 effe
1593 2586 1759 2630 Synodale
1769 2596 1868 2629 opus.
1885 2586 1940 2620 Est
1954 2587 2046 2620 enim

1137 2611 1346 2679 ipersona1e.
1374 2634 1443 2670 Uti
1458 2636 1656 2681 Fulgentius
1679 2636 1881 2675 Ferrarius,
1911 2635 2048 2670 Cartha-

1156 2685 1300 2730 ginenfis
1310 2684 1456 2718 Ecclefiae
1469 2685 1773 2726 Archi-Diaconus‚
1799 2687 1834 2721 <Sc
1859 2686 1969 2721 nescio
1991 2698 2046 2721 cu-

1155 2736 1204 2779 jus
1221 2736 1256 2769 in
1270 2736 1382 2770 Africa
1397 2733 1487 2770 Sedis
1510 2736 1656 2771 Antistes
1680 2738 1876 2771 Crescon·us
1897 2736 2044 2774 fecerunt

1156 2787 1227 2820 suas
1240 2786 1523 2832 quorumcumque
1536 2787 1713 2821 Canonum
1727 2786 1966 2827 ColleEiiones‚
1996 2787 2043 2821 ita

1156 2837 1268 2870 nescio
1285 2836 1359 2880 quis
1380 2836 1486 2877 alius,
1513 2848 1569 2871 aut
1594 2837 1650 2881 qui
1675 2837 1730 2872 alii
1751 2838 1938 2871 conflarunt
1960 2837 2042 2870 duas

1155 2886 1377 2922 Colleffiones
1398 2887 1543 2921 solorum
1577 2887 1811 2921 Africanorum
1834 2888 2013 2922 Canonum
2027 2911 2038 2927 ‚

1154 2947 1291 2980 quarum
1317 2936 1417 2970 altera
1440 2938 1551 2980 paffim
1572 2937 1690 2972 dicitur
1712 2936 1889 2972 Africanus
1901 2936 2041 2979 Codex,

1153 2988 1254 3021 altera
1266 2997 1334 3020 non
1362 2986 1459 3021 habet
1480 2987 1675 3032 singularem
1688 2987 1839 3021 titulum.
1866 2986 1969 3034 Qod
1984 2996 2040 3029 po·-

1154 3036 1293 3071 sterioris
1306 3037 1520 3072 Collefflonis
1541 3036 1661 3072 author
1683 3037 1721 3070 fit
1744 3038 1866 3080 privata
1878 3037 2038 3080 persona,

1153 3087 1239 3122 lucet
1249 3098 1291 3121 ex
1311 3086 1379 3129 ejus
1390 3086 1623 3122 subnotatione
1644 3086 1684 3121 ad
1700 3088 1872 3123 Canonem
1886 3087 2040 3130 sexagesi-

1154 3149 1267 3171 mum:
1295 3139 1392 3177 Hujus
1403 3138 1526 3171 concilii
1539 3136 1625 3178 Gesta
1645 3139 1709 3171 ideo
1736 3150 1794 3171 non
1814 3150 1853 3171 ex
1864 3143 1978 3180 integro
1989 3139 2038 3169 de·

1149 3185 1269 3231 scripsi,
1294 3190 1431 3230 quoniam
1452 3193 1550 3232 magis
1561 3198 1617 3229 ea,
1643 3200 1712 3231 quae
1724 3195 1758 3221 in
1778 3196 1907 3229 tempore
1919 3188 2037 3230 ncctffa·

1153 3245 1200 3272 ria
1205 3238 1332 3279 fuerunt
1341 3262 1352 3278 ‚
1377 3249 1469 3280 quam
1481 3240 1584 3280 aliqua
1599 3240 1753 3282 generalia
1766 3238 1931 3278 constituta
1939 3236 2034 3280 sunt;

1149 3286 1207 3331 sed
1231 3290 1275 3322 ad
1293 3287 1509 3328 instructionem
1532 3287 1729 3331 Studiosorum
1754 3287 1884 3331 ejusdem
1908 3287 2034 3320 Concilii

1153 3340 1284 3373 Brevem
1296 3340 1389 3383 digeffl
1400 3364 1407 3372 .
1434 3338 1547 3372 Palam
1560 3340 1728 3382 profitetur
1749 3340 1780 3373 se
1793 3351 1860 3372 non
1873 3337 1912 3371 ad
1932 3337 2034 3371 totius

206 3388 260 3420 liis
272 3388 422 3430 Africanis
435 3412 446 3430 ,
472 3390 552 3432 quod
558 3399 660 3424 tamen
672 3397 706 3423 ut
717 3401 779 3424 rem
789 3400 899 3426 certam
911 3392 1007 3425 tradit
1026 3392 1090 3425 Col·
1153 3391 1262 3435 gentis
1284 3390 1491 3426 eanonicam
1516 3389 1724 3434 disciplinam
1747 3390 1779 3424 ὃς
1799 3386 2032 3432 obligatoriam

1902 3435 1987 3468 dire·
