2326 3718
786 154 1028 215 Renum,
1063 172 1130 203 ιτ
1164 156 1530 205 VERBOROM.

234 244 426 297 Appellatio
437 244 590 280 Romana
601 243 789 281 Feliciffimi
801 267 813 284 ,
834 253 932 288 atque
943 242 1113 292 vincentii

284 299 513 333 Diaconorum
535 295 683 330 Ecclesiae
706 294 934 339 Lamingensis
955 320 963 327 .
992 291 1071 331 288.
1096 306 1115 327 1.

281 347 365 383 Item
386 347 422 381 in
439 347 536 381 causa
556 344 746 381 Constantii
767 344 800 378 δε
822 344 968 380 Mustelli
991 341 1068 381 288.
1082 354 1113 378 2.

283 397 395 432 Etiam
412 398 447 431 in
465 397 568 440 prima
580 395 731 430 instantia
744 419 752 426 .
783 394 859 428 1b1d.
871 394 954 429 Item
977 394 1012 428 in
1023 394 1118 429 causa

282 447 443 493 Regenfis
454 445 597 481 civitatis
612 444 784 489 Episcopi.
1045 444 1117 477 ibid.

233 496 426 544 Appellatio
436 496 590 531 Romana
614 495 707 530 solita
720 495 787 529 fieri
805 505 872 530 non
892 494 1000 530 solum
1012 494 1120 529 adver-

280 547 335 583 sus
350 548 470 589 latam;
497 546 661 581 sedetiam
684 543 835 580 adversus
860 543 1122 587 ferendamasy·

282 597 381 634 nodis
396 596 590 632 sententiam
603 620 611 629 .
1010 593 1123 642 136.1.

233 646 428 694 Appellatio
438 647 544 680 Sancti
556 642 705 681 Flaviani
717 645 865 681 adversus
875 644 1062 689 generalem
1072 655 1123 679 to-

282 698 350 734 tius
370 695 521 731 Ecclesiae
541 695 734 740 Synodum,
760 695 806 729 est
830 695 968 730 sublime
994 705 1032 729 ac
1054 695 1122 729 exi-

281 747 389 784 mium
426 746 589 782 Romanae
634 745 863 791 appellationis
909 745 1118 789 exemplum.

307 806 364 834 01-
383 808 416 835 2.

232 806 454 893 Aqiiilejenfis
472 846 603 892 Synodi
613 846 747 892 epistola
762 857 817 890 per
825 844 1123 881 SanctumAmbro-

285 897 368 932 fium
384 898 502 942 scripta
517 922 524 930 .
552 903 609 944 ¹¹9·
631 906 651 930 ι.
673 897 751 931 Fuit
766 895 992 930 Patriarchalis
1013 895 1123 937 Syno-

283 947 345 983 dus
357 972 368 991 ‚
395 947 413 982 a
433 958 496 991 qua
508 946 651 981 Ecclesia
665 946 838 982 Gallicana
852 956 920 980 non
943 947 1007 980 fuit
1018 955 1123 978 exem-

283 1008 341 1042 pta
354 1022 362 1030 .
388 997 460 1031 ibid.
478 997 623 1032 Adfuere
634 998 753 1040 septem
766 994 936 1030 Gallicani
951 994 1121 1040 Episcopi.

287 1047 362 1081 ibid.

236 1088 502 1131 Archi-Diaconi
514 1119 525 1135 ‚
551 1096 587 1129 &
599 1092 903 1138 Archi-Presbyteri
916 1120 927 1136 ,
948 1105 990 1129 an
1003 1095 1127 1130 fuerint

283 1146 322 1180 in
346 1145 557 1189 Hipponensi
580 1145 742 1179 Ecclesia.
773 1154 842 1181 210·
856 1150 877 1179 1.
905 1144 986 1179 Item
1007 1144 1129 1180 Emeri-

283 1195 368 1230 tensi
387 1195 424 1229 in
443 1193 622 1238 Hispania.
649 1193 721 1227 ibid.
747 1194 883 1229 Certum
910 1196 957 1230 est
978 1194 1071 1230 fuisse
1093 1196 1128 1229 in

286 1243 483 1288 quibusdam
496 1244 614 1279 Africae
626 1243 794 1279 Ecclefiis.
1054 1245 1127 1279 ibid.

236 1293 515 1339 Archi-Episcopi
530 1295 654 1330 titulus
673 1295 757 1329 olim
780 1305 822 1328 an
834 1293 966 1331 daretur
983 1295 1061 1332 solis
1072 1295 1131 1331 Pa·

286 1344 459 1386 triarchis,
486 1345 537 1379 vel
550 1344 814 1388 Autocephalis?
1014 1356 1131 1393 152.1.

235 1393 433 1430 Arelatensis
442 1395 626 1430 Provinciae
637 1393 755 1429 divisio
766 1418 774 1426 .
1042 1401 1087 1434 16.
1099 1407 1132 1433 2·

237 1443 438 1481 Arelatensis
458 1445 613 1489 synodus
635 1446 670 1479 in
691 1445 788 1479 causa
810 1442 1005 1482 Chelidonii
1026 1470 1037 1487 ‚
1065 1457 1134 1490 quo

287 1507 397 1537 anno,
425 1495 460 1531 &
485 1497 564 1531 loco
584 1494 768 1531 celebrata?
1045 1505 1089 1544 19.
1103 1507 1133 1532 2.

239 1544 425 1592 Augustini
436 1544 575 1590 epistola
587 1544 627 1580 ad
640 1544 852 1580 Caelestinum
864 1557 932 1581 non
955 1547 1000 1582 est
1013 1548 1133 1592 spuria.

288 1605 371 1644 234.
385 1608 406 1630 1.
435 1596 535 1631 Clare
562 1596 660 1631 refert
672 1595 780 1631 Sanffi
793 1596 975 1642 Augustini
996 1597 1135 1642 stylum.

288 1646 366 1680 ibid.

237 1697 269 1732 8.
299 1695 507 1741 Augustinus
523 1697 564 1731 ad
578 1697 812 1732 Innocentium
833 1696 1021 1733 immediate
1032 1697 1135 1732 defert

290 1746 464 1791 Pelagium
477 1772 488 1788 ,
515 1748 591 1791 quia
604 1757 673 1781 erat
689 1747 905 1793 vagabundus
922 1774 928 1781 .
1028 1747 1087 1795 46.
1105 1759 1133 1784 1-

236 1796 269 1831 8.
298 1796 508 1842 Augustinus
533 1799 551 1831 a
574 1798 725 1842 Megalio
748 1798 935 1833 Calamensi
966 1799 1137 1843 Episcopo

287 1846 468 1882 infamatus
477 1847 519 1882 de
531 1848 712 1892 propinatis
750 1849 883 1884 mulieri
905 1849 1074 1884 amatoriis
1083 1859 1138 1892 po-

232 1929 235 1931 .
287 1898 389 1932 culis.
424 1896 500 1934 168.
527 1908 557 1933 1.
584 1898 816 1943 Augustinum
845 1899 998 1943 purgavit
1024 1909 1137 1933 nume-

243 1949 248 1967 ·'
286 1948 358 1981 rosa
383 1947 538 1989 Synodus
558 1970 570 1987 ,
595 1947 630 1979 &
657 1947 845 1990 Megalium
881 1948 1045 1990 compulit
1066 1970 1077 1987 ,
1103 1956 1138 1980 ut

285 1995 516 2077 Abugustinum
549 1995 690 2039 propriis
731 1996 882 2031 manibus
917 1997 1137 2031 consecraret.

287 2050 300 2078 i
321 2046 362 2078 id.

237 2095 274 2130 8-
300 2093 510 2139 Augustinus
540 2092 712 2137 antiquam
744 2095 886 2128 formam
912 2117 923 2134 ‚
960 2093 1139 2128 secundum

288 2155 389 2188 quam
412 2144 576 2178 Africanae
599 2143 728 2188 Synodi
755 2144 917 2179 Primates
939 2144 1014 2179 suos
1025 2153 1140 2178 evoca-

289 2194 395 2235 bant,
423 2193 594 2239 insigniter
618 2194 792 2229 describit.
1026 2204 1086 2242 34.
1109 2203 1140 2227 2.

237 2245 270 2280 s.
300 2243 509 2288 Augustinus
544 2243 746 2287 Apostolicae
780 2244 874 2279 Sedis
902 2243 1139 2279 authoritatem

289 2291 544 2327 constantissime
556 2305 594 2326 ac
606 2293 799 2328 lucidissime
811 2294 911 2329 docet
923 2319 930 2326 .
1006 2304 1085 2342 277.
1110 2305 1138 2329 1-

238 2343 272 2378 S.
305 2341 513 2387 Augustinus
538 2342 681 2385 author,
707 2355 766 2378 cur
788 2346 923 2379 Sanstus
943 2342 1140 2388 Chrysosto-

291 2403 367 2427 mus
382 2390 500 2437 gradui
512 2393 571 2426 suo
583 2392 748 2428 restitutus
766 2395 864 2428 fuerit
875 2418 883 2427 .
1036 2404 1092 2441 97.
1107 2406 1139 2428 2.

240 2443 272 2479 S.
300 2441 508 2488 Augustinus
530 2443 645 2477 civiles
668 2444 847 2478 Laicorum
867 2444 976 2478 causas
988 2443 1139 2480 audiebat

291 2493 470 2538 diligenter
491 2516 503 2533 ,
529 2503 567 2527 ac
591 2492 641 2537 pie
665 2517 676 2533 ‚
705 2503 784 2531 210.
811 2504 839 2529 1.
870 2494 1064 2539 Aliquando
1099 2493 1139 2527 ad

235 2586 237 2588 Ι
290 2542 410 2578 horam
437 2542 640 2585 refectionis,
667 2543 848 2588 aliquando
860 2553 930 2579 tota
951 2545 1027 2586 die,
1054 2546 1140 2578 sem-

240 2594 241 2597 ’
292 2605 350 2638 per
361 2603 470 2628 tamen
483 2593 654 2637 Jejuuans,
681 2594 753 2627 ibid.
782 2594 931 2629 Clericos
943 2606 1010 2629 non
1028 2596 1140 2639 punie-

293 2644 348 2679 bat
361 2643 595 2685 solummodo,
622 2642 675 2679 sed
693 2646 794 2679 etiam
817 2644 1035 2689 degradabat.
1062 2645 1135 2678 ibid.

240 2697 271 2731 S·
303 2693 512 2739 Augustinus
534 2695 659 2728 curavit
682 2694 741 2729 fibi
764 2694 801 2728 in
826 2697 1039 2730 successorem
1060 2695 1139 2740 eligi

292 2745 524 2787 Presbyterum
548 2744 724 2780 Eradium.
1003 2755 1082 2791 204.
1111 2754 1137 2779 1.

241 2795 273 2830 S.
300 2794 507 2839 Augustinus
519 2794 638 2835 docet,
665 2794 753 2837 quod
767 2794 926 2831 debemus
950 2806 1140 2840 permanere

292 2845 326 2878 in
338 2843 564 2880 Occidentalis
579 2845 730 2880 Ecclefiae
742 2846 898 2886 sensibus,
926 2858 998 2891 quae
1015 2857 1075 2880 nos
1087 2856 1140 2891 ge-

295 2895 369 2927 nuit
383 2916 394 2932 ,
417 2894 533 2930 docuit
551 2919 562 2935 ,
588 2894 833 2940 &baptizavit.
1037 2903 1138 2944 ¹¹3·2·

245 2942 452 2987 Augustinus
507 2945 646 2988 epistola
697 2945 771 2995 163.
820 2946 1013 2981 Donatistas
1054 2946 1139 2980 desi-

295 3002 377 3038 gnat
393 3016 404 3032 ,
432 3004 500 3026 non
513 2996 725 3036 cupizitarum
739 2999 875 3031 nomine
887 3022 897 3038 ,
923 3007 959 3032 ut
982 2997 1140 3031 mendose

295 3043 443 3087 legitur,
470 3043 523 3077 sed
544 3047 743 3087 Rupitarum.

246 3094 277 3130 S.
306 3091 515 3138 Augustinus
529 3094 591 3128 fuit
601 3094 747 3132 delicatae
759 3098 968 3133 conscientia:
979 3122 990 3139 ‚
1002 3098 1036 3132 &
1048 3098 1138 3142 cogi-

296 3153 346 3177 tat
368 3142 410 3177 de
423 3143 618 3188 Episcopatu
629 3144 850 3188 deponendo,
877 3149 910 3183 δε
931 3146 1059 3194 agenda
1084 3147 1141 3180 hu-

294 3192 368 3228 mili
397 3194 611 3236 poenitentia,
639 3194 875 3240 ficonspexerit
888 3210 942 3242 per
964 3209 1062 3237 eum,
1089 3208 1140 3232 cu·

295 3243 345 3286 jus
365 3242 575 3287 Episcopatui
600 3255 655 3287 per
680 3245 935 3289 imprudentiam
949 3249 1141 3293 suffragatus

298 3294 423 3332 fuerat,
450 3294 564 3327 vastari
577 3294 751 3329 Ecclesiam
779 3298 869 3336 Dei,
893 3300 960 3334 διε.
980 3309 1059 3346 234.
1075 3309 1095 3331 ι.
1110 3308 1140 3334 2-

295 3342 426 3380 Similia
445 3343 556 3381 scribit
566 3343 738 3388 Xantippo
751 3347 913 3389 Primati,
940 3360 1021 3396 234.
1035 3362 1057 3382 ι.
1084 3348 1138 3382 Ad

351 3392 457 3434 christ.
470 3397 549 3437 Lupi
564 3399 663 3438 opera
683 3399 813 3431 T.V111.

1023 3050 1082 3084 161.
1109 3059 1138 3083 2.
1153 3072 1157 3077 .

1903 176 2006 223 573

1225 240 1462 287 deponendum
1483 241 1719 288 Episcopaturn
1737 245 1803 282 fuit
1823 246 2059 292 paratiffimut.

1230 301 1311 338 234.
1338 300 1370 327 2.
1757 312 1770 317 „

1181 339 1389 388 Augustinus
1401 340 1544 387 graviter
1555 341 1718 388 redarguit
1741 323 1926 382 Secundum
1938 348 2069 393 Episco-

1215 412 1223 418 ..
1232 404 1311 436 pum
1324 391 1490 426 Numidiae
1501 391 1678 427 Primatem
1693 417 1704 432 ,
1729 397 1817 439 quod
1828 398 1985 433 damnato
2006 398 2071 434 Ce-

1232 442 1356 479 ciliano
1376 440 1643 485 superordinaffet
1664 443 1867 486 Major-inum
1892 459 2072 493 antequam

1233 493 1292 527 ista
1323 492 1494 528 damnatio
1514 495 1763 529 confirmaretur
1779 506 1847 539 per
1880 498 2071 533 Romanam

1235 543 1414 577 Ecclesiam
1423 567 1431 575 .
1752 578 1754 580 ,
1974 558 2029 590 27.
2042 560 2072 585 2.

1184 594 1215 628 8.
1239 592 1448 638 Augustinus
1461 594 1497 626 in
1510 593 1718 638 Hipponensi
1729 604 1849 639 magna
1860 596 1996 637 synodo
2019 598 2073 631 ad-

1233 642 1300 678 huc
1321 642 1494 687 Presbyter
1518 644 1670 689 exposuit
1682 643 1915 690 Apostolicum
1936 646 2074 689 Symbo-

1236 693 1305 727 lum
1317 718 1325 725 .
1961 695 1996 732 16
2024 706 2074 730 .2.

1185 743 1216 777 S.
1246 741 1455 788 Augustinus
1482 743 1653 789 insigniter
1683 744 1836 782 laudatus
1867 745 1885 780 a
1912 707 2075 790 Caprgoio

1236 793 1486 839 Carthaginensi
1499 819 1507 826 .
1938 794 2017 843 284.
2044 806 2076 830 2.

1186 843 1217 877 S.
1245 843 1474 889 Augustinus,
1503 855 1602 888 quam
1629 844 1823 888 potestatem
1848 846 2019 881 retinuerit
2040 847 2078 880 in

1236 893 1469 938 Presbyterum
1480 894 1646 930 Fuffiilani
1672 895 1885 941 Episcopatus
1894 896 1913 930 a
1925 898 1955 932 se
1965 896 2058 933 erecti
2069 920 2078 929 .

1238 953 1320 991 234.
1348 954 1369 977 i.

1187 994 1218 1027 S.
1248 993 1459 1040 Augustinus
1476 993 1610 1039 quande
1632 995 1701 1040 agit
1712 994 1754 1030 de
1775 996 1943 1039 Ceciliani
1962 998 2056 1031 causa
2069 1021 2081 1038 ‚

1236 1054 1295 1078 cur
1318 1044 1469 1079 Ecclefiae
1489 1045 1650 1080 Romanae
1671 1045 1831 1092 adjungat
1855 1058 1972 1082 omnes
1993 1047 2083 1090 Apo-

1238 1094 1369 1129 stolicas
1381 1094 1541 1130 Ecclefias
1555 1096 1572 1128 ,ἕ
1823 1107 1904 1145 230.
1917 1109 1948 1135 2·
1977 1099 2010 1132 ό*
2017 1095 2082 1140 seq.

1189 1143 1222 1178 8.
1252 1143 1459 1188 Augustinus
1480 1145 1562 1189 quid
1583 1146 1701 1181 sentiat
1722 1144 1763 1181 de
1773 1146 1991 1190 synodalibus
2008 1146 2088 1180 Phi-

1241 1192 1494 1237 lippo-Politani
1518 1197 1743 1230 conventiculi
1758 1196 1892 1232 litteris.
1970 1196 2085 1243 1652-

1191 1244 1223 1279 S.
1251 1243 1459 1288 Augustinus
1479 1243 1646 1278 Romanis
1665 1245 1944 1288 appellationibus
1968 1248 2001 1281 se
2015 1257 2088 1280 non

1241 1293 1398 1337 opposuit
1408 1318 1419 1334 ,
1445 1293 1525 1326 alias
1537 1304 1606 1328 non
1620 1294 1667 1329 ita
1676 1294 1960 1331 commendaretur
1971 1296 1990 1329 a
2000 1295 2088 1330 Pon-

1243 1343 1388 1383 tificibus
1401 1343 1566 1378 Romanis
1579 1368 1587 1376 .
1962 1357 2042 1392 272.
2065 1357 2087 1379 ι.

1193 1395 1224 1429 8.
1254 1393 1464 1439 Augustinus
1474 1393 1571 1428 senex
1581 1391 1626 1428 ob
1637 1392 1848 1429 insolentiam
1861 1393 1966 1438 plebis
1978 1395 2091 1429 Fuffu-

1243 1443 1327 1479 lanae
1347 1443 1582 1488 Episcopatum
1606 1443 1675 1477 vult
1696 1444 1860 1485 deserere,
1886 1446 1922 1479 &
1943 1446 2091 1489 semetip-

1246 1495 1318 1529 sum
1340 1494 1496 1530 damnare
1539 1493 1581 1528 ad
1617 1505 1806 1539 perpetuam
1837 1496 2090 1539 paenitentiam⁴

1246 1554 1327 1593 234.
1358 1556 1389 1582 1.
1427 1544 1557 1580 Similia
1584 1544 1695 1580 scribit
1720 1545 1894 1589 Xantippo
1931 1544 2089 1580 Primati.

1246 1606 1269 1631 2
1294 1602 1327 1638 4·
1358 1606 1389 1632 2.

1197 1646 1227 1680 S.
1254 1605 1464 1690 Agugustinus
1486 1646 1606 1680 Sancto
1618 1645 1718 1681 Petro
1730 1647 1848 1681 mansit
1867 1645 2069 1682 fidelissimus
2082 1669 2097 1684 ,

1248 1704 1293 1742 5¹·
1307 1707 1339 1732 2.
1367 1704 1456 1739 patet
1467 1707 1509 1730 ex
1520 1694 1656 1739 epistola
1670 1707 1768 1741 quam
1779 1697 1821 1730 de
1832 1697 1925 1731 eausa
1945 1696 2093 1731 Antonii

1249 1746 1278 1779 F
1279 1744 1440 1781 usialenfis
1450 1745 1571 1790 scripsit
1583 1745 1624 1780 ad
1635 1745 1846 1783 celestinum
1866 1746 2067 1781 Pontificem
2081 1771 2094 1788 ,

1246 1795 1320 1829 ibid.
1346 1796 1426 1830 Non
1440 1797 1504 1831 fuit
1517 1794 1801 1831 Authorinfelicis
1809 1796 1953 1841 epistolae
1964 1795 2094 1830 Aurelii

1247 1846 1282 1880 ὅ(
1293 1846 1500 1888 quorundam
1516 1846 1676 1881 Afrorum
1691 1847 1927 1890 Episcoporuin
1941 1848 1981 1881 ad
1995 1847 2095 1881 Caele-

1249 1894 1510 1943 stinurn,67.1.2.
1539 1897 1878 1932 RomanasAfrorum
1894 1897 2094 1931 Antistitum

1249 1944 1488 1986 appellationes
1500 1946 1758 1979 constantissime
1779 1947 1925 1981 defendit
1937 1972 1944 1979 .
2022 1946 2095 1979 ibid.

1202 1995 1231 2027 S.
1261 1992 1471 2035 Augustinus
1500 1993 1629 2035 Synodi
1656 1994 1828 2030 Numidia
1854 2006 1947 2030 mens
1966 2019 1977 2036 ‚
2003 2007 2042 2030 os
2062 1996 2097 2030 δε

1251 2041 1386 2085 lingua.
1967 2056 2046 2091 272.
2063 2056 2095 2082 1.

1201 2089 1410 2135 Augustinus
1434 2090 1520 2124 solus
1540 2092 1676 2127 damnat
1699 2091 1890 2127 Rusticanae
1916 2094 1951 2127 in
1965 2095 2098 2139 Hippo-

1252 2141 1339 2174 nensi
1362 2141 1501 2175 Dioecesi
1523 2140 1688 2176 Parochiae
1710 2142 1907 2184 Rediorem,
1933 2145 1989 2188 qui
2020 2145 2096 2178 sole-

1250 2200 1327 2225 mne
1338 2191 1372 2225 in
1387 2191 1563 2226 Dominici
1577 2192 1707 2226 Natalis
1721 2192 2018 2238 Vigiliajejunium
2031 2195 2098 2229 vio-

1251 2242 1319 2276 lare
1332 2266 1344 2283 ,
1370 2241 1500 2285 aliaque
1521 2244 1760 2287 praesumpserat
1775 2268 1782 2275 .
1809 2253 1889 2280 210.
1902 2254 1932 2278 2.
1960 2245 2097 2280 Factum

1251 2291 1285 2326 id
1299 2300 1412 2326 contra
1425 2291 1698 2338 Carthaginenfis
1722 2294 1830 2336 prirnae
1841 2294 1971 2338 Synodi
1985 2295 2100 2330 Cano-

1252 2352 1326 2376 nem
1351 2339 1566 2377 undecimum
1580 2367 1592 2383 ,
1619 2354 1686 2386 quo
1711 2343 1919 2386 Augustinus
1940 2344 2047 2379 asserit
2065 2346 2099 2380 se

1252 2392 1343 2427 nolle
1355 2392 1448 2436 ligari
1464 2400 1532 2429 211.
1548 2405 1569 2425 1.
1596 2393 1739 2426 Videtur
1751 2393 1926 2428 Canonern
1938 2406 2008 2428 non
2028 2406 2100 2430 om-

1250 2443 1303 2476 nis
1315 2442 1430 2476 Africa
1444 2465 1455 2481 ‚
1481 2442 1579 2475 etiam
1593 2442 1662 2484 post
1680 2436 1851 2475 Genethlii
1871 2445 2099 2479 confirmatio-

1250 2503 1326 2526 nem
1343 2516 1354 2532 ,
1380 2490 1538 2525 admisisse
1557 2491 1629 2524 ibid.
1645 2492 1678 2526 δε
1692 2491 1769 2526 huic
1784 2491 1865 2535 parti
1876 2490 2007 2535 adhaefit
2020 2495 2101 2529 San·

1249 2543 1319 2577 aus
1333 2541 1542 2586 Augustinus
1559 2567 1565 2573 .
2020 2544 2095 2579 ibid.

1199 2591 1230 2624 S.
1260 2592 1466 2636 Augustinus
1479 2603 1648 2636 tamquam
1662 2592 1807 2636 Legatus
1826 2592 2016 2636 Numidiae,
2044 2606 2098 2629 cu-

1248 2642 1299 2686 jus
1310 2643 1480 2677 sententiae
1492 2643 1589 2676 fuerit
1605 2644 1639 2676 in
1652 2642 1811 2678 Concilio
1822 2643 2098 2690 Carthaginensi?

1250 2693 1295 2730 26
1325 2717 1332 2724 .
1364 2703 1391 2728 1.

1200 2743 1230 2777 S.
1258 2703 1379 2777 Av3itus
1391 2742 1560 2778 Romanas
1572 2742 1606 2776 in
1624 2742 1735 2777 Gallia
1747 2743 1985 2788 appellationes
1996 2744 2096 2789 profi-

1250 2803 1356 2827 tetur.
1864 2805 1915 2831 12.
1927 2806 1959 2830 2.
1989 2795 2043 2842 64.
2065 2807 2097 2836 2.

1201 2842 1448 2878 Aurelianensis
1463 2843 1617 2886 synodus
1642 2853 1670 2890 3.
1697 2844 1807 2879 deviat
1826 2843 1905 2879 dum
1925 2844 2015 2887 jubet
2027 2845 2098 2881 Me*

1251 2894 1474 2938 tropolitanos
1508 2893 1527 2928 a
1576 2893 1850 2938 Metropolitanis
1895 2896 2092 2931 consecrari.

1255 2952 1292 2989 ις
1323 2968 1330 2975 .
1361 2956 1393 2982 2.

1203 2955 1376 3030 Aureliani
1398 2994 1608 3037 Imperatoris
1632 2993 1761 3037 Judicio
1787 3007 1856 3030 non
1877 2995 1923 3031 est
1954 2996 2097 3032 collatus

1253 3044 1416 3079 Primatus
1440 3043 1600 3078 Pontifici
1625 3045 1784 3080 Romano
1796 3071 1804 3081 .
1984 3057 2051 3095 ¹03·
2063 3059 2093 3083 2.

1204 3095 1331 3130 Aurelii
1356 3093 1624 3139 Carthaginenfis
1638 3095 1791 3140 Episcopi
1813 3096 1969 3140 Synodus
1986 3097 2096 3131 errati-

1250 3157 1288 3179 ca
1302 3170 1313 3185 ,
1339 3155 1384 3191 5¹·
1399 3156 1428 3181 2.
1459 3145 1509 3178 Ex
1522 3155 1589 3188 quo
1599 3147 1701 3189 coepit
1715 3145 1884 3182 Romanas
1895 3146 2094 3191 appellatio—

1252 3206 1308 3230 nes
1321 3195 1472 3229 invadere
1484 3195 1640 3229 deseritur
1650 3195 1692 3229 ab
1713 3195 1926 3241 Augustino,
1954 3196 2071 3239 Alipio
2082 3220 2094 3236 ,

1251 3246 1284 3279 &
1306 3245 1473 3286 Poffidio,
1500 3244 1576 3279 ibid.
1602 3244 1832 3282 Praevaricatur
1857 3258 1890 3294 ς.
1916 3245 2092 3280 Nicaenum

1254 3295 1428 3330 Canonem
1442 3320 1450 3328 .
2016 3295 2088 3328 ibid.

1204 3344 1331 3382 Aurelii
1353 3344 1622 3391 carthaginensis
1622 3346 1788 3431 1{pgiolae
1812 3345 1851 3382 ad
1878 3344 2092 3427 Caelestipum

2023 3405 2042 3429 e

1761 3408 1777 3444 3
