2326 3718
85 2684 145 2716 Lib1
177 2687 240 2721 258.

358 165 420 211 54

767 147 852 193 DE
889 146 1265 193 GALLICANAE
1299 143 1612 194 Eccresrir

284 234 444 269 dictorum
464 229 714 275 Appellantium
741 230 957 272 innocentia,
983 233 1080 275 quam
1107 241 1167 274 pro
1227 228 1351 264 nodus.
1378 233 1467 275 Quin
1486 237 1520 269 t‘s
1540 247 1595 269 vos
1621 245 1752 278 quoque,
1777 236 1929 280 suspiritu
1945 236 2113 282 praesentes

283 285 390 320 Sancti
414 282 500 316 Petri
526 279 699 326 privilegio
721 281 921 316 invenerunt
943 282 1167 316 constantiffi-
1227 287 1258 313 in
1270 279 1366 320 nostra
1384 285 1515 326 synodo,
1536 287 1652 325 studete
1661 287 1741 319 idem
1759 286 1935 332 suffragium
1948 290 2112 331 conferatis

282 346 355 368 mos
368 359 375 366 .
405 331 572 366 Viderunt
591 332 718 367 nullam
734 343 840 376 patere
853 344 980 376 portam
997 332 1165 366 excutien-

281 385 315 418 di
329 384 501 427 praesertim
514 379 707 423 Athanasii,
719 383 777 416 nisi
793 394 847 426 per
858 393 1002 425 apertam
1015 382 1164 416 rebellio-

280 443 354 467 nem
366 441 479 467 contra
491 432 597 466 sedern
611 432 838 477 Apostolicam
852 457 858 464 .
886 433 980 466 Hinc
994 443 1108 466 omnes
1122 432 1163 465 de

279 484 373 516 noste
395 483 552 527 fugerunt
572 507 582 523 ‚
609 484 643 517 δε
665 482 813 525 abjerunt
835 482 1134 526 Philippo-Polim
1150 506 1161 521 ,

279 531 452 566 Thracicae
462 532 644 567 Dioecefios
657 534 826 568 civitatem
838 557 849 573 ‚
869 533 1009 574 ideoque
1022 533 1160 575 spestan-

275 592 343 617 tem
368 582 409 617 ad
433 582 602 617 Orientale
624 583 802 626 Imperium
821 583 870 616 sui
884 582 1068 623 Principis,
1101 580 1160 614 sub

274 642 341 676 quo
355 632 455 667 libere
466 642 616 677 poterant
629 631 791 676 quidlibet
800 633 942 666 insanire
953 656 960 663 .
985 629 1086 664 Isthic
1098 631 1159 675 igi·

273 693 326 717 tur
337 684 536 717 insanierunt
561 693 625 718 tres
636 681 877 717 patriarchatus
889 682 951 716 effe
971 682 1100 715 Divino
1109 680 1155 724 ju—

271 744 307 767 re
326 732 575 777 Autocephalos
587 756 598 773 ,
624 734 659 766 &
683 732 821 777 aequales
835 744 890 776 per
902 732 1014 766 omnia
1028 755 1038 771 ‚
1066 731 1155 765 ideo-

272 793 337 825 que
358 794 462 817 unum
484 782 569 816 nihil
582 784 671 826 posse
684 783 717 817 in
729 783 830 817 alium
843 806 854 823 ‚
880 783 913 817 ὅ(
924 781 966 816 ab
977 792 1045 816 uno
1065 781 1153 815 darn-

270 843 365 867 natos
377 844 444 867 non
457 834 545 876 posse
555 831 596 866 ad
608 832 711 867 alium
723 843 899 876 provocare
914 857 922 864 .
938 832 1151 876 Singulorum

268 882 394 926 Judicia
405 884 466 917 este
479 883 609 917 Divino
620 881 688 926 jure
698 883 885 918 inconcussa
900 892 997 926 atque
1009 882 1152 926 inappel-

267 933 380 967 labilia
392 958 399 964 .
425 934 520 967 Hinc
532 935 765 968 concluserunt
793 933 916 977 Julium
931 932 1127 966 Pontificem
1138 957 1147 972 ‚

267 984 324 1026 qui
338 984 414 1017 talia
427 984 461 1017 in
477 984 627 1027 praefatos
642 984 818 1028 Episcopos
836 993 1065 1021 attentaverat,
1090 983 1152 1016 effe

265 1033 401 1067 Divinae
414 1033 495 1078 legis
513 1034 790 1078 praevaricatorem
802 1058 813 1073 ,
840 1032 979 1076 ideoque
999 1032 1102 1077 gradu
1118 1033 1149 1066 ἀ

264 1083 502 1118 communione
512 1084 678 1129 privarunt
689 1107 696 1115 .
715 1082 871 1116 Praefatos
885 1082 1065 1126 Episcopos
1078 1093 1149 1126 pro-

263 1134 461 1168 nuntiarunt
483 1141 692 1178 nequaquam
714 1130 883 1167 absolutos
894 1134 1147 1174 autrevestitos‚

260 1182 317 1217 fed
330 1183 375 1218 ob
387 1192 547 1217 tentatam
561 1192 681 1216 novam
694 1181 877 1226 appellandi
901 1182 1070 1217 audaciam
1082 1184 1145 1217 esse

260 1233 428 1276 prolapsos
439 1231 473 1265 in
488 1231 646 1277 majorem
657 1231 905 1268 damnationem
919 1259 926 1266 .
955 1234 1080 1268 Eorum
1100 1235 1146 1267 fu·

262 1293 318 1316 ror
330 1282 498 1326 praesertim
519 1282 669 1317 efferbuit
698 1284 733 1317 in
747 1284 900 1318 Sanctum
918 1283 1145 1317 Maximinum

258 1331 494 1367 Treverensem
520 1333 739 1377 Episcopum:
766 1334 870 1382 Qod
897 1334 938 1368 ad
961 1334 1018 1367 ista
1029 1334 1143 1368 omnia

262 1382 385 1425 Iulium
399 1383 625 1426 permovisset.
653 1384 697 1417 Et
707 1380 786 1418 hinc
799 1385 887 1418 lucet
899 1408 909 1424 ,
935 1384 1014 1427 quid
1038 1384 1138 1419 Galli-

258 1442 340 1467 cana
363 1433 505 1467 Ecclesia
519 1442 590 1467 tum
604 1433 763 1468 censuerit
788 1433 829 1469 de
851 1435 1015 1468 Romanis
1036 1434 1141 1478 appel-

258 1482 437 1517 lationibus
446 1509 453 1516 .
482 1484 555 1518 Has
566 1494 682 1519 omnes
694 1483 916 1520 schismaticas
937 1494 1034 1530 atque
1046 1485 1141 1518 haere—

257 1533 339 1567 ticas
364 1533 555 1570 Eusebianae
582 1534 748 1573 Fassionis
781 1535 975 1578 petulantias
1005 1545 1139 1568 noverat

256 1584 404 1625 Hofius,
431 1583 573 1629 ideoque
596 1583 654 1618 sibi
674 1584 876 1627 Apostolicae
901 1583 992 1618 Sedis
1013 1585 1140 1626 Legato

253 1633 339 1666 vidit
350 1643 419 1666 non
430 1630 663 1667 dormiendum
676 1656 684 1663 .
712 1632 807 1666 Hinc
818 1642 887 1666 non
903 1631 1027 1677 trepide
1040 1656 1051 1672 ‚
1080 1642 1139 1664 nec

253 1680 443 1716 dubitanter
457 1706 468 1722 ‚
493 1693 555 1716 nec
566 1682 753 1723 suppliciter
764 1705 776 1720 ‚
802 1682 855 1714 sed
868 1681 1023 1725 generose
1037 1703 1047 1718 ‚
1061 1690 1138 1713 con·

251 1731 396 1769 stanter,
422 1731 455 1762 ὅ(
476 1741 517 1762 ex
541 1729 739 1772 Apostolico
769 1730 895 1771 pestore
922 1728 1076 1761 clamavit
1096 1728 1135 1761 ad

253 1780 476 1815 Sardicensem
497 1778 694 1821 Synodum:
719 1777 820 1810 sanem
845 1780 932 1811 Petri
946 1777 1138 1820 Apostolime-

252 1836 379 1863 moriam
391 1829 558 1863 honoremus
572 1853 580 1860 .
605 1827 790 1862 Adversum
802 1825 967 1862 haereticas
980 1828 1139 1861 scelerata

254 1880 420 1914 Faffionis
452 1879 648 1922 petulantias
675 1889 735 1911 nos
755 1878 948 1912 Orthodoxi
979 1878 1131 1922 Episcopi

254 1931 487 1964 confirmemus
508 1930 583 1963 data
608 1939 663 1972 per
674 1928 843 1963 Christum
857 1928 1046 1966 Dominum
1061 1930 1136 1963 San-

254 1983 307 2014 ἂο
321 1980 418 2013 Petro
431 1978 607 2023 Privilegia
619 2003 630 2019 ,
658 1978 872 2022 Apostolicos
883 1979 923 2011 de
938 1978 1058 2012 eifflem
1075 1978 1135 2012 Ca·

255 2041 382 2070 nones,
406 2029 440 2063 &
465 2028 608 2066 Nicaenae
629 2028 757 2073 Synodi
781 2028 953 2066 noviffima
975 2030 1113 2062 Decreta
1127 2052 1134 2060 .

255 2080 317 2114 Per
340 2077 438 2113 hosce
461 2079 661 2116 Sardicenses
675 2079 830 2116 Canones
839 2077 954 2114 invafit
965 2091 1003 2114 ac
1016 2079 1133 2113 destru·

254 2131 306 2164 xit
327 2130 361 2164 δε
380 2130 444 2173 jam
468 2129 588 2164 dietam
612 2129 871 2167 Eusebianorum
884 2129 1076 2171 audaciam,
1102 2129 1135 2166 ὃς

255 2181 348 2215 simul
361 2181 504 2224 ipsorum
516 2180 671 2214 Canones
691 2178 937 2214 Antiochenos.

261 2239 263 2241 ’
306 2232 424 2266 Sextus
443 2241 529 2264 error
549 2229 595 2264 est
615 2254 625 2270 ,
653 2230 743 2271 quod
777 2229 961 2265 Orientalis
993 2228 1136 2262 Ecclesia

256 2278 347 2314 istam
363 2281 583 2315 Sardicensem
594 2279 822 2313 definitionem
838 2291 907 2312 non
918 2278 1026 2312 statim
1038 2279 1140 2312 admi·

256 2331 329 2364 serit
355 2354 366 2370 ‚
391 2331 444 2364 sed
466 2332 590 2373 semper
613 2327 769 2362 studuerit
793 2338 946 2362 excutere
965 2353 973 2360 .
1002 2327 1137 2362 Etenim

257 2379 386 2414 Sardica
412 2378 650 2412 Alexandriam
674 2377 800 2412 rediens
811 2377 1007 2413 Athanasius
1026 2379 1138 2412 tranli-

258 2430 307 2464 vit
322 2440 375 2473 per
387 2429 512 2475 Syriam
525 2428 558 2462 &
571 2428 839 2472 Hierosolymam
850 2442 863 2462 .·
890 2428 934 2464 Et
947 2426 1042 2463 isthic
1062 2429 1138 2463 San·

255 2480 325 2513 {ius
336 2479 505 2517 Maximus
516 2479 662 2515 Antistes
678 2487 752 2514 cum
767 2478 836 2520 ipso
849 2479 1024 2513 celebravit
1035 2479 1139 2521 Syno-

256 2530 337 2564 dum
362 2529 395 2562 in
418 2540 481 2573 qua
504 2528 683 2572 publicavit
703 2527 737 2560 δε
760 2538 915 2562 executus
938 2528 984 2562 est
1012 2528 1139 2563 Asta&

258 2582 399 2615 Decreta
417 2577 617 2616 Sardicenfia
637 2603 644 2610 .
674 2575 859 2611 Audiamus
881 2577 996 2612 Photii
1017 2577 1140 2613 Biblio-

257 2629 389 2665 thecam
411 2630 446 2665 in
469 2628 639 2674 Excerptis
658 2639 700 2660 ex
722 2628 787 2661 vita
810 2627 919 2663 Sandii
946 2627 1138 2663 Athanasii:

259 2679 439 2721 Athanafius
453 2703 464 2719 ,
489 2690 555 2715 cum
567 2676 747 2720 pervem'ffet
770 2676 989 2719 Hierosolymam
1002 2702 1012 2719 ,
1039 2682 1140 2711 Maxi-

259 2741 306 2763 mo
328 2727 472 2771 Episcopo
494 2731 527 2762 &
549 2727 693 2770 confessori
707 2736 777 2761 nota
782 2726 858 2768 fecit
872 2727 946 2762 aaa
959 2728 1135 2769 sardicenfis

259 2780 402 2815 concilii.
431 2780 576 2822 ,Quodque
599 2777 788 2817 Constantius
813 2780 978 2819 Imperator
990 2778 1060 2812 bene
1071 2789 1140 2821 erga

255 2829 451 2874 f‘eanimatus
469 2827 523 2870 fit.
552 2829 668 2861 Deinde*
690 2837 842 2871 congregat
863 2829 1004 2866 synodum
1020 2826 1139 2871 Episco-

255 2889 363 2923 pornm
375 2903 385 2919 ,
412 2890 479 2921 quae
492 2878 587 2912 Beato
606 2877 762 2918 Athanasio
784 2879 817 2910 &
832 2884 1056 2912 communionem
1071 2903 1080 2918 ‚
1106 2880 1140 2912 &

261 2931 437 2974 dignitatem
460 2927 667 2972 Epis'copalem
680 2928 811 2963 decernit
824 2952 833 2967 ,
860 2925 1002 2970 &scribit
1013 2927 1078 2971 ipsa
1095 2931 1138 2967 3,-

262 2981 355 3012 nodus
380 2980 594 3013 Alexandrinis
607 3003 617 3018 ,
643 2980 678 3012 o·
696 2977 830 3011 omnibus
844 2984 875 3011 in
888 2981 1018 3021 AEgypto
1040 2989 1074 3010 ac
1087 2982 1138 3011 Li-

261 3029 313 3067 bya
334 3027 488 3069 Episcopi:
500 3053 512 3068 ,
536 3040 602 3071 quae
621 3028 658 3063 de
681 3027 839 3070 Athanafio
863 3030 981 3062 decreta
1004 3028 1091 3071 essent
1104 3031 1139 3064 i&

257 3077 338 3122 gesta
350 3101 357 3108 .
386 3076 560 3118 Athanasius
574 3087 672 3111 autem
687 3080 901 3112 Alexandriam
911 3090 976 3111 cum
995 3078 1116 3121 venisset
1127 3101 1138 3120 ,

260 3134 436 3162 conventus
458 3125 665 3170 Epifi'oporum
685 3135 717 3161 in
730 3131 862 3172 AEgypto
871 3134 930 3173 egit
944 3153 954 3168 ,
979 3140 1047 3170 quae
1058 3132 1136 3170 Syno-

262 3178 320 3210 dus
327 3175 523 3218 consentiebat
534 3184 578 3209 eis
590 3200 600 3216 ‚
627 3188 693 3219 quae
717 3184 748 3210 in
772 3177 940 3220 sardicensi
945 3189 981 3212 ac
991 3176 1136 3223 Hierosoly-

262 3233 380 3260 nmana
391 3227 497 3264 synodo
521 3228 636 3259 decreta
655 3235 743 3260 erant
754 3250 761 3257 .
787 3227 895 3273 Quod
902 3240 959 3271 pro
971 3228 1136 3262 sardicen-

262 3278 303 3312 fis
313 3276 460 3310 Concilii
474 3273 696 3319 publicatione
706 3276 845 3310 diversas
863 3279 896 3311 in
909 3276 1065 3323 AEgypto
1080 3279 1136 3320 Sy-

262 3327 370 3363 nodos
390 3324 618 3363 celebraverit,
644 3325 799 3359 testantur
819 3328 964 3363 Socrates
989 3328 1023 3362 &
1045 3328 1137 3361 Her—

261 3377 343 3412 mias
353 3376 555 3410 Sozomenus
565 3400 572 3408 .
600 3375 644 3408 Et
663 3376 724 3408 suis
736 3376 776 3409 ad
787 3387 902 3410 omnes
913 3377 970 3412 sub
981 3376 1065 3412 coelo
1085 3377 1137 3412 ab·

263 3430 365 3463 sentes
379 3425 558 3471 Episcopos
570 3424 684 3460 litteris
697 3423 861 3470 subjunxit
871 3426 1060 3463 Sardicenfis
1078 3429 1138 3472 sy·
1156 3420 1159 3425 ’

1220 338 1278 371 per
1297 330 1411 370 vestras
1431 331 1658 378 subscriptiones
1673 362 1681 375 ,
1708 347 1761 378 quo
1785 338 1825 370 ab
1851 339 1987 372 omnibus
2003 340 2110 381 ubique

1223 381 1374 413 sacrorum
1398 384 1540 422 Mis-stris
1561 389 1713 420 concordia
1734 385 1887 429 servetur.
1919 388 2113 430 Plurimos,v

1223 431 1257 463 ἀ
1279 431 1512 468 occidentales
1532 437 1566 470 &a
1590 438 1796 477 orientales,
1824 439 2033 483 subscripsisse
2045 440 2101 474 de-

1222 482 1381 515 monstrat
1405 483 1437 515 in
1464 485 1599 521 secunda
1612 489 1653 522 ad
1675 489 1910 522 Constantium
1924 490 2101 533 Imperato-

1219 540 1287 566 rem
1298 532 1452 577 apologia
1463 535 1596 570 Sanctus
1616 535 1813 572 Athanasius
1825 563 1832 570 .
1863 537 2101 582 Philippo-Po*

1217 579 1338 615 litanus
1353 582 1550 618 Conventus
1558 587 1587 619 ei
1599 588 1684 621 inter
1696 601 1807 623 caetera
1823 589 1979 632 impegit,
2006 588 2106 633 quod*

1218 642 1271 673 per
1284 631 1357 665 fista
1369 634 1554 668 testimonia
1565 636 1852 682 circumscripsisset
1878 639 2001 682 Julium
2012 639 2102 673 Pon·

1217 681 1358 723 tificem‚
1385 695 1481 727 atque
1501 686 1546 719 ita
1567 685 1744 728 obrepsisset
1758 690 1790 722 in
1805 691 2076 723 communionem
2090 713 2098 721 .

1216 731 1354 766 Hincin
1371 733 1498 768 laudata
1521 737 1675 780 apologia
1692 738 1861 784 adjungit,
1887 741 1976 783 quod
1997 740 2097 774 etiam

1217 792 1292 816 ante
1306 783 1459 818 Sardicen
1467 787 1530 819 sem
1545 785 1716 829 synodum
1739 791 1869 822 trecenti
1882 789 2098 834 quadraginta

1215 832 1402 867 Orientales
1415 834 1565 879 Episcopi
1578 846 1634 879 pro
1646 836 1741 878 ipsius
1754 838 1942 874 innocentia
1963 840 2099 874 subscri·

1215 883 1358 924 pserint:
1385 882 1569 919 Abeisdem
1593 886 1783 929 probatam,
1806 887 1997 929 admissam,
2025 889 2098 923 sub-

1213 931 1380 976 scriptam,
1409 946 1446 968 ac
1470 935 1669 977 publicatam
1692 937 1885 971 fuiffeistam
1900 938 2096 979 synodum,

1213 982 1340 1016 videtur
1358 994 1426 1017 non
1447 984 1664 1020 dubitandum
1678 1010 1685 1017 .
1721 986 1906 1021 Eusebianae
1933 989 2097 1022 Faffionis

1212 1032 1307 1066 turbu
1315 1033 1474 1068 lentiffimi
1487 1036 1670 1070 incentores
1681 1035 1839 1070 Ursacius
1859 1038 1893 1071 δε
1907 1037 2030 1071 Valens
2049 1049 2097 1072 et-

1214 1083 1278 1116 iam
1299 1083 1531 1128 subscripsere,
1557 1085 1598 1120 de
1622 1085 1686 1120 suis
1706 1087 1791 1130 apud
1813 1086 2095 1131 Philippopolim

1211 1132 1304 1167 Actis
1317 1134 1535 1177 supplicantes
1547 1137 1675 1170 veniam
1690 1161 1697 1168 .
1721 1137 1774 1171 Ex
1787 1137 1844 1171 ista
1858 1138 2015 1173 Faffione
2028 1139 2098 1181 plu-

1211 1192 1258 1216 res
1280 1183 1443 1218 redierunt
1465 1183 1506 1218 ad
1532 1197 1698 1227 mentem,
1724 1187 1941 1231 &Synodum
1961 1188 2094 1223 admise-

1209 1242 1283 1266 runt
1307 1258 1314 1265 .
1343 1234 1485 1267 Eosdem
1507 1234 1664 1270 Canones
1684 1236 1796 1270 laudat
1818 1262 1828 1278 ,
1855 1238 1889 1271 ὅτ.
1912 1239 2091 1274 secundum

1209 1282 1294 1325 ipsos
1305 1284 1558 1328 SanRiJoannis
1584 1285 1812 1329 Chrysossomi
1837 1287 2093 1330 appellationem

1207 1333 1376 1376 exequitur
1387 1335 1419 1368 in
1433 1335 1549 1369 litteris
1560 1334 1597 1369 ad
1612 1336 1745 1370 Clerurn
1757 1337 1791 1371 &
1804 1336 1970 1380 Populum
1993 1337 2100 1373 Con-s

1207 1382 1536 1427 stantinopolitanum
1551 1385 1685 1420 Sandius
1697 1386 1852 1420 Pontifex
1866 1387 2090 1422 Innocentius.

1206 1433 1294 1476 lpsos
1317 1444 1370 1478 per
1381 1446 1515 1469 ornnem
1527 1437 1700 1471 Orientem
1724 1436 1860 1481 viguisse
1873 1437 2006 1472 testatur
2017 1437 2091 1471 Pal-

1206 1484 1309 1517 ladius
1330 1486 1511 1528 Episcopus
1537 1486 1839 1531 Helenopolitanus
1863 1487 1898 1521 in
1936 1487 2085 1532 Dialogo

1204 1543 1278 1563 curn
1307 1533 1494 1566 Theodoro
1517 1534 1679 1569 Romana»
1701 1535 1852 1570 Ecclefiae
1869 1538 2027 1571 Diacono
2047 1538 2091 1571 de

1204 1579 1268 1612 vita
1281 1577 1404 1614 laudati
1417 1580 1570 1623 Joannis.
1601 1581 1647 1618 Et
1670 1581 1751 1618 hinc
1770 1584 1890 1629 plena,
1916 1586 2089 1629 plusquam

1203 1629 1371 1662 sexcentos
1390 1630 1424 1662 δε
1437 1631 1574 1673 triginta
1583 1632 1773 1665 orientales
1781 1635 2000 1675 complectens
2012 1636 2102 1678 Epi-¹

1201 1677 1335 1719 scopos,
1361 1675 1636 1712 Chalcedonensis
1659 1680 1813 1722 Synodus
1832 1681 1867 1714 in
1886 1682 2092 1726 prosphone-

1201 1727 1270 1758 tico
1293 1728 1440 1761 sermone
1453 1729 1537 1761 dixit
1547 1729 1588 1763 ad
1604 1729 1810 1764 Martianum
1829 1730 2084 1775 Imperatorem:

1201 1777 1249 1809 Illi
1260 1783 1312 1818 qut·
1338 1779 1422 1819 apud
1430 1779 1582 1812 sardicam
1604 1790 1707 1813 contra
1719 1785 1783 1813 Arii
1793 1782 1934 1823 reliquias
1946 1793 2086 1817 convene·

1200 1837 1273 1858 runt
1289 1851 1300 1866 ‚
1327 1829 1529 1864 Orientalibus
1540 1830 1712 1862 direxerunt
1715 1828 1765 1873 sui
1777 1830 1940 1870 constituta
1944 1833 2084 1877 Judicu.

1201 1876 1313 1909 Palam
1336 1879 1514 1912 asseverant
1533 1879 1618 1922 apud
1631 1881 1663 1913 se
1675 1881 1782 1924 vigere
1790 1878 1875 1915 hanc
1887 1882 2062 1926 Synodurn·
2072 1906 2084 1924 ,

1198 1927 1231 1959 ὃ(
1241 1926 1403 1962 observari
1416 1954 1422 1960 .
1450 1925 1562 1963 Palam
1571 1930 1707 1964 'edicunt
1721 1932 1804 1965 inter
1817 1931 1988 1974 Canones,
1999 1944 2087 1976 quos

1199 1987 1254 2018 per
1264 1976 1406 2021 singulas
1426 1977 1579 2023 synodos
1591 1981 1608 2014 a
1622 1980 1746 2015 Sanffis
1768 1980 1918 2016 Patribus
1929 1980 2085 2017 haetenus

1198 2028 1394 2062 constitutos
1406 2029 1514 2064 laudat
1525 2030 1559 2064 &
1570 2030 1677 2064 firmat
1689 2042 1804 2065 eorum
1816 2031 1938 2074 primus
1949 2033 2083 2072 Canon,

1198 2077 1340 2110 omnino
1365 2077 1599 2127 comprehendi
1626 2082 1726 2115 etiam
1747 2080 1950 2118 Sardicenses
1967 2107 1975 2116 .
2003 2083 2084 2117 Εοίὲ

1198 2127 1273 2161 dem
1286 2127 1482 2162 authenticis
1493 2128 1688 2164 Canonibus
1709 2131 1900 2167 adnumerat
1920 2131 2084 2168 Trullana

1199 2177 1372 2220 synodus.
1399 2178 1730 2222 OmnemSynodum
1745 2205 1756 2221 ,
1782 2192 1818 2216 ut
1829 2182 1915 2226 apud
1928 2183 1960 2216 se
1972 2182 2086 2228 vigen-

1200 2238 1289 2267 tem,
1317 2227 1500 2264 describunt
1525 2239 1622 2270 atque
1642 2242 1815 2271 exponunt
1829 2233 2001 2270 Socrates,
2026 2234 2085 2269 Sc-

1199 2287 1357 2310 zomenus
1372 2301 1383 2316 ‚
1409 2289 1445 2311 ac
1471 2280 1639 2320 praesertim
1654 2278 1906 2314 Theodoretus.
1933 2280 2083 2316 Eandem
2104 2287 2202 2317 Haeres
2212 2296 2249 2321 π

1201 2326 1311 2360 laudat
1334 2338 1373 2360 ac
1397 2326 1511 2370 probat
1534 2328 1667 2361 Sanctus
1681 2328 1901 2373 Epiphanius.
1929 2330 2084 2375 Ejusdem
2101 2328 2177 2365 C2P·
2193 2331 2222 2357 ⁸·

1201 2377 1354 2410 meminit
1365 2388 1503 2421 magnus
1516 2378 1649 2413 Basilius
1662 2402 1673 2418 ,
1701 2379 1784 2412 nihil
1799 2379 1832 2414 in
1846 2380 1911 2423 ipsa
1922 2382 2062 2424 culpans
2074 2405 2085 2420 ‚

1203 2427 1261 2459 nisi
1285 2428 1519 2469 reparationem
1542 2427 1710 2462 Marcelli.
1738 2427 1815 2463 Post
1842 2430 1941 2472 ipsam
1961 2430 2002 2464 ad
2018 2431 2087 2465 Ro-

1202 2487 1318 2510 manos
1339 2475 1518 2511 Pontifices
1539 2478 1742 2521 appellarunt
1758 2477 1876 2512 Petrus
1889 2479 2088 2515 Alexandri-

1204 2537 1283 2570 nus,
1310 2526 1378 2569 ejus
1392 2527 1554 2562 Successor
1566 2528 1709 2571 Joannes
1724 2525 1887 2574 Thalaja,
1914 2530 2087 2564 Maximus

1203 2576 1594 2620 Constantinopolitanus
1607 2602 1621 2621 7
1643 2578 1776 2610 Sanc'lus
1789 2578 1928 2619 Joannes
1941 2578 2088 2622 Chryso-

1203 2627 1348 2668 stomus,
1377 2628 1519 2670 ipsorum
1545 2627 1713 2663 Successor
1739 2627 1870 2661 Sanetus
1884 2627 2058 2662 Flavianus
2072 2652 2091 2669 ,

1203 2677 1437 2710 Theodoretus
1462 2677 1612 2719 Cyrensis
1629 2700 1642 2714 ‚
1668 2675 1825 2711 Eusebius
1845 2677 2086 2721 Dorylaeenfis,

1203 2726 1391 2761 Calandion
1404 2725 1849 2773 AntiochenusEpiscopus,
1871 2728 1992 2772 aliique
2001 2729 2089 2762 mul-

1202 2777 1238 2811 to
1252 2777 1357 2820 plures
1369 2800 1376 2808 .
1401 2776 1485 2810 Item
1498 2776 2002 2820 AEtiusConstantinopolitanae
2024 2779 2086 2812 Ec-'

1201 2827 1300 2861 clesiae
1321 2825 1607 2869 Archidiaconus,
1633 2828 1790 2861 Salomon
1822 2824 2017 2868 Presbyter,
2044 2838 2085 2861 ac

1201 2877 1308 2920 plures
1320 2875 1376 2909 alii
1387 2876 1505 2912 Clerici
1522 2902 1530 2909 .
1558 2878 1640 2912 Item
1662 2878 1731 2911 Leo
1751 2877 1881 2919 Sapiens-
1902 2878 2082 2920 Imperator

2116 1287 2201 1326 Epist.
2211 1299 2258 1324 ²9·

1185 2945 1188 2948 >
1200 2926 1242 2960 ab
1254 2926 1377 2960 inflicta
1391 2926 1446 2961 libi
1458 2938 1514 2971 per
1528 2928 1706 2962 Nicolaum
1719 2924 1938 2961 patriarcham
1949 2938 2087 2961 excomae

1202 2977 1426 3012 municatioue
1438 2978 1629 3021 provocavit
1642 2977 1683 3010 ad
1695 2977 1879 3011 Romanam
1895 2977 2080 3011 Ecclesiam.

1185 3019 1188 3029 ’
1201 3026 1349 3060 Eandem
1362 3027 1556 3062 invocarunt
1566 3025 1934 3069 S.Nicephorus,Sanstu
1942 3029 2080 3071 sq3lgna-

1186 3089 1188 3094 ⁴
1200 3077 1276 3119 tius,
1288 3076 1479 3112 Patriarchae
1488 3076 1861 3120 constantinopolitani.
1891 3078 1932 3113 Et
1944 3078 2016 3121 quis
2027 3089 2086 3112 ne-v

1199 3127 1276 3161 sciat
1286 3138 1402 3161 omnes
1428 3127 1502 3162 istas
1521 3126 1757 3170 appellationes
1774 3127 1865 3161 fuisse
1878 3128 2012 3163 directas
2023 3133 2085 3171 per'

1199 3178 1356 3211 canones
1369 3177 1585 3213 sardicenses?
1594 3175 1691 3212 Certe
1705 3178 1847 3222 Magnus
1860 3179 1943 3219 Leo,
1954 3179 2030 3212 dum
2041 3177 2081 3210 S.'

1198 3226 1345 3261 Flaviani
1358 3227 1509 3264 adversus
1520 3237 1627 3262 totum
1640 3225 1834 3270 Ephefinum
1846 3226 2073 3263 Latrocinium

1198 3276 1394 3319 interjestam
1416 3278 1669 3322 appellationem
1697 3278 1821 3323 rogavit
1841 3279 1858 3311 a
1881 3275 2072 3311 Theodosio
2091 3272 2175 3311 Epist.
2200 3285 2247 3310 40-

1198 3327 1395 3370 Imperatore
1405 3327 1545 3369 permitti
1561 3328 1618 3361 suo
1629 3329 1733 3361 cursui
1747 3353 1757 3368 ,
1783 3327 1901 3370 adjecit
1915 3325 1977 3359 suis
1989 3325 2072 3360 litte·
2089 3314 2161 3352 0²9·
2178 3324 2208 3351 3·

1188 3395 1189 3398 κ
1199 3377 1241 3411 ris
1253 3388 1260 3408 ε
1289 3379 1393 3420 ‚Quam
1402 3385 1500 3410 autem
1507 3376 1568 3418 post
1577 3379 1798 3419 appellationem
1807 3373 1953 3416 interposi
1990 3388 2006 3407 .·.·
2021 3375 2073 3409 boc

1198 3426 1349 3471 necessarie
1372 3426 1530 3469 postuletur
1549 3452 1561 3469 ,
1588 3432 1744 3462 canonum
1764 3431 1880 3460 Nicaeae
1902 3424 1922 3457 h
1952 3428 1953 3431 ’
1984 3431 2080 3458 οντων

1924 3479 2024 3508 Deci-e·
