<?xml version="1.0" encoding="UTF-8"?>
<!DOCTYPE html PUBLIC "-//W3C//DTD XHTML 1.0 Transitional//EN"
    "http://www.w3.org/TR/xhtml1/DTD/xhtml1-transitional.dtd">
<html xmlns="http://www.w3.org/1999/xhtml" xml:lang="en" lang="en">
 <head>
  <title>
</title>
<meta http-equiv="Content-Type" content="text/html;charset=utf-8" />
  <meta name='ocr-system' content='tesseract 3.04.00' />
  <meta name='ocr-capabilities' content='ocr_page ocr_carea ocr_par ocr_line ocrx_word'/>
</head>
<body>
  <div class='ocr_page' id='page_1' title='image "./operaomniastudio08lupuuoft_0022.png"; bbox 0 0 2326 3718; ppageno 0'>
   <div class='ocr_carea' id='block_1_1' title="bbox 135 1449 268 1490">
    <p class='ocr_par' dir='ltr' id='par_1_1' title="bbox 135 1449 268 1490">
     <span class='ocr_line' id='line_1_1' title="bbox 135 1449 268 1490; baseline 0.015 -11"><span class='ocrx_word' id='word_1_1' title='bbox 135 1449 207 1490; x_wconf 83' lang='lat' dir='ltr'>Cap.</span> <span class='ocrx_word' id='word_1_2' title='bbox 223 1460 268 1485; x_wconf 87' lang='lat'>71.</span> 
     </span>
    </p>
   </div>
   <div class='ocr_carea' id='block_1_2' title="bbox 165 3033 283 3068">
    <p class='ocr_par' dir='ltr' id='par_1_2' title="bbox 165 3033 283 3068">
     <span class='ocr_line' id='line_1_2' title="bbox 165 3033 283 3068; baseline -0.017 -4"><span class='ocrx_word' id='word_1_3' title='bbox 165 3033 218 3067; x_wconf 79' lang='lat' dir='ltr'>Lib</span> <span class='ocrx_word' id='word_1_4' title='bbox 256 3042 283 3068; x_wconf 84' lang='lat'>7.</span> 
     </span>
    </p>
   </div>
   <div class='ocr_carea' id='block_1_3' title="bbox 144 3053 280 3114">
    <p class='ocr_par' dir='ltr' id='par_1_3' title="bbox 144 3053 280 3114">
     <span class='ocr_line' id='line_1_3' title="bbox 144 3053 280 3114; baseline -0.037 -7"><span class='ocrx_word' id='word_1_5' title='bbox 144 3053 230 3114; x_wconf 51' lang='lat' dir='ltr'>Epist:</span> <span class='ocrx_word' id='word_1_6' title='bbox 256 3083 280 3103; x_wconf 89' lang='lat'>1.</span> 
     </span>
    </p>
   </div>
   <div class='ocr_carea' id='block_1_4' title="bbox 392 186 455 225">
    <p class='ocr_par' dir='ltr' id='par_1_4' title="bbox 392 186 455 225">
     <span class='ocr_line' id='line_1_4' title="bbox 392 186 455 225; baseline -0.016 0"><span class='ocrx_word' id='word_1_7' title='bbox 392 186 455 225; x_wconf 82' lang='lat'>16</span> 
     </span>
    </p>
   </div>
   <div class='ocr_carea' id='block_1_5' title="bbox 798 164 1641 222">
    <p class='ocr_par' dir='ltr' id='par_1_5' title="bbox 798 164 1641 222">
     <span class='ocr_line' id='line_1_5' title="bbox 798 164 1641 222; baseline 0.004 -2"><span class='ocrx_word' id='word_1_8' title='bbox 798 173 884 220; x_wconf 77' lang='lat' dir='ltr'>DE</span> <span class='ocrx_word' id='word_1_9' title='bbox 920 164 1294 220; x_wconf 54' lang='lat' dir='ltr'>GAtircnfiAE</span> <span class='ocrx_word' id='word_1_10' title='bbox 1329 167 1641 222; x_wconf 64' lang='lat' dir='ltr'>Ecczusrffl</span> 
     </span>
    </p>
   </div>
   <div class='ocr_carea' id='block_1_6' title="bbox 319 256 1208 304">
    <p class='ocr_par' dir='ltr' id='par_1_6' title="bbox 319 256 1208 304">
     <span class='ocr_line' id='line_1_6' title="bbox 319 256 1208 304; baseline -0.007 -6"><span class='ocrx_word' id='word_1_11' title='bbox 319 263 399 300; x_wconf 87' lang='lat' dir='ltr'>lico,</span> <span class='ocrx_word' id='word_1_12' title='bbox 409 259 513 297; x_wconf 72' lang='lat' dir='ltr'>immo</span> <span class='ocrx_word' id='word_1_13' title='bbox 527 258 568 293; x_wconf 79' lang='lat' dir='ltr'>ab</span> <span class='ocrx_word' id='word_1_14' title='bbox 580 256 784 304; x_wconf 76' lang='lat' dir='ltr'>Evangelico</span> <span class='ocrx_word' id='word_1_15' title='bbox 796 258 937 293; x_wconf 86' lang='lat' dir='ltr'>Canone</span> <span class='ocrx_word' id='word_1_16' title='bbox 950 281 960 297; x_wconf 92' lang='lat'><strong>,</strong></span> <span class='ocrx_word' id='word_1_17' title='bbox 973 270 1029 302; x_wconf 89' lang='lat' dir='ltr'>per</span> <span class='ocrx_word' id='word_1_18' title='bbox 1041 258 1134 293; x_wconf 84' lang='lat' dir='ltr'>istam</span> <span class='ocrx_word' id='word_1_19' title='bbox 1149 258 1208 302; x_wconf 89' lang='lat' dir='ltr'>Sy-</span> 
     </span>
    </p>
   </div>
   <div class='ocr_carea' id='block_1_7' title="bbox 1244 251 1259 282">
    <p class='ocr_par' dir='ltr' id='par_1_7' title="bbox 1244 251 1259 282">
     <span class='ocr_line' id='line_1_7' title="bbox 1244 251 1259 282; baseline 0 3436"><span class='ocrx_word' id='word_1_20' title='bbox 1244 251 1259 282; x_wconf 95' lang='lat' dir='ltr'> </span> 
     </span>
    </p>
   </div>
   <div class='ocr_carea' id='block_1_8' title="bbox 1265 255 2133 302">
    <p class='ocr_par' dir='ltr' id='par_1_8' title="bbox 1265 255 2133 302">
     <span class='ocr_line' id='line_1_8' title="bbox 1265 255 2133 302; baseline 0.014 -12"><span class='ocrx_word' id='word_1_21' title='bbox 1265 255 1332 291; x_wconf 76' lang='lat' dir='ltr'>haec</span> <span class='ocrx_word' id='word_1_22' title='bbox 1344 258 1475 301; x_wconf 81' lang='lat' dir='ltr'>praefatae</span> <span class='ocrx_word' id='word_1_23' title='bbox 1490 262 1641 298; x_wconf 79' lang='lat' dir='ltr'>Novellae</span> <span class='ocrx_word' id='word_1_24' title='bbox 1649 261 1742 298; x_wconf 84' lang='lat' dir='ltr'>verba</span> <span class='ocrx_word' id='word_1_25' title='bbox 1754 277 1765 298; x_wconf 94' lang='lat'>.·</span> <span class='ocrx_word' id='word_1_26' title='bbox 1791 268 1846 299; x_wconf 71' lang='lat' dir='ltr'>His</span> <span class='ocrx_word' id='word_1_27' title='bbox 1857 266 1968 301; x_wconf 78' lang='lat' dir='ltr'>talibus</span> <span class='ocrx_word' id='word_1_28' title='bbox 1989 268 2025 302; x_wconf 63' lang='grc' dir='ltr'>ὦ·</span> <span class='ocrx_word' id='word_1_29' title='bbox 2033 275 2133 302; x_wconf 82' lang='lat' dir='ltr'>contra</span> 
     </span>
    </p>
   </div>
   <div class='ocr_carea' id='block_1_9' title="bbox 318 308 2133 360">
    <p class='ocr_par' dir='ltr' id='par_1_9' title="bbox 318 308 2133 360">
     <span class='ocr_line' id='line_1_9' title="bbox 318 308 2133 360; baseline 0.002 -12"><span class='ocrx_word' id='word_1_30' title='bbox 318 313 445 348; x_wconf 87' lang='lat' dir='ltr'>nodum</span> <span class='ocrx_word' id='word_1_31' title='bbox 468 309 631 344; x_wconf 81' lang='lat' dir='ltr'>declarato</span> <span class='ocrx_word' id='word_1_32' title='bbox 654 308 826 344; x_wconf 84' lang='lat' dir='ltr'>dumtaxat</span> <span class='ocrx_word' id='word_1_33' title='bbox 853 308 1204 347; x_wconf 28' lang='lat' dir='ltr'>acinnovatozeHiuc</span> <span class='ocrx_word' id='word_1_34' title='bbox 1263 311 1385 349; x_wconf 80' lang='lat' dir='ltr'>Imperii</span> <span class='ocrx_word' id='word_1_35' title='bbox 1409 312 1592 353; x_wconf 66' lang='lat' dir='ltr'>Maiestatem</span> <span class='ocrx_word' id='word_1_36' title='bbox 1605 336 1617 354; x_wconf 87' lang='lat'>,</span> <span class='ocrx_word' id='word_1_37' title='bbox 1643 316 1678 349; x_wconf 66' lang='grc' dir='ltr'>ὁ·</span> <span class='ocrx_word' id='word_1_38' title='bbox 1704 322 1807 348; x_wconf 86' lang='lat' dir='ltr'>contra</span> <span class='ocrx_word' id='word_1_39' title='bbox 1829 323 2030 355; x_wconf 75' lang='lat' dir='ltr'>reverentiam</span> <span class='ocrx_word' id='word_1_40' title='bbox 2060 323 2133 360; x_wconf 76' lang='lat' dir='ltr'>Apo-</span> 
     </span>
    </p>
   </div>
   <div class='ocr_carea' id='block_1_10' title="bbox 314 356 2132 457">
    <p class='ocr_par' dir='ltr' id='par_1_10' title="bbox 314 356 2132 457">
     <span class='ocr_line' id='line_1_10' title="bbox 316 356 2126 412; baseline 0.001 -15"><span class='ocrx_word' id='word_1_41' title='bbox 316 364 412 397; x_wconf 86' lang='lat' dir='ltr'>etiam</span> <span class='ocrx_word' id='word_1_42' title='bbox 434 361 469 393; x_wconf 87' lang='lat' dir='ltr'>in</span> <span class='ocrx_word' id='word_1_43' title='bbox 484 360 539 393; x_wconf 85' lang='lat' dir='ltr'>sua</span> <span class='ocrx_word' id='word_1_44' title='bbox 550 359 622 405; x_wconf 88' lang='lat' dir='ltr'>lege</span> <span class='ocrx_word' id='word_1_45' title='bbox 633 358 813 404; x_wconf 55' lang='lat' dir='ltr'>Impeiaeor</span> <span class='ocrx_word' id='word_1_46' title='bbox 826 359 1103 411; x_wconf 79' lang='lat' dir='ltr'>Valentinianus,</span> <span class='ocrx_word' id='word_1_47' title='bbox 1119 359 1204 402; x_wconf 76' lang='lat' dir='ltr'>post·</span> <span class='ocrx_word' id='word_1_48' title='bbox 1256 356 1365 397; x_wconf 79' lang='lat' dir='ltr'>stolicae</span> <span class='ocrx_word' id='word_1_49' title='bbox 1389 360 1474 396; x_wconf 73' lang='lat' dir='ltr'>Sedis.</span> <span class='ocrx_word' id='word_1_50' title='bbox 1494 365 1622 404; x_wconf 81' lang='lat' dir='ltr'>admiffis</span> <span class='ocrx_word' id='word_1_51' title='bbox 1641 388 1653 405; x_wconf 93' lang='lat'><strong><em>,</em></strong></span> <span class='ocrx_word' id='word_1_52' title='bbox 1672 372 1728 407; x_wconf 81' lang='lat' dir='ltr'>per</span> <span class='ocrx_word' id='word_1_53' title='bbox 1753 367 1886 402; x_wconf 76' lang='lat' dir='ltr'>ordinem</span> <span class='ocrx_word' id='word_1_54' title='bbox 1910 368 2043 412; x_wconf 71' lang='lat' dir='ltr'>Reltgrofi</span> <span class='ocrx_word' id='word_1_55' title='bbox 2063 373 2126 401; x_wconf 73' lang='lat' dir='ltr'>vm</span> 
     </span>
     <span class='ocr_line' id='line_1_11' title="bbox 314 407 2132 457; baseline 0.004 -12"><span class='ocrx_word' id='word_1_56' title='bbox 314 421 410 456; x_wconf 87' lang='lat' dir='ltr'>quam</span> <span class='ocrx_word' id='word_1_57' title='bbox 433 409 558 444; x_wconf 80' lang='lat' dir='ltr'>dixerat</span> <span class='ocrx_word' id='word_1_58' title='bbox 589 420 764 444; x_wconf 89' lang='lat' dir='ltr'>evocatum</span> <span class='ocrx_word' id='word_1_59' title='bbox 795 410 814 444; x_wconf 72' lang='grc' dir='ltr'>ὸ,</span> <span class='ocrx_word' id='word_1_60' title='bbox 851 408 1009 444; x_wconf 84' lang='lat' dir='ltr'>Romano</span> <span class='ocrx_word' id='word_1_61' title='bbox 1037 409 1202 444; x_wconf 86' lang='lat' dir='ltr'>Pontifice</span> <span class='ocrx_word' id='word_1_62' title='bbox 1263 407 1351 443; x_wconf 83' lang='lat' dir='ltr'><em>Urbis</em></span> <span class='ocrx_word' id='word_1_63' title='bbox 1385 411 1480 451; x_wconf 87' lang='lat' dir='ltr'>Papae</span> <span class='ocrx_word' id='word_1_64' title='bbox 1509 420 1666 457; x_wconf 72' lang='lat' dir='ltr'><em>cognitione</em></span> <span class='ocrx_word' id='word_1_65' title='bbox 1693 413 1818 457; x_wconf 64' lang='lat' dir='ltr'>discussis</span> <span class='ocrx_word' id='word_1_66' title='bbox 1846 439 1858 456; x_wconf 87' lang='lat'>‚</span> <span class='ocrx_word' id='word_1_67' title='bbox 1879 427 1960 451; x_wconf 84' lang='lat' dir='ltr'>certa</span> <span class='ocrx_word' id='word_1_68' title='bbox 1987 424 2020 450; x_wconf 75' lang='lat' dir='ltr'>in</span> <span class='ocrx_word' id='word_1_69' title='bbox 2050 419 2132 455; x_wconf 68' lang='lat' dir='ltr'>Hila-</span> 
     </span>
    </p>
   </div>
   <div class='ocr_carea' id='block_1_11' title="bbox 299 459 1202 1108">
    <p class='ocr_par' dir='ltr' id='par_1_11' title="bbox 299 459 1202 1108">
     <span class='ocr_line' id='line_1_12' title="bbox 313 459 1202 510; baseline -0.003 -15"><span class='ocrx_word' id='word_1_70' title='bbox 313 460 515 510; x_wconf 74' lang='lat' dir='ltr'>Episcoputn</span> <span class='ocrx_word' id='word_1_71' title='bbox 536 460 628 494; x_wconf 74' lang='lat' dir='ltr'>effea</span> <span class='ocrx_word' id='word_1_72' title='bbox 641 461 781 495; x_wconf 69' lang='lat' dir='ltr'>Restore</span> <span class='ocrx_word' id='word_1_73' title='bbox 794 459 978 494; x_wconf 64' lang='lat' dir='ltr'>Provinciae</span> <span class='ocrx_word' id='word_1_74' title='bbox 1002 459 1202 503; x_wconf 85' lang='lat' dir='ltr'>compellen-</span> 
     </span>
     <span class='ocr_line' id='line_1_13' title="bbox 311 508 1201 551; baseline -0.003 -7"><span class='ocrx_word' id='word_1_75' title='bbox 311 510 391 545; x_wconf 85' lang='lat' dir='ltr'>dum</span> <span class='ocrx_word' id='word_1_76' title='bbox 423 509 464 544; x_wconf 85' lang='lat' dir='ltr'>ad</span> <span class='ocrx_word' id='word_1_77' title='bbox 485 509 710 546; x_wconf 82' lang='lat' dir='ltr'>obedientiam</span> <span class='ocrx_word' id='word_1_78' title='bbox 732 535 743 551; x_wconf 94' lang='lat'>‚</span> <span class='ocrx_word' id='word_1_79' title='bbox 768 509 875 544; x_wconf 85' lang='lat' dir='ltr'>statim</span> <span class='ocrx_word' id='word_1_80' title='bbox 916 508 1110 551; x_wconf 81' lang='lat' dir='ltr'>subjunxit:</span> <span class='ocrx_word' id='word_1_81' title='bbox 1141 512 1201 544; x_wconf 83' lang='lat' dir='ltr'>Per</span> 
     </span>
     <span class='ocr_line' id='line_1_14' title="bbox 309 558 1199 604; baseline -0.004 -10"><span class='ocrx_word' id='word_1_82' title='bbox 309 566 409 594; x_wconf 76' lang='lat' dir='ltr'>omnia</span> <span class='ocrx_word' id='word_1_83' title='bbox 448 558 581 604; x_wconf 81' lang='lat' dir='ltr'>servatis</span> <span class='ocrx_word' id='word_1_84' title='bbox 615 585 627 601; x_wconf 91' lang='lat'>,</span> <span class='ocrx_word' id='word_1_85' title='bbox 657 572 725 602; x_wconf 82' lang='lat' dir='ltr'>quae</span> <span class='ocrx_word' id='word_1_86' title='bbox 749 563 827 594; x_wconf 82' lang='lat' dir='ltr'>Divi</span> <span class='ocrx_word' id='word_1_87' title='bbox 857 562 1003 594; x_wconf 84' lang='lat' dir='ltr'>Parentes</span> <span class='ocrx_word' id='word_1_88' title='bbox 1036 560 1124 599; x_wconf 85' lang='lat' dir='ltr'>nostri</span> <span class='ocrx_word' id='word_1_89' title='bbox 1144 561 1199 591; x_wconf 82' lang='lat' dir='ltr'>Ro·</span> 
     </span>
     <span class='ocr_line' id='line_1_15' title="bbox 310 606 1198 652; baseline -0.001 -8"><span class='ocrx_word' id='word_1_90' title='bbox 310 622 409 645; x_wconf 80' lang='lat' dir='ltr'>manae</span> <span class='ocrx_word' id='word_1_91' title='bbox 433 609 569 652; x_wconf 83' lang='lat' dir='ltr'>Ecclefiae</span> <span class='ocrx_word' id='word_1_92' title='bbox 590 611 757 645; x_wconf 79' lang='lat' dir='ltr'>detulerunt</span> <span class='ocrx_word' id='word_1_93' title='bbox 778 635 786 643; x_wconf 90' lang='lat'>.</span> <span class='ocrx_word' id='word_1_94' title='bbox 814 608 966 645; x_wconf 87' lang='lat' dir='ltr'>Affirmat</span> <span class='ocrx_word' id='word_1_95' title='bbox 986 606 1051 641; x_wconf 79' lang='lat' dir='ltr'>haec</span> <span class='ocrx_word' id='word_1_96' title='bbox 1075 607 1198 643; x_wconf 80' lang='lat' dir='ltr'>Roma-</span> 
     </span>
     <span class='ocr_line' id='line_1_16' title="bbox 308 657 1196 711; baseline -0.006 -15"><span class='ocrx_word' id='word_1_97' title='bbox 308 673 359 697; x_wconf 79' lang='lat' dir='ltr'>nae</span> <span class='ocrx_word' id='word_1_98' title='bbox 379 660 471 696; x_wconf 89' lang='lat' dir='ltr'>Sedis</span> <span class='ocrx_word' id='word_1_99' title='bbox 490 660 669 706; x_wconf 78' lang='lat' dir='ltr'>Privilegia</span> <span class='ocrx_word' id='word_1_100' title='bbox 689 663 752 696; x_wconf 67' lang='lat' dir='ltr'>esse</span> <span class='ocrx_word' id='word_1_101' title='bbox 774 659 875 705; x_wconf 76' lang='lat' dir='ltr'>longe</span> <span class='ocrx_word' id='word_1_102' title='bbox 900 657 1122 711; x_wconf 47' lang='lat' dir='ltr'>§ntiquisfima</span> <span class='ocrx_word' id='word_1_103' title='bbox 1140 681 1152 699; x_wconf 91' lang='lat'>,</span> <span class='ocrx_word' id='word_1_104' title='bbox 1177 657 1196 691; x_wconf 73' lang='grc' dir='ltr'>ὲ</span> 
     </span>
     <span class='ocr_line' id='line_1_17' title="bbox 307 707 1196 754; baseline -0.002 -8"><span class='ocrx_word' id='word_1_105' title='bbox 307 710 508 746; x_wconf 82' lang='lat' dir='ltr'>Christianis</span> <span class='ocrx_word' id='word_1_106' title='bbox 519 710 774 754; x_wconf 85' lang='lat' dir='ltr'>Imperatoribus</span> <span class='ocrx_word' id='word_1_107' title='bbox 786 711 907 753; x_wconf 82' lang='lat' dir='ltr'>semper</span> <span class='ocrx_word' id='word_1_108' title='bbox 931 709 1044 753; x_wconf 85' lang='lat' dir='ltr'>agnita</span> <span class='ocrx_word' id='word_1_109' title='bbox 1055 733 1066 749; x_wconf 89' lang='lat'><strong>,</strong></span> <span class='ocrx_word' id='word_1_110' title='bbox 1090 707 1196 744; x_wconf 87' lang='lat' dir='ltr'>hono-</span> 
     </span>
     <span class='ocr_line' id='line_1_18' title="bbox 305 758 1192 805; baseline -0.005 -9"><span class='ocrx_word' id='word_1_111' title='bbox 305 771 398 802; x_wconf 82' lang='lat' dir='ltr'>rata,</span> <span class='ocrx_word' id='word_1_112' title='bbox 424 771 520 805; x_wconf 77' lang='lat' dir='ltr'>atque</span> <span class='ocrx_word' id='word_1_113' title='bbox 530 761 684 803; x_wconf 83' lang='lat' dir='ltr'>defensa.</span> <span class='ocrx_word' id='word_1_114' title='bbox 711 760 765 795; x_wconf 78' lang='lat' dir='ltr'>Ex</span> <span class='ocrx_word' id='word_1_115' title='bbox 787 759 906 804; x_wconf 70' lang='lat' dir='ltr'>quibus</span> <span class='ocrx_word' id='word_1_116' title='bbox 930 758 1084 794; x_wconf 88' lang='lat' dir='ltr'>omnibus</span> <span class='ocrx_word' id='word_1_117' title='bbox 1106 759 1192 794; x_wconf 91' lang='lat' dir='ltr'>lucet</span> 
     </span>
     <span class='ocr_line' id='line_1_19' title="bbox 549 807 1190 859; baseline -0.005 -14"><span class='ocrx_word' id='word_1_118' title='bbox 549 809 767 859; x_wconf 79' lang='lat' dir='ltr'>Qesnellum</span> <span class='ocrx_word' id='word_1_119' title='bbox 811 821 881 845; x_wconf 87' lang='lat' dir='ltr'>non</span> <span class='ocrx_word' id='word_1_120' title='bbox 913 807 1123 844; x_wconf 68' lang='lat' dir='ltr'>solummodo</span> <span class='ocrx_word' id='word_1_121' title='bbox 1156 810 1190 843; x_wconf 91' lang='lat' dir='ltr'>in</span> 
     </span>
     <span class='ocr_line' id='line_1_20' title="bbox 310 857 1191 906; baseline -0.002 -12"><span class='ocrx_word' id='word_1_122' title='bbox 310 861 477 906; x_wconf 85' lang='lat' dir='ltr'>Magnum</span> <span class='ocrx_word' id='word_1_123' title='bbox 502 859 679 902; x_wconf 81' lang='lat' dir='ltr'>Leonem,</span> <span class='ocrx_word' id='word_1_124' title='bbox 705 859 868 895; x_wconf 85' lang='lat' dir='ltr'>sedetiam</span> <span class='ocrx_word' id='word_1_125' title='bbox 893 859 928 892; x_wconf 90' lang='lat' dir='ltr'>in</span> <span class='ocrx_word' id='word_1_126' title='bbox 954 857 1103 893; x_wconf 63' lang='lat' dir='ltr'>Sanctum</span> <span class='ocrx_word' id='word_1_127' title='bbox 1128 859 1191 896; x_wconf 88' lang='lat' dir='ltr'>Hi·</span> 
     </span>
     <span class='ocr_line' id='line_1_21' title="bbox 301 909 1188 956; baseline -0.001 -12"><span class='ocrx_word' id='word_1_128' title='bbox 301 910 418 945; x_wconf 85' lang='lat' dir='ltr'>larium</span> <span class='ocrx_word' id='word_1_129' title='bbox 444 912 508 946; x_wconf 76' lang='lat' dir='ltr'>esse</span> <span class='ocrx_word' id='word_1_130' title='bbox 534 911 687 956; x_wconf 85' lang='lat' dir='ltr'>iniquum</span> <span class='ocrx_word' id='word_1_131' title='bbox 709 934 717 942; x_wconf 89' lang='lat'><strong>.</strong></span> <span class='ocrx_word' id='word_1_132' title='bbox 745 909 837 945; x_wconf 87' lang='lat' dir='ltr'>Huic</span> <span class='ocrx_word' id='word_1_133' title='bbox 857 909 946 945; x_wconf 85' lang='lat' dir='ltr'>enim</span> <span class='ocrx_word' id='word_1_134' title='bbox 966 932 978 949; x_wconf 89' lang='lat'><strong>,</strong></span> <span class='ocrx_word' id='word_1_135' title='bbox 1004 909 1060 952; x_wconf 87' lang='lat' dir='ltr'>qui</span> <span class='ocrx_word' id='word_1_136' title='bbox 1083 909 1188 944; x_wconf 89' lang='lat' dir='ltr'>solum</span> 
     </span>
     <span class='ocr_line' id='line_1_22' title="bbox 299 957 1189 1005; baseline -0.001 -11"><span class='ocrx_word' id='word_1_137' title='bbox 299 960 530 1005; x_wconf 83' lang='lat' dir='ltr'>prosequendae</span> <span class='ocrx_word' id='word_1_138' title='bbox 541 959 788 1005; x_wconf 84' lang='lat' dir='ltr'>Appellationis</span> <span class='ocrx_word' id='word_1_139' title='bbox 808 959 945 994; x_wconf 83' lang='lat' dir='ltr'>modum</span> <span class='ocrx_word' id='word_1_140' title='bbox 966 957 1105 999; x_wconf 79' lang='lat' dir='ltr'>invasit,</span> <span class='ocrx_word' id='word_1_141' title='bbox 1131 959 1189 993; x_wconf 89' lang='lat' dir='ltr'>im-</span> 
     </span>
     <span class='ocr_line' id='line_1_23' title="bbox 299 1008 1186 1056; baseline -0.002 -11"><span class='ocrx_word' id='word_1_142' title='bbox 299 1011 397 1054; x_wconf 80' lang='lat' dir='ltr'>ponit</span> <span class='ocrx_word' id='word_1_143' title='bbox 427 1010 517 1056; x_wconf 87' lang='lat' dir='ltr'>quod</span> <span class='ocrx_word' id='word_1_144' title='bbox 543 1011 703 1046; x_wconf 84' lang='lat' dir='ltr'>destruere</span> <span class='ocrx_word' id='word_1_145' title='bbox 723 1009 855 1045; x_wconf 86' lang='lat' dir='ltr'>tentarit</span> <span class='ocrx_word' id='word_1_146' title='bbox 875 1018 1008 1042; x_wconf 88' lang='lat' dir='ltr'>omnem</span> <span class='ocrx_word' id='word_1_147' title='bbox 1030 1008 1098 1050; x_wconf 85' lang='lat' dir='ltr'>ejus</span> <span class='ocrx_word' id='word_1_148' title='bbox 1119 1009 1186 1043; x_wconf 88' lang='lat' dir='ltr'>sub·</span> 
     </span>
     <span class='ocr_line' id='line_1_24' title="bbox 510 1056 1186 1108; baseline -0.006 -11"><span class='ocrx_word' id='word_1_149' title='bbox 510 1061 615 1108; x_wconf 81' lang='lat' dir='ltr'>Qud</span> <span class='ocrx_word' id='word_1_150' title='bbox 638 1059 714 1095; x_wconf 87' lang='lat' dir='ltr'>fieri</span> <span class='ocrx_word' id='word_1_151' title='bbox 734 1069 802 1093; x_wconf 87' lang='lat' dir='ltr'>non</span> <span class='ocrx_word' id='word_1_152' title='bbox 824 1056 920 1103; x_wconf 85' lang='lat' dir='ltr'>poffit</span> <span class='ocrx_word' id='word_1_153' title='bbox 946 1057 1027 1093; x_wconf 86' lang='lat' dir='ltr'>citra</span> <span class='ocrx_word' id='word_1_154' title='bbox 1045 1059 1186 1094; x_wconf 85' lang='lat' dir='ltr'>manife—</span> 
     </span>
    </p>
   </div>
   <div class='ocr_carea' id='block_1_12' title="bbox 308 810 516 845">
    <p class='ocr_par' dir='ltr' id='par_1_12' title="bbox 308 810 516 845">
     <span class='ocr_line' id='line_1_25' title="bbox 308 810 516 845; baseline 0.005 -1"><span class='ocrx_word' id='word_1_155' title='bbox 308 810 516 845; x_wconf 75' lang='lat' dir='ltr'>paschalium</span> 
     </span>
    </p>
   </div>
   <div class='ocr_carea' id='block_1_13' title="bbox 292 1060 572 1145">
    <p class='ocr_par' dir='ltr' id='par_1_13' title="bbox 292 1060 572 1145">
     <span class='ocr_line' id='line_1_26' title="bbox 295 1060 482 1096; baseline -0.005 -2"><span class='ocrx_word' id='word_1_156' title='bbox 295 1060 451 1096; x_wconf 82' lang='lat' dir='ltr'>stantiam</span> <span class='ocrx_word' id='word_1_157' title='bbox 475 1086 482 1093; x_wconf 92' lang='lat'>.</span> 
     </span>
     <span class='ocr_line' id='line_1_27' title="bbox 292 1109 572 1145; baseline -0.004 -1"><span class='ocrx_word' id='word_1_158' title='bbox 292 1109 375 1145; x_wconf 74' lang='lat' dir='ltr'>stam</span> <span class='ocrx_word' id='word_1_159' title='bbox 395 1111 548 1145; x_wconf 79' lang='lat' dir='ltr'>Haeresim</span> <span class='ocrx_word' id='word_1_160' title='bbox 564 1134 572 1143; x_wconf 94' lang='lat'><strong><em>.</em></strong></span> 
     </span>
    </p>
   </div>
   <div class='ocr_carea' id='block_1_14' title="bbox 1197 806 1215 979">
    <p class='ocr_par' dir='ltr' id='par_1_14' title="bbox 1197 806 1215 979">
     <span class='ocr_line' id='line_1_28' title="bbox 1197 806 1215 979; baseline 0 -49"><span class='ocrx_word' id='word_1_161' title='bbox 1197 806 1215 979; x_wconf 95' lang='lat' dir='ltr'>   </span> 
     </span>
    </p>
   </div>
   <div class='ocr_carea' id='block_1_15' title="bbox 1249 459 2142 1159">
    <p class='ocr_par' dir='ltr' id='par_1_15' title="bbox 1249 459 2142 1159">
     <span class='ocr_line' id='line_1_29' title="bbox 1262 459 2132 511; baseline 0.014 -21"><span class='ocrx_word' id='word_1_162' title='bbox 1262 463 1340 492; x_wconf 81' lang='lat' dir='ltr'>rium</span> <span class='ocrx_word' id='word_1_163' title='bbox 1378 471 1416 492; x_wconf 80' lang='lat' dir='ltr'>ex</span> <span class='ocrx_word' id='word_1_164' title='bbox 1434 459 1483 494; x_wconf 83' lang='lat' dir='ltr'>his</span> <span class='ocrx_word' id='word_1_165' title='bbox 1505 485 1517 503; x_wconf 82' lang='lat'><em>,</em></span> <span class='ocrx_word' id='word_1_166' title='bbox 1547 475 1615 506; x_wconf 81' lang='lat' dir='ltr'>quae</span> <span class='ocrx_word' id='word_1_167' title='bbox 1638 466 1715 498; x_wconf 74' lang='lat' dir='ltr'>male?</span> <span class='ocrx_word' id='word_1_168' title='bbox 1737 468 1929 499; x_wconf 71' lang='lat' dir='ltr'>ordinaverat</span> <span class='ocrx_word' id='word_1_169' title='bbox 1949 491 1960 506; x_wconf 89' lang='lat'><strong>,</strong></span> <span class='ocrx_word' id='word_1_170' title='bbox 1985 469 2048 501; x_wconf 86' lang='lat' dir='ltr'>lata</span> <span class='ocrx_word' id='word_1_171' title='bbox 2066 467 2132 511; x_wconf 59' lang='lat' dir='ltr'>seto-</span> 
     </span>
     <span class='ocr_line' id='line_1_30' title="bbox 1260 510 2128 559; baseline 0.012 -20"><span class='ocrx_word' id='word_1_172' title='bbox 1260 515 1358 543; x_wconf 84' lang='lat' dir='ltr'>tentia</span> <span class='ocrx_word' id='word_1_173' title='bbox 1368 510 1423 550; x_wconf 82' lang='lat' dir='ltr'>est.</span> <span class='ocrx_word' id='word_1_174' title='bbox 1452 511 1523 545; x_wconf 81' lang='lat' dir='ltr'>Alii</span> <span class='ocrx_word' id='word_1_175' title='bbox 1542 513 1676 558; x_wconf 84' lang='lat' dir='ltr'>legunt:</span> <span class='ocrx_word' id='word_1_176' title='bbox 1704 517 1787 559; x_wconf 65' lang='lat' dir='ltr'>,Quos</span> <span class='ocrx_word' id='word_1_177' title='bbox 1809 516 1886 549; x_wconf 67' lang='lat' dir='ltr'>mals²</span> <span class='ocrx_word' id='word_1_178' title='bbox 1910 518 2128 551; x_wconf 76' lang='lat' dir='ltr'>ordinaverat.</span> 
     </span>
     <span class='ocr_line' id='line_1_31' title="bbox 1261 558 2134 610; baseline 0.01 -18"><span class='ocrx_word' id='word_1_179' title='bbox 1261 558 1305 593; x_wconf 88' lang='lat' dir='ltr'>Et</span> <span class='ocrx_word' id='word_1_180' title='bbox 1325 561 1465 595; x_wconf 87' lang='lat' dir='ltr'>omnino</span> <span class='ocrx_word' id='word_1_181' title='bbox 1487 560 1612 597; x_wconf 82' lang='lat' dir='ltr'>videtur</span> <span class='ocrx_word' id='word_1_182' title='bbox 1636 564 1682 599; x_wconf 88' lang='lat' dir='ltr'>ita</span> <span class='ocrx_word' id='word_1_183' title='bbox 1700 565 1876 610; x_wconf 85' lang='lat' dir='ltr'>legendum</span> <span class='ocrx_word' id='word_1_184' title='bbox 1890 589 1897 596; x_wconf 89' lang='lat'><strong>.</strong></span> <span class='ocrx_word' id='word_1_185' title='bbox 1922 564 2031 600; x_wconf 84' lang='lat' dir='ltr'>Verba</span> <span class='ocrx_word' id='word_1_186' title='bbox 2051 568 2134 601; x_wconf 88' lang='lat' dir='ltr'>affir-</span> 
     </span>
     <span class='ocr_line' id='line_1_32' title="bbox 1259 611 2130 657; baseline 0.011 -15"><span class='ocrx_word' id='word_1_187' title='bbox 1259 619 1350 644; x_wconf 83' lang='lat' dir='ltr'>mant</span> <span class='ocrx_word' id='word_1_188' title='bbox 1372 634 1383 650; x_wconf 92' lang='lat'>,</span> <span class='ocrx_word' id='word_1_189' title='bbox 1419 611 1509 654; x_wconf 86' lang='lat' dir='ltr'>quod</span> <span class='ocrx_word' id='word_1_190' title='bbox 1531 611 1674 656; x_wconf 84' lang='lat' dir='ltr'>Magnus</span> <span class='ocrx_word' id='word_1_191' title='bbox 1707 614 1779 649; x_wconf 90' lang='lat' dir='ltr'>Leo</span> <span class='ocrx_word' id='word_1_192' title='bbox 1801 627 1878 657; x_wconf 16' lang='lat' dir='ltr'>non*</span> <span class='ocrx_word' id='word_1_193' title='bbox 1900 615 1985 650; x_wconf 88' lang='lat' dir='ltr'>solas</span> <span class='ocrx_word' id='word_1_194' title='bbox 2007 616 2130 652; x_wconf 83' lang='lat' dir='ltr'>Hilarii</span> 
     </span>
     <span class='ocr_line' id='line_1_33' title="bbox 1257 659 2132 709; baseline 0.011 -17"><span class='ocrx_word' id='word_1_195' title='bbox 1257 659 1493 695; x_wconf 70' lang='lat' dir='ltr'>Ordinationes</span> <span class='ocrx_word' id='word_1_196' title='bbox 1512 686 1522 701; x_wconf 91' lang='lat'><em>‚</em></span> <span class='ocrx_word' id='word_1_197' title='bbox 1560 662 1613 696; x_wconf 87' lang='lat' dir='ltr'>sed</span> <span class='ocrx_word' id='word_1_198' title='bbox 1639 665 1736 699; x_wconf 80' lang='lat' dir='ltr'>etiam</span> <span class='ocrx_word' id='word_1_199' title='bbox 1757 666 1996 701; x_wconf 84' lang='lat' dir='ltr'>Ordinatorum</span> <span class='ocrx_word' id='word_1_200' title='bbox 2027 668 2132 709; x_wconf 83' lang='lat' dir='ltr'>perso-</span> 
     </span>
     <span class='ocr_line' id='line_1_34' title="bbox 1258 711 2131 756; baseline 0.01 -14"><span class='ocrx_word' id='word_1_201' title='bbox 1258 720 1314 743; x_wconf 87' lang='lat' dir='ltr'>nas</span> <span class='ocrx_word' id='word_1_202' title='bbox 1341 711 1541 754; x_wconf 83' lang='lat' dir='ltr'>synodaliter</span> <span class='ocrx_word' id='word_1_203' title='bbox 1571 711 1748 749; x_wconf 70' lang='lat' dir='ltr'>discusserit</span> <span class='ocrx_word' id='word_1_204' title='bbox 1764 739 1776 756; x_wconf 90' lang='lat'><strong>,</strong></span> <span class='ocrx_word' id='word_1_205' title='bbox 1812 728 1850 750; x_wconf 86' lang='lat' dir='ltr'>ac</span> <span class='ocrx_word' id='word_1_206' title='bbox 1873 728 1941 750; x_wconf 86' lang='lat' dir='ltr'>non</span> <span class='ocrx_word' id='word_1_207' title='bbox 1966 716 1999 749; x_wconf 90' lang='lat' dir='ltr'>in</span> <span class='ocrx_word' id='word_1_208' title='bbox 2024 717 2131 751; x_wconf 85' lang='lat' dir='ltr'>solum</span> 
     </span>
     <span class='ocr_line' id='line_1_35' title="bbox 1255 758 2132 810; baseline 0.011 -18"><span class='ocrx_word' id='word_1_209' title='bbox 1255 758 1422 794; x_wconf 83' lang='lat' dir='ltr'>Hilarium</span> <span class='ocrx_word' id='word_1_210' title='bbox 1445 785 1456 802; x_wconf 87' lang='lat'>‚</span> <span class='ocrx_word' id='word_1_211' title='bbox 1483 763 1538 795; x_wconf 88' lang='lat' dir='ltr'>sed</span> <span class='ocrx_word' id='word_1_212' title='bbox 1566 762 1664 795; x_wconf 86' lang='lat' dir='ltr'>etiam</span> <span class='ocrx_word' id='word_1_213' title='bbox 1691 763 1725 796; x_wconf 88' lang='lat' dir='ltr'>in</span> <span class='ocrx_word' id='word_1_214' title='bbox 1748 764 1880 800; x_wconf 84' lang='lat' dir='ltr'>istorum</span> <span class='ocrx_word' id='word_1_215' title='bbox 1901 766 2059 810; x_wconf 88' lang='lat' dir='ltr'>quosdam</span> <span class='ocrx_word' id='word_1_216' title='bbox 2084 778 2132 802; x_wconf 87' lang='lat' dir='ltr'>tu·</span> 
     </span>
     <span class='ocr_line' id='line_1_36' title="bbox 1255 808 2132 858; baseline 0.01 -16"><span class='ocrx_word' id='word_1_217' title='bbox 1255 808 1329 843; x_wconf 89' lang='lat' dir='ltr'>lerit</span> <span class='ocrx_word' id='word_1_218' title='bbox 1349 812 1540 846; x_wconf 86' lang='lat' dir='ltr'>sententiam</span> <span class='ocrx_word' id='word_1_219' title='bbox 1564 837 1570 844; x_wconf 92' lang='lat'>.</span> <span class='ocrx_word' id='word_1_220' title='bbox 1600 812 1730 856; x_wconf 86' lang='lat' dir='ltr'>Utique</span> <span class='ocrx_word' id='word_1_221' title='bbox 1751 812 2025 858; x_wconf 74' lang='lat' dir='ltr'>degradationis.</span> <span class='ocrx_word' id='word_1_222' title='bbox 2054 818 2132 851; x_wconf 88' lang='lat' dir='ltr'>Res·</span> 
     </span>
     <span class='ocr_line' id='line_1_37' title="bbox 1255 859 2131 908; baseline 0.01 -16"><span class='ocrx_word' id='word_1_223' title='bbox 1255 859 1386 901; x_wconf 89' lang='lat' dir='ltr'>pondeo</span> <span class='ocrx_word' id='word_1_224' title='bbox 1409 870 1516 895; x_wconf 86' lang='lat' dir='ltr'>tamen</span> <span class='ocrx_word' id='word_1_225' title='bbox 1551 861 1596 895; x_wconf 88' lang='lat' dir='ltr'>ita</span> <span class='ocrx_word' id='word_1_226' title='bbox 1615 873 1683 908; x_wconf 80' lang='lat' dir='ltr'>non</span> <span class='ocrx_word' id='word_1_227' title='bbox 1713 863 1798 897; x_wconf 78' lang='lat' dir='ltr'>esse.</span> <span class='ocrx_word' id='word_1_228' title='bbox 1829 865 1963 901; x_wconf 85' lang='lat' dir='ltr'>Etenim</span> <span class='ocrx_word' id='word_1_229' title='bbox 1987 866 2131 903; x_wconf 85' lang='lat' dir='ltr'>Novella</span> 
     </span>
     <span class='ocr_line' id='line_1_38' title="bbox 1255 909 2142 957; baseline 0.008 -14"><span class='ocrx_word' id='word_1_230' title='bbox 1255 909 1361 944; x_wconf 81' lang='lat' dir='ltr'>statim</span> <span class='ocrx_word' id='word_1_231' title='bbox 1382 910 1491 945; x_wconf 88' lang='lat' dir='ltr'>subdit</span> <span class='ocrx_word' id='word_1_232' title='bbox 1514 924 1526 944; x_wconf 75' lang='lat'>.-</span> <span class='ocrx_word' id='word_1_233' title='bbox 1553 913 1702 945; x_wconf 66' lang='lat' dir='ltr'>Hilarium</span> <span class='ocrx_word' id='word_1_234' title='bbox 1727 912 1824 947; x_wconf 85' lang='lat' dir='ltr'>adbuc</span> <span class='ocrx_word' id='word_1_235' title='bbox 1848 914 2027 957; x_wconf 81' lang='lat' dir='ltr'>Episcopum</span> <span class='ocrx_word' id='word_1_236' title='bbox 2053 928 2142 949; x_wconf 81' lang='lat' dir='ltr'>nun·=</span> 
     </span>
     <span class='ocr_line' id='line_1_39' title="bbox 1251 959 2130 1007; baseline 0.008 -16"><span class='ocrx_word' id='word_1_237' title='bbox 1251 966 1354 1001; x_wconf 80' lang='lat' dir='ltr'>cupari</span> <span class='ocrx_word' id='word_1_238' title='bbox 1385 959 1449 1003; x_wconf 83' lang='lat' dir='ltr'>sola</span> <span class='ocrx_word' id='word_1_239' title='bbox 1481 959 1625 1003; x_wconf 85' lang='lat' dir='ltr'>mansueti</span> <span class='ocrx_word' id='word_1_240' title='bbox 1658 960 1797 1004; x_wconf 81' lang='lat' dir='ltr'>Praesulis</span> <span class='ocrx_word' id='word_1_241' title='bbox 1835 967 1941 1007; x_wconf 82' lang='lat' dir='ltr'>Leonis</span> <span class='ocrx_word' id='word_1_242' title='bbox 1974 970 2130 1005; x_wconf 69' lang='lat' dir='ltr'>pernuttit</span> 
     </span>
     <span class='ocr_line' id='line_1_40' title="bbox 1251 1007 2126 1057; baseline 0.008 -16"><span class='ocrx_word' id='word_1_243' title='bbox 1251 1007 1428 1043; x_wconf 76' lang='lat' dir='ltr'>humanitas</span> <span class='ocrx_word' id='word_1_244' title='bbox 1448 1036 1456 1044; x_wconf 89' lang='lat'><strong>.</strong></span> <span class='ocrx_word' id='word_1_245' title='bbox 1482 1011 1634 1046; x_wconf 82' lang='lat' dir='ltr'>Affirmat</span> <span class='ocrx_word' id='word_1_246' title='bbox 1663 1011 1834 1046; x_wconf 85' lang='lat' dir='ltr'>Hilarium</span> <span class='ocrx_word' id='word_1_247' title='bbox 1861 1009 1954 1048; x_wconf 73' lang='lat' dir='ltr'>fuisse</span> <span class='ocrx_word' id='word_1_248' title='bbox 1974 1014 2126 1057; x_wconf 87' lang='lat' dir='ltr'>degrada·</span> 
     </span>
     <span class='ocr_line' id='line_1_41' title="bbox 1250 1059 2131 1107; baseline 0.007 -15"><span class='ocrx_word' id='word_1_249' title='bbox 1250 1059 1341 1093; x_wconf 91' lang='lat' dir='ltr'>tione</span> <span class='ocrx_word' id='word_1_250' title='bbox 1357 1060 1581 1105; x_wconf 86' lang='lat' dir='ltr'>digniffimum</span> <span class='ocrx_word' id='word_1_251' title='bbox 1607 1085 1618 1102; x_wconf 92' lang='lat'>‚</span> <span class='ocrx_word' id='word_1_252' title='bbox 1643 1061 1785 1106; x_wconf 76' lang='lat' dir='ltr'>gratiose</span> <span class='ocrx_word' id='word_1_253' title='bbox 1809 1072 1918 1097; x_wconf 88' lang='lat' dir='ltr'>tamen</span> <span class='ocrx_word' id='word_1_254' title='bbox 1941 1074 1980 1097; x_wconf 85' lang='lat' dir='ltr'>ac</span> <span class='ocrx_word' id='word_1_255' title='bbox 2003 1063 2131 1107; x_wconf 88' lang='lat' dir='ltr'>dispen-</span> 
     </span>
     <span class='ocr_line' id='line_1_42' title="bbox 1249 1109 2131 1159; baseline 0.006 -17"><span class='ocrx_word' id='word_1_256' title='bbox 1249 1109 1364 1145; x_wconf 77' lang='lat' dir='ltr'>satorie</span> <span class='ocrx_word' id='word_1_257' title='bbox 1391 1123 1459 1144; x_wconf 88' lang='lat' dir='ltr'>non</span> <span class='ocrx_word' id='word_1_258' title='bbox 1479 1111 1691 1156; x_wconf 81' lang='lat' dir='ltr'>degradatum</span> <span class='ocrx_word' id='word_1_259' title='bbox 1715 1138 1722 1145; x_wconf 93' lang='lat'>.</span> <span class='ocrx_word' id='word_1_260' title='bbox 1750 1112 1886 1147; x_wconf 84' lang='lat' dir='ltr'>Interim</span> <span class='ocrx_word' id='word_1_261' title='bbox 1910 1114 1974 1148; x_wconf 84' lang='lat' dir='ltr'>fuir</span> <span class='ocrx_word' id='word_1_262' title='bbox 1996 1113 2131 1159; x_wconf 81' lang='lat' dir='ltr'>insigni·</span> 
     </span>
    </p>
   </div>
   <div class='ocr_carea' id='block_1_16' title="bbox 1224 482 1250 1135">
    <p class='ocr_par' dir='ltr' id='par_1_16' title="bbox 1224 482 1250 1135">
     <span class='ocr_line' id='line_1_43' title="bbox 1231 482 1250 572; baseline 0 0"><span class='ocrx_word' id='word_1_263' title='bbox 1231 482 1250 572; x_wconf 95' lang='lat' dir='ltr'>  </span> 
     </span>
     <span class='ocr_line' id='line_1_44' title="bbox 1224 572 1250 1135; baseline 0 -2"><span class='ocrx_word' id='word_1_264' title='bbox 1224 572 1250 1135; x_wconf 95' lang='lat' dir='ltr'>   </span> 
     </span>
    </p>
   </div>
   <div class='ocr_carea' id='block_1_17' title="bbox 341 1156 2128 1204">
    <p class='ocr_par' dir='ltr' id='par_1_17' title="bbox 341 1156 2128 1204">
     <span class='ocr_line' id='line_1_45' title="bbox 341 1156 2128 1204; baseline 0.003 -11"><span class='ocrx_word' id='word_1_265' title='bbox 341 1156 648 1204; x_wconf 79' lang='lat' dir='ltr'>SecundaQaestio</span> <span class='ocrx_word' id='word_1_266' title='bbox 669 1157 739 1198; x_wconf 84' lang='lat' dir='ltr'>est,</span> <span class='ocrx_word' id='word_1_267' title='bbox 764 1169 807 1192; x_wconf 88' lang='lat' dir='ltr'>an</span> <span class='ocrx_word' id='word_1_268' title='bbox 833 1158 967 1195; x_wconf 71' lang='lat' dir='ltr'>Sanctus</span> <span class='ocrx_word' id='word_1_269' title='bbox 981 1158 1183 1194; x_wconf 82' lang='lat' dir='ltr'>Hilariusin</span> <span class='ocrx_word' id='word_1_270' title='bbox 1246 1169 1292 1193; x_wconf 85' lang='lat' dir='ltr'>tet</span> <span class='ocrx_word' id='word_1_271' title='bbox 1318 1160 1490 1197; x_wconf 68' lang='lat' dir='ltr'>multtatus</span> <span class='ocrx_word' id='word_1_272' title='bbox 1516 1174 1523 1194; x_wconf 92' lang='lat'>:</span> <span class='ocrx_word' id='word_1_273' title='bbox 1550 1160 1612 1196; x_wconf 88' lang='lat' dir='ltr'>Per</span> <span class='ocrx_word' id='word_1_274' title='bbox 1637 1161 1830 1197; x_wconf 84' lang='lat' dir='ltr'>divisionem</span> <span class='ocrx_word' id='word_1_275' title='bbox 1857 1175 1925 1198; x_wconf 85' lang='lat' dir='ltr'>non</span> <span class='ocrx_word' id='word_1_276' title='bbox 1954 1162 2053 1198; x_wconf 85' lang='lat' dir='ltr'>solius</span> <span class='ocrx_word' id='word_1_277' title='bbox 2079 1165 2128 1198; x_wconf 92' lang='lat' dir='ltr'>so-</span> 
     </span>
    </p>
   </div>
   <div class='ocr_carea' id='block_1_18' title="bbox 278 1206 1179 3447">
    <p class='ocr_par' dir='ltr' id='par_1_18' title="bbox 278 1206 1179 3285">
     <span class='ocr_line' id='line_1_46' title="bbox 289 1206 1179 1251; baseline 0.004 -11"><span class='ocrx_word' id='word_1_278' title='bbox 289 1206 342 1241; x_wconf 87' lang='lat' dir='ltr'>his</span> <span class='ocrx_word' id='word_1_279' title='bbox 353 1207 417 1242; x_wconf 72' lang='lat' dir='ltr'>suis</span> <span class='ocrx_word' id='word_1_280' title='bbox 438 1207 744 1251; x_wconf 68' lang='lat' dir='ltr'>praesumptionibus</span> <span class='ocrx_word' id='word_1_281' title='bbox 757 1207 860 1242; x_wconf 69' lang='lat' dir='ltr'>vistor</span> <span class='ocrx_word' id='word_1_282' title='bbox 872 1207 1024 1243; x_wconf 74' lang='lat' dir='ltr'>adversus</span> <span class='ocrx_word' id='word_1_283' title='bbox 1041 1208 1179 1244; x_wconf 85' lang='lat' dir='ltr'>Pontifi-</span> 
     </span>
     <span class='ocr_line' id='line_1_47' title="bbox 289 1258 1178 1302; baseline 0.003 -11"><span class='ocrx_word' id='word_1_284' title='bbox 289 1268 362 1292; x_wconf 85' lang='lat' dir='ltr'>cem</span> <span class='ocrx_word' id='word_1_285' title='bbox 384 1258 517 1292; x_wconf 85' lang='lat' dir='ltr'>evaserit</span> <span class='ocrx_word' id='word_1_286' title='bbox 538 1269 576 1292; x_wconf 84' lang='lat' dir='ltr'>ac</span> <span class='ocrx_word' id='word_1_287' title='bbox 603 1259 841 1302; x_wconf 78' lang='lat' dir='ltr'>permanserit?</span> <span class='ocrx_word' id='word_1_288' title='bbox 869 1258 1055 1297; x_wconf 73' lang='lat' dir='ltr'>Paschasius</span> <span class='ocrx_word' id='word_1_289' title='bbox 1117 1262 1178 1294; x_wconf 91' lang='lat' dir='ltr'>ues-</span> 
     </span>
     <span class='ocr_line' id='line_1_48' title="bbox 289 1260 1172 1353; baseline 0.001 -11"><span class='ocrx_word' id='word_1_290' title='bbox 289 1307 395 1342; x_wconf 87' lang='lat' dir='ltr'>nellus</span> <span class='ocrx_word' id='word_1_291' title='bbox 407 1308 544 1343; x_wconf 89' lang='lat' dir='ltr'>affirmat</span> <span class='ocrx_word' id='word_1_292' title='bbox 556 1322 567 1344; x_wconf 74' lang='grc'>,-</span> <span class='ocrx_word' id='word_1_293' title='bbox 595 1310 732 1342; x_wconf 80' lang='lat' dir='ltr'>Hilarius</span> <span class='ocrx_word' id='word_1_294' title='bbox 741 1307 791 1352; x_wconf 81' lang='lat' dir='ltr'>sui</span> <span class='ocrx_word' id='word_1_295' title='bbox 804 1304 945 1353; x_wconf 72' lang='lat' dir='ltr'>Propossti</span> <span class='ocrx_word' id='word_1_296' title='bbox 955 1317 1047 1344; x_wconf 73' lang='lat' dir='ltr'>tenax</span> <span class='ocrx_word' id='word_1_297' title='bbox 1059 1332 1070 1348; x_wconf 90' lang='lat'><strong><em>,</em></strong></span> <span class='ocrx_word' id='word_1_298' title='bbox 1079 1260 1172 1352; x_wconf 40' lang='lat' dir='ltr'>(km-</span> 
     </span>
     <span class='ocr_line' id='line_1_49' title="bbox 283 1357 1175 1403; baseline 0.004 -13"><span class='ocrx_word' id='word_1_299' title='bbox 283 1365 340 1400; x_wconf 82' lang='lat' dir='ltr'>per</span> <span class='ocrx_word' id='word_1_300' title='bbox 351 1360 493 1401; x_wconf 83' lang='lat' dir='ltr'>aequalis‚</span> <span class='ocrx_word' id='word_1_301' title='bbox 517 1361 608 1403; x_wconf 83' lang='lat' dir='ltr'>Jura</span> <span class='ocrx_word' id='word_1_302' title='bbox 623 1357 690 1401; x_wconf 75' lang='lat' dir='ltr'>suae</span> <span class='ocrx_word' id='word_1_303' title='bbox 701 1357 836 1400; x_wconf 82' lang='lat' dir='ltr'>Ecclefiae</span> <span class='ocrx_word' id='word_1_304' title='bbox 860 1357 995 1402; x_wconf 73' lang='lat' dir='ltr'>&amp;usque</span> <span class='ocrx_word' id='word_1_305' title='bbox 1022 1361 1066 1392; x_wconf 86' lang='lat' dir='ltr'>ad</span> <span class='ocrx_word' id='word_1_306' title='bbox 1080 1369 1175 1395; x_wconf 79' lang='lat' dir='ltr'>extre-</span> 
     </span>
     <span class='ocr_line' id='line_1_50' title="bbox 287 1407 1172 1452; baseline 0.003 -12"><span class='ocrx_word' id='word_1_307' title='bbox 287 1419 366 1441; x_wconf 85' lang='lat' dir='ltr'>mum</span> <span class='ocrx_word' id='word_1_308' title='bbox 374 1407 516 1451; x_wconf 80' lang='lat' dir='ltr'>spiritum</span> <span class='ocrx_word' id='word_1_309' title='bbox 537 1408 683 1450; x_wconf 77' lang='lat' dir='ltr'>obtinuit,</span> <span class='ocrx_word' id='word_1_310' title='bbox 711 1411 745 1443; x_wconf 74' lang='lat'><em>&amp;</em></span> <span class='ocrx_word' id='word_1_311' title='bbox 758 1420 818 1452; x_wconf 86' lang='lat' dir='ltr'>qua</span> <span class='ocrx_word' id='word_1_312' title='bbox 836 1409 968 1452; x_wconf 83' lang='lat' dir='ltr'>pollebat</span> <span class='ocrx_word' id='word_1_313' title='bbox 985 1410 1172 1452; x_wconf 71' lang='lat' dir='ltr'>eloquentia,</span> 
     </span>
     <span class='ocr_line' id='line_1_51' title="bbox 281 1456 1173 1503; baseline 0.003 -12"><span class='ocrx_word' id='word_1_314' title='bbox 281 1456 400 1500; x_wconf 67' lang='lat' dir='ltr'>strenue?</span> <span class='ocrx_word' id='word_1_315' title='bbox 423 1458 595 1500; x_wconf 34' lang='lat' dir='ltr'>defendit«.</span> <span class='ocrx_word' id='word_1_316' title='bbox 623 1459 820 1502; x_wconf 89' lang='lat' dir='ltr'>Respondeo</span> <span class='ocrx_word' id='word_1_317' title='bbox 846 1459 1031 1503; x_wconf 82' lang='lat' dir='ltr'>oppositum</span> <span class='ocrx_word' id='word_1_318' title='bbox 1059 1460 1173 1495; x_wconf 72' lang='lat' dir='ltr'>diserte</span> 
     </span>
     <span class='ocr_line' id='line_1_52' title="bbox 285 1507 1170 1552; baseline 0.001 -11"><span class='ocrx_word' id='word_1_319' title='bbox 285 1509 374 1542; x_wconf 83' lang='lat' dir='ltr'>afferi</span> <span class='ocrx_word' id='word_1_320' title='bbox 389 1507 430 1542; x_wconf 87' lang='lat' dir='ltr'>ab</span> <span class='ocrx_word' id='word_1_321' title='bbox 442 1510 513 1552; x_wconf 90' lang='lat' dir='ltr'>ipso</span> <span class='ocrx_word' id='word_1_322' title='bbox 526 1510 627 1543; x_wconf 86' lang='lat' dir='ltr'>etiam</span> <span class='ocrx_word' id='word_1_323' title='bbox 638 1510 763 1544; x_wconf 87' lang='lat' dir='ltr'>Hilarii</span> <span class='ocrx_word' id='word_1_324' title='bbox 776 1509 986 1544; x_wconf 85' lang='lat' dir='ltr'>Encomiaste</span> <span class='ocrx_word' id='word_1_325' title='bbox 1000 1522 1007 1542; x_wconf 74' lang='grc' dir='ltr'>ε</span> <span class='ocrx_word' id='word_1_326' title='bbox 1035 1513 1170 1546; x_wconf 79' lang='lat' dir='ltr'>Hilarius</span> 
     </span>
     <span class='ocr_line' id='line_1_53' title="bbox 286 1559 1169 1604; baseline 0 -14"><span class='ocrx_word' id='word_1_327' title='bbox 286 1563 319 1590; x_wconf 79' lang='lat' dir='ltr'>in</span> <span class='ocrx_word' id='word_1_328' title='bbox 332 1565 488 1594; x_wconf 77' lang='lat' dir='ltr'>civitatem</span> <span class='ocrx_word' id='word_1_329' title='bbox 501 1560 638 1604; x_wconf 78' lang='lat' dir='ltr'>regressus</span> <span class='ocrx_word' id='word_1_330' title='bbox 651 1583 662 1600; x_wconf 86' lang='lat'>,</span> <span class='ocrx_word' id='word_1_331' title='bbox 687 1561 755 1593; x_wconf 82' lang='lat' dir='ltr'>licet</span> <span class='ocrx_word' id='word_1_332' title='bbox 766 1559 909 1601; x_wconf 76' lang='lat' dir='ltr'>corporali</span> <span class='ocrx_word' id='word_1_333' title='bbox 919 1559 1095 1601; x_wconf 77' lang='lat' dir='ltr'>infirmitate</span> <span class='ocrx_word' id='word_1_334' title='bbox 1100 1560 1169 1600; x_wconf 75' lang='lat' dir='ltr'>fra-</span> 
     </span>
     <span class='ocr_line' id='line_1_54' title="bbox 284 1607 1168 1650; baseline 0 -10"><span class='ocrx_word' id='word_1_335' title='bbox 284 1607 370 1648; x_wconf 63' lang='lat' dir='ltr'>aas,</span> <span class='ocrx_word' id='word_1_336' title='bbox 395 1618 497 1643; x_wconf 74' lang='lat' dir='ltr'>tarnen</span> <span class='ocrx_word' id='word_1_337' title='bbox 512 1609 697 1650; x_wconf 66' lang='lat' dir='ltr'>perfeffione</span> <span class='ocrx_word' id='word_1_338' title='bbox 710 1608 855 1650; x_wconf 58' lang='lat' dir='ltr'>sanda-r,</span> <span class='ocrx_word' id='word_1_339' title='bbox 883 1610 918 1641; x_wconf 67' lang='grc'>6*</span> <span class='ocrx_word' id='word_1_340' title='bbox 938 1614 1052 1649; x_wconf 82' lang='lat' dir='ltr'>pietate</span> <span class='ocrx_word' id='word_1_341' title='bbox 1069 1616 1168 1649; x_wconf 77' lang='lat' dir='ltr'>prom·</span> 
     </span>
     <span class='ocr_line' id='line_1_55' title="bbox 278 1655 1168 1701; baseline -0.002 -13"><span class='ocrx_word' id='word_1_342' title='bbox 278 1656 424 1698; x_wconf 65' lang='lat' dir='ltr'>pt‘iffimus</span> <span class='ocrx_word' id='word_1_343' title='bbox 438 1680 449 1697; x_wconf 93' lang='lat'>,</span> <span class='ocrx_word' id='word_1_344' title='bbox 474 1663 567 1690; x_wconf 85' lang='lat' dir='ltr'>totum</span> <span class='ocrx_word' id='word_1_345' title='bbox 575 1655 609 1701; x_wconf 81' lang='lat' dir='ltr'>se</span> <span class='ocrx_word' id='word_1_346' title='bbox 619 1658 850 1695; x_wconf 81' lang='lat' dir='ltr'>adplacandum</span> <span class='ocrx_word' id='word_1_347' title='bbox 863 1657 934 1686; x_wconf 68' lang='lat' dir='ltr'>runc</span> <span class='ocrx_word' id='word_1_348' title='bbox 942 1663 1076 1688; x_wconf 79' lang='lat' dir='ltr'>animum</span> <span class='ocrx_word' id='word_1_349' title='bbox 1087 1658 1168 1686; x_wconf 86' lang='lat' dir='ltr'>san·-</span> 
     </span>
     <span class='ocr_line' id='line_1_56' title="bbox 283 1701 1167 1745; baseline 0 -10"><span class='ocrx_word' id='word_1_350' title='bbox 283 1706 323 1740; x_wconf 67' lang='lat' dir='ltr'>eit</span> <span class='ocrx_word' id='word_1_351' title='bbox 334 1708 441 1737; x_wconf 80' lang='lat' dir='ltr'>Leonis</span> <span class='ocrx_word' id='word_1_352' title='bbox 463 1704 610 1735; x_wconf 73' lang='lat' dir='ltr'>inclinata</span> <span class='ocrx_word' id='word_1_353' title='bbox 627 1702 795 1735; x_wconf 82' lang='lat' dir='ltr'>humilitate</span> <span class='ocrx_word' id='word_1_354' title='bbox 816 1706 979 1735; x_wconf 78' lang='lat' dir='ltr'>convertit.</span> <span class='ocrx_word' id='word_1_355' title='bbox 1008 1701 1087 1744; x_wconf 74' lang='lat' dir='ltr'>Misit</span> <span class='ocrx_word' id='word_1_356' title='bbox 1102 1708 1167 1745; x_wconf 80' lang='lat' dir='ltr'>pri-</span> 
     </span>
     <span class='ocr_line' id='line_1_57' title="bbox 285 1751 1165 1794; baseline -0.001 -7"><span class='ocrx_word' id='word_1_357' title='bbox 285 1759 376 1787; x_wconf 81' lang='lat' dir='ltr'>mitus</span> <span class='ocrx_word' id='word_1_358' title='bbox 407 1752 548 1786; x_wconf 73' lang='lat' dir='ltr'>Sant‘lum</span> <span class='ocrx_word' id='word_1_359' title='bbox 581 1754 771 1786; x_wconf 79' lang='lat' dir='ltr'>Ravennium</span> <span class='ocrx_word' id='word_1_360' title='bbox 793 1773 804 1790; x_wconf 91' lang='lat'><strong>,</strong></span> <span class='ocrx_word' id='word_1_361' title='bbox 841 1753 910 1785; x_wconf 76' lang='lat' dir='ltr'>tunc</span> <span class='ocrx_word' id='word_1_362' title='bbox 942 1751 1165 1794; x_wconf 73' lang='lat' dir='ltr'>Presbyterum,</span> 
     </span>
     <span class='ocr_line' id='line_1_58' title="bbox 282 1802 1166 1847; baseline 0 -11"><span class='ocrx_word' id='word_1_363' title='bbox 282 1803 430 1847; x_wconf 56' lang='lat' dir='ltr'>postmodo</span> <span class='ocrx_word' id='word_1_364' title='bbox 452 1807 608 1845; x_wconf 79' lang='lat' dir='ltr'>proprium</span> <span class='ocrx_word' id='word_1_365' title='bbox 634 1802 817 1845; x_wconf 80' lang='lat' dir='ltr'>Succefforem</span> <span class='ocrx_word' id='word_1_366' title='bbox 848 1814 854 1833; x_wconf 93' lang='lat'>:</span> <span class='ocrx_word' id='word_1_367' title='bbox 884 1804 1003 1836; x_wconf 59' lang='lat' dir='ltr'>Deinde*</span> <span class='ocrx_word' id='word_1_368' title='bbox 1027 1802 1166 1836; x_wconf 67' lang='lat' dir='ltr'>santium</span> 
     </span>
     <span class='ocr_line' id='line_1_59' title="bbox 284 1851 1165 1895; baseline -0.002 -8"><span class='ocrx_word' id='word_1_369' title='bbox 284 1853 465 1887; x_wconf 64' lang='lat' dir='ltr'>metianum</span> <span class='ocrx_word' id='word_1_370' title='bbox 483 1876 494 1892; x_wconf 85' lang='grc'>,</span> <span class='ocrx_word' id='word_1_371' title='bbox 517 1852 715 1895; x_wconf 68' lang='lat' dir='ltr'>Sant‘i&#39;umque</span> <span class='ocrx_word' id='word_1_372' title='bbox 735 1851 940 1892; x_wconf 73' lang='lat' dir='ltr'>Constantium</span> <span class='ocrx_word' id='word_1_373' title='bbox 966 1876 978 1892; x_wconf 87' lang='lat'>,</span> <span class='ocrx_word' id='word_1_374' title='bbox 999 1859 1165 1895; x_wconf 81' lang='lat' dir='ltr'>praecipuos</span> 
     </span>
     <span class='ocr_line' id='line_1_60' title="bbox 282 1901 1165 1950; baseline -0.003 -12"><span class='ocrx_word' id='word_1_375' title='bbox 282 1904 470 1938; x_wconf 81' lang='lat' dir='ltr'>Sacerdotes.</span> <span class='ocrx_word' id='word_1_376' title='bbox 501 1901 605 1950; x_wconf 79' lang='lat' dir='ltr'>Qiod</span> <span class='ocrx_word' id='word_1_377' title='bbox 615 1903 715 1937; x_wconf 86' lang='lat' dir='ltr'>etiarn</span> <span class='ocrx_word' id='word_1_378' title='bbox 739 1902 773 1936; x_wconf 91' lang='lat' dir='ltr'>hi</span> <span class='ocrx_word' id='word_1_379' title='bbox 787 1911 937 1946; x_wconf 83' lang='lat' dir='ltr'>potentes</span> <span class='ocrx_word' id='word_1_380' title='bbox 960 1903 1165 1937; x_wconf 85' lang='lat' dir='ltr'>acvalidiin-</span> 
     </span>
     <span class='ocr_line' id='line_1_61' title="bbox 285 1951 1165 1996; baseline -0.005 -6"><span class='ocrx_word' id='word_1_381' title='bbox 285 1954 471 1991; x_wconf 78' lang='lat' dir='ltr'>tercessores</span> <span class='ocrx_word' id='word_1_382' title='bbox 491 1976 504 1993; x_wconf 89' lang='lat'><strong>,</strong></span> <span class='ocrx_word' id='word_1_383' title='bbox 528 1964 590 1988; x_wconf 87' lang='lat' dir='ltr'>nec</span> <span class='ocrx_word' id='word_1_384' title='bbox 616 1952 726 1996; x_wconf 81' lang='lat' dir='ltr'>quoad</span> <span class='ocrx_word' id='word_1_385' title='bbox 752 1951 958 1988; x_wconf 82' lang='lat' dir='ltr'>Narbonensi</span> <span class='ocrx_word' id='word_1_386' title='bbox 987 1952 1165 1986; x_wconf 63' lang='lat' dir='ltr'>Provinciae</span> 
     </span>
     <span class='ocr_line' id='line_1_62' title="bbox 282 2002 1163 2049; baseline -0.006 -9"><span class='ocrx_word' id='word_1_387' title='bbox 282 2005 527 2049; x_wconf 79' lang='lat' dir='ltr'>integritatem,</span> <span class='ocrx_word' id='word_1_388' title='bbox 555 2015 616 2038; x_wconf 83' lang='lat' dir='ltr'>nec</span> <span class='ocrx_word' id='word_1_389' title='bbox 636 2002 745 2048; x_wconf 83' lang='lat' dir='ltr'>quoad</span> <span class='ocrx_word' id='word_1_390' title='bbox 767 2003 994 2046; x_wconf 76' lang='lat' dir='ltr'>prosequendae</span> <span class='ocrx_word' id='word_1_391' title='bbox 1016 2002 1163 2046; x_wconf 87' lang='lat' dir='ltr'>Appella-</span> 
     </span>
     <span class='ocr_line' id='line_1_63' title="bbox 282 2051 1164 2097; baseline -0.006 -6"><span class='ocrx_word' id='word_1_392' title='bbox 282 2056 385 2092; x_wconf 87' lang='lat' dir='ltr'>tionis</span> <span class='ocrx_word' id='word_1_393' title='bbox 398 2054 556 2094; x_wconf 88' lang='lat' dir='ltr'>modum,</span> <span class='ocrx_word' id='word_1_394' title='bbox 583 2065 644 2088; x_wconf 86' lang='lat' dir='ltr'>nec</span> <span class='ocrx_word' id='word_1_395' title='bbox 667 2054 745 2088; x_wconf 90' lang='lat' dir='ltr'>item</span> <span class='ocrx_word' id='word_1_396' title='bbox 766 2054 874 2097; x_wconf 80' lang='lat' dir='ltr'>quoad</span> <span class='ocrx_word' id='word_1_397' title='bbox 887 2051 1077 2088; x_wconf 85' lang='lat' dir='ltr'>Chelidonii</span> <span class='ocrx_word' id='word_1_398' title='bbox 1092 2064 1164 2087; x_wconf 86' lang='lat' dir='ltr'>cau-</span> 
     </span>
     <span class='ocr_line' id='line_1_64' title="bbox 284 2103 1163 2149; baseline -0.005 -8"><span class='ocrx_word' id='word_1_399' title='bbox 284 2107 352 2141; x_wconf 79' lang='lat' dir='ltr'>sam</span> <span class='ocrx_word' id='word_1_400' title='bbox 363 2105 567 2140; x_wconf 88' lang='lat' dir='ltr'>obtinuerint</span> <span class='ocrx_word' id='word_1_401' title='bbox 578 2104 678 2137; x_wconf 89' lang='lat' dir='ltr'>ullam</span> <span class='ocrx_word' id='word_1_402' title='bbox 691 2103 856 2137; x_wconf 67' lang='lat' dir='ltr'>victoriam</span> <span class='ocrx_word' id='word_1_403' title='bbox 870 2128 880 2144; x_wconf 90' lang='lat'>‚</span> <span class='ocrx_word' id='word_1_404' title='bbox 907 2104 953 2137; x_wconf 91' lang='lat' dir='ltr'>est</span> <span class='ocrx_word' id='word_1_405' title='bbox 977 2114 1030 2149; x_wconf 84' lang='lat' dir='ltr'>per</span> <span class='ocrx_word' id='word_1_406' title='bbox 1050 2104 1163 2138; x_wconf 86' lang='lat' dir='ltr'>omnia</span> 
     </span>
     <span class='ocr_line' id='line_1_65' title="bbox 283 2151 1162 2200; baseline -0.006 -9"><span class='ocrx_word' id='word_1_407' title='bbox 283 2156 572 2200; x_wconf 66' lang='lat' dir='ltr'>exploratissimum</span> <span class='ocrx_word' id='word_1_408' title='bbox 584 2178 591 2186; x_wconf 88' lang='lat'>.</span> <span class='ocrx_word' id='word_1_409' title='bbox 618 2153 749 2199; x_wconf 80' lang='lat' dir='ltr'>Etenim</span> <span class='ocrx_word' id='word_1_410' title='bbox 770 2154 805 2187; x_wconf 75' lang='grc' dir='ltr'>δε</span> <span class='ocrx_word' id='word_1_411' title='bbox 819 2151 1040 2188; x_wconf 68' lang='lat' dir='ltr'>Narbonensis</span> <span class='ocrx_word' id='word_1_412' title='bbox 1054 2153 1162 2187; x_wconf 82' lang='lat' dir='ltr'>Gallia</span> 
     </span>
     <span class='ocr_line' id='line_1_66' title="bbox 284 2203 1164 2249; baseline -0.006 -8"><span class='ocrx_word' id='word_1_413' title='bbox 284 2208 349 2244; x_wconf 85' lang='lat' dir='ltr'>fuit</span> <span class='ocrx_word' id='word_1_414' title='bbox 361 2207 442 2242; x_wconf 66' lang='lat' dir='ltr'>festa</span> <span class='ocrx_word' id='word_1_415' title='bbox 464 2207 499 2239; x_wconf 92' lang='lat' dir='ltr'>in</span> <span class='ocrx_word' id='word_1_416' title='bbox 515 2204 620 2249; x_wconf 84' lang='lat' dir='ltr'>plures</span> <span class='ocrx_word' id='word_1_417' title='bbox 630 2203 842 2243; x_wconf 83' lang='lat' dir='ltr'>Provincias,</span> <span class='ocrx_word' id='word_1_418' title='bbox 867 2204 901 2237; x_wconf 74' lang='grc' dir='ltr'>ὅ(</span> <span class='ocrx_word' id='word_1_419' title='bbox 913 2203 1104 2237; x_wconf 85' lang='lat' dir='ltr'>Sardicenfis</span> <span class='ocrx_word' id='word_1_420' title='bbox 1113 2214 1164 2246; x_wconf 90' lang='lat' dir='ltr'>ap-</span> 
     </span>
     <span class='ocr_line' id='line_1_67' title="bbox 287 2253 1163 2303; baseline -0.006 -11"><span class='ocrx_word' id='word_1_421' title='bbox 287 2256 432 2303; x_wconf 83' lang='lat' dir='ltr'>pellandi</span> <span class='ocrx_word' id='word_1_422' title='bbox 448 2254 622 2299; x_wconf 80' lang='lat' dir='ltr'>disciplina</span> <span class='ocrx_word' id='word_1_423' title='bbox 648 2265 702 2297; x_wconf 89' lang='lat' dir='ltr'>per</span> <span class='ocrx_word' id='word_1_424' title='bbox 725 2264 860 2287; x_wconf 86' lang='lat' dir='ltr'>omnem</span> <span class='ocrx_word' id='word_1_425' title='bbox 883 2253 1028 2287; x_wconf 87' lang='lat' dir='ltr'>Galliam</span> <span class='ocrx_word' id='word_1_426' title='bbox 1050 2254 1163 2287; x_wconf 84' lang='lat' dir='ltr'>mansit</span> 
     </span>
     <span class='ocr_line' id='line_1_68' title="bbox 286 2301 1164 2346; baseline -0.003 -6"><span class='ocrx_word' id='word_1_427' title='bbox 286 2306 544 2343; x_wconf 83' lang='lat' dir='ltr'>constantiffima</span> <span class='ocrx_word' id='word_1_428' title='bbox 568 2329 575 2336; x_wconf 92' lang='lat'><strong><em>.</em></strong></span> <span class='ocrx_word' id='word_1_429' title='bbox 601 2304 710 2338; x_wconf 86' lang='lat' dir='ltr'>Etiam</span> <span class='ocrx_word' id='word_1_430' title='bbox 743 2301 963 2337; x_wconf 87' lang='lat' dir='ltr'>Chelidonius</span> <span class='ocrx_word' id='word_1_431' title='bbox 995 2302 1164 2346; x_wconf 78' lang='lat' dir='ltr'>permansit</span> 
     </span>
     <span class='ocr_line' id='line_1_69' title="bbox 289 2350 1164 2398; baseline -0.002 -9"><span class='ocrx_word' id='word_1_432' title='bbox 289 2356 472 2398; x_wconf 83' lang='lat' dir='ltr'>Episcopus</span> <span class='ocrx_word' id='word_1_433' title='bbox 494 2379 502 2385; x_wconf 84' lang='lat'><em>.</em></span> <span class='ocrx_word' id='word_1_434' title='bbox 527 2354 620 2389; x_wconf 88' lang='lat' dir='ltr'>Licet</span> <span class='ocrx_word' id='word_1_435' title='bbox 639 2350 703 2387; x_wconf 87' lang='lat' dir='ltr'>hoc</span> <span class='ocrx_word' id='word_1_436' title='bbox 728 2364 795 2386; x_wconf 90' lang='lat' dir='ltr'>non</span> <span class='ocrx_word' id='word_1_437' title='bbox 819 2353 944 2387; x_wconf 83' lang='lat' dir='ltr'>valeam</span> <span class='ocrx_word' id='word_1_438' title='bbox 965 2353 1005 2387; x_wconf 87' lang='lat' dir='ltr'>ad</span> <span class='ocrx_word' id='word_1_439' title='bbox 1029 2353 1164 2387; x_wconf 87' lang='lat' dir='ltr'>oculum</span> 
     </span>
     <span class='ocr_line' id='line_1_70' title="bbox 288 2402 1165 2446; baseline -0.003 -6"><span class='ocrx_word' id='word_1_440' title='bbox 288 2404 476 2444; x_wconf 82' lang='lat' dir='ltr'>ostendere,</span> <span class='ocrx_word' id='word_1_441' title='bbox 502 2403 629 2438; x_wconf 85' lang='lat' dir='ltr'>nullum</span> <span class='ocrx_word' id='word_1_442' title='bbox 640 2414 749 2437; x_wconf 83' lang='lat' dir='ltr'>tamen</span> <span class='ocrx_word' id='word_1_443' title='bbox 767 2403 862 2446; x_wconf 84' lang='lat' dir='ltr'>poffit</span> <span class='ocrx_word' id='word_1_444' title='bbox 883 2403 1001 2437; x_wconf 89' lang='lat' dir='ltr'>adduci</span> <span class='ocrx_word' id='word_1_445' title='bbox 1014 2402 1165 2437; x_wconf 83' lang='lat' dir='ltr'>dubitan—</span> 
     </span>
     <span class='ocr_line' id='line_1_71' title="bbox 289 2451 1165 2489; baseline -0.002 0"><span class='ocrx_word' id='word_1_446' title='bbox 289 2456 323 2489; x_wconf 94' lang='lat' dir='ltr'>di</span> <span class='ocrx_word' id='word_1_447' title='bbox 346 2455 507 2489; x_wconf 85' lang='lat' dir='ltr'>indicium</span> <span class='ocrx_word' id='word_1_448' title='bbox 532 2478 539 2485; x_wconf 86' lang='lat'><strong>.</strong></span> <span class='ocrx_word' id='word_1_449' title='bbox 570 2453 693 2487; x_wconf 91' lang='lat' dir='ltr'>Graves</span> <span class='ocrx_word' id='word_1_450' title='bbox 718 2451 883 2487; x_wconf 87' lang='lat' dir='ltr'>Authores</span> <span class='ocrx_word' id='word_1_451' title='bbox 902 2464 944 2486; x_wconf 90' lang='lat' dir='ltr'>ex</span> <span class='ocrx_word' id='word_1_452' title='bbox 970 2453 1165 2488; x_wconf 85' lang='lat' dir='ltr'>authenticis</span> 
     </span>
     <span class='ocr_line' id='line_1_72' title="bbox 288 2501 1164 2540; baseline -0.003 -1"><span class='ocrx_word' id='word_1_453' title='bbox 288 2505 501 2540; x_wconf 89' lang='lat' dir='ltr'>Ecclesiarutn</span> <span class='ocrx_word' id='word_1_454' title='bbox 514 2502 728 2537; x_wconf 88' lang='lat' dir='ltr'>monimentis</span> <span class='ocrx_word' id='word_1_455' title='bbox 750 2503 912 2536; x_wconf 87' lang='lat' dir='ltr'>affirmant</span> <span class='ocrx_word' id='word_1_456' title='bbox 926 2501 1164 2537; x_wconf 86' lang='lat' dir='ltr'>Chelidonium</span> 
     </span>
     <span class='ocr_line' id='line_1_73' title="bbox 289 2551 1166 2596; baseline -0.001 -7"><span class='ocrx_word' id='word_1_457' title='bbox 289 2555 382 2589; x_wconf 79' lang='lat' dir='ltr'>fuiffe</span> <span class='ocrx_word' id='word_1_458' title='bbox 400 2553 695 2588; x_wconf 87' lang='lat' dir='ltr'>Vesontionensem</span> <span class='ocrx_word' id='word_1_459' title='bbox 718 2551 938 2596; x_wconf 86' lang='lat' dir='ltr'>Episcopum,</span> <span class='ocrx_word' id='word_1_460' title='bbox 965 2554 999 2586; x_wconf 89' lang='lat'>&amp;</span> <span class='ocrx_word' id='word_1_461' title='bbox 1023 2552 1166 2588; x_wconf 56' lang='lat' dir='ltr'>&amp;Sansto</span> 
     </span>
     <span class='ocr_line' id='line_1_74' title="bbox 288 2602 1165 2642; baseline -0.005 -3"><span class='ocrx_word' id='word_1_462' title='bbox 288 2606 403 2640; x_wconf 89' lang='lat' dir='ltr'>Leone</span> <span class='ocrx_word' id='word_1_463' title='bbox 422 2604 604 2638; x_wconf 85' lang='lat' dir='ltr'>restitutum</span> <span class='ocrx_word' id='word_1_464' title='bbox 617 2625 629 2642; x_wconf 88' lang='lat'>‚</span> <span class='ocrx_word' id='word_1_465' title='bbox 653 2602 763 2636; x_wconf 80' lang='lat' dir='ltr'>effein</span> <span class='ocrx_word' id='word_1_466' title='bbox 786 2602 841 2635; x_wconf 75' lang='lat' dir='ltr'>stia</span> <span class='ocrx_word' id='word_1_467' title='bbox 863 2602 946 2635; x_wconf 85' lang='lat' dir='ltr'>Sede</span> <span class='ocrx_word' id='word_1_468' title='bbox 957 2603 1165 2637; x_wconf 63' lang='lat' dir='ltr'>defunctum.</span> 
     </span>
     <span class='ocr_line' id='line_1_75' title="bbox 290 2650 1168 2696; baseline -0.003 -9"><span class='ocrx_word' id='word_1_469' title='bbox 290 2654 432 2689; x_wconf 85' lang='lat' dir='ltr'>Addunt</span> <span class='ocrx_word' id='word_1_470' title='bbox 457 2654 689 2695; x_wconf 77' lang='lat' dir='ltr'>importunum</span> <span class='ocrx_word' id='word_1_471' title='bbox 708 2675 719 2691; x_wconf 96' lang='lat'>‚</span> <span class='ocrx_word' id='word_1_472' title='bbox 747 2662 845 2694; x_wconf 88' lang='lat' dir='ltr'>quem</span> <span class='ocrx_word' id='word_1_473' title='bbox 870 2650 1019 2688; x_wconf 83' lang='lat' dir='ltr'>Hilarius</span> <span class='ocrx_word' id='word_1_474' title='bbox 1043 2652 1168 2696; x_wconf 66' lang='lat' dir='ltr'>dejecto</span> 
     </span>
     <span class='ocr_line' id='line_1_76' title="bbox 292 2700 1165 2745; baseline -0.001 -7"><span class='ocrx_word' id='word_1_475' title='bbox 292 2702 495 2738; x_wconf 74' lang='lat' dir='ltr'>chelidonio</span> <span class='ocrx_word' id='word_1_476' title='bbox 509 2713 589 2737; x_wconf 87' lang='lat' dir='ltr'>mox</span> <span class='ocrx_word' id='word_1_477' title='bbox 601 2700 896 2745; x_wconf 79' lang='lat' dir='ltr'>superordinaverat</span> <span class='ocrx_word' id='word_1_478' title='bbox 910 2725 922 2741; x_wconf 91' lang='lat'>,</span> <span class='ocrx_word' id='word_1_479' title='bbox 946 2703 1040 2742; x_wconf 70' lang='lat' dir='ltr'>fuisse</span> <span class='ocrx_word' id='word_1_480' title='bbox 1060 2703 1101 2737; x_wconf 90' lang='lat' dir='ltr'>ab</span> <span class='ocrx_word' id='word_1_481' title='bbox 1114 2715 1165 2737; x_wconf 92' lang='lat' dir='ltr'>eo-</span> 
     </span>
     <span class='ocr_line' id='line_1_77' title="bbox 293 2750 1167 2795; baseline -0.001 -8"><span class='ocrx_word' id='word_1_482' title='bbox 293 2753 367 2787; x_wconf 90' lang='lat' dir='ltr'>dem</span> <span class='ocrx_word' id='word_1_483' title='bbox 378 2751 541 2787; x_wconf 85' lang='lat' dir='ltr'>Pontifice</span> <span class='ocrx_word' id='word_1_484' title='bbox 564 2753 701 2795; x_wconf 85' lang='lat' dir='ltr'>turpiter</span> <span class='ocrx_word' id='word_1_485' title='bbox 725 2750 876 2794; x_wconf 66' lang='lat' dir='ltr'>ejectum.</span> <span class='ocrx_word' id='word_1_486' title='bbox 906 2751 1036 2795; x_wconf 88' lang='lat' dir='ltr'>Nempe</span> <span class='ocrx_word' id='word_1_487' title='bbox 1049 2752 1083 2786; x_wconf 87' lang='lat' dir='ltr'>in</span> <span class='ocrx_word' id='word_1_488' title='bbox 1095 2752 1167 2786; x_wconf 86' lang='lat' dir='ltr'>Ma·</span> 
     </span>
     <span class='ocr_line' id='line_1_78' title="bbox 293 2801 1167 2848; baseline -0.003 -9"><span class='ocrx_word' id='word_1_489' title='bbox 293 2814 362 2848; x_wconf 85' lang='lat' dir='ltr'>gno</span> <span class='ocrx_word' id='word_1_490' title='bbox 374 2802 487 2837; x_wconf 87' lang='lat' dir='ltr'>Leone</span> <span class='ocrx_word' id='word_1_491' title='bbox 499 2801 642 2836; x_wconf 81' lang='lat' dir='ltr'>fervebat</span> <span class='ocrx_word' id='word_1_492' title='bbox 665 2801 721 2837; x_wconf 90' lang='lat' dir='ltr'>ille</span> <span class='ocrx_word' id='word_1_493' title='bbox 730 2801 957 2846; x_wconf 88' lang='lat' dir='ltr'>animivigor,</span> <span class='ocrx_word' id='word_1_494' title='bbox 982 2814 1024 2835; x_wconf 85' lang='lat' dir='ltr'>ex</span> <span class='ocrx_word' id='word_1_495' title='bbox 1047 2802 1167 2846; x_wconf 87' lang='lat' dir='ltr'>quoad</span> 
     </span>
     <span class='ocr_line' id='line_1_79' title="bbox 293 2851 1170 2897; baseline -0.003 -9"><span class='ocrx_word' id='word_1_496' title='bbox 293 2852 526 2891; x_wconf 81' lang='lat' dir='ltr'>Sabinianum,</span> <span class='ocrx_word' id='word_1_497' title='bbox 552 2853 645 2886; x_wconf 83' lang='lat' dir='ltr'>suum</span> <span class='ocrx_word' id='word_1_498' title='bbox 657 2851 847 2885; x_wconf 86' lang='lat' dir='ltr'>Diaconum</span> <span class='ocrx_word' id='word_1_499' title='bbox 861 2875 873 2893; x_wconf 79' lang='lat'>‚</span> <span class='ocrx_word' id='word_1_500' title='bbox 898 2863 936 2886; x_wconf 91' lang='lat' dir='ltr'>ac</span> <span class='ocrx_word' id='word_1_501' title='bbox 952 2852 989 2885; x_wconf 89' lang='lat' dir='ltr'>in</span> <span class='ocrx_word' id='word_1_502' title='bbox 1001 2852 1106 2897; x_wconf 88' lang='lat' dir='ltr'>Regia</span> <span class='ocrx_word' id='word_1_503' title='bbox 1128 2852 1170 2886; x_wconf 90' lang='lat' dir='ltr'>ci-</span> 
     </span>
     <span class='ocr_line' id='line_1_80' title="bbox 294 2900 1169 2947; baseline -0.002 -10"><span class='ocrx_word' id='word_1_504' title='bbox 294 2902 398 2937; x_wconf 81' lang='lat' dir='ltr'>vitate</span> <span class='ocrx_word' id='word_1_505' title='bbox 410 2902 652 2946; x_wconf 82' lang='lat' dir='ltr'>Apocrisarium</span> <span class='ocrx_word' id='word_1_506' title='bbox 663 2926 674 2943; x_wconf 91' lang='lat'><strong>,</strong></span> <span class='ocrx_word' id='word_1_507' title='bbox 699 2900 875 2945; x_wconf 67' lang='lat' dir='ltr'>postmodo*</span> <span class='ocrx_word' id='word_1_508' title='bbox 895 2902 1013 2945; x_wconf 85' lang='lat' dir='ltr'>scripsit</span> <span class='ocrx_word' id='word_1_509' title='bbox 1025 2903 1169 2947; x_wconf 85' lang='lat' dir='ltr'>Magnus</span> 
     </span>
     <span class='ocr_line' id='line_1_81' title="bbox 296 2950 1170 2996; baseline -0.002 -10"><span class='ocrx_word' id='word_1_510' title='bbox 296 2952 492 2996; x_wconf 86' lang='lat' dir='ltr'>Gregorius:</span> <span class='ocrx_word' id='word_1_511' title='bbox 520 2956 595 2986; x_wconf 77' lang='lat' dir='ltr'>Ante</span> <span class='ocrx_word' id='word_1_512' title='bbox 612 2957 748 2994; x_wconf 81' lang='lat' dir='ltr'>paratior</span> <span class='ocrx_word' id='word_1_513' title='bbox 764 2950 833 2996; x_wconf 86' lang='lat' dir='ltr'>sum</span> <span class='ocrx_word' id='word_1_514' title='bbox 854 2956 950 2992; x_wconf 82' lang='lat' dir='ltr'>mori,</span> <span class='ocrx_word' id='word_1_515' title='bbox 975 2954 1066 2994; x_wconf 70' lang='lat' dir='ltr'>quam</span> <span class='ocrx_word' id='word_1_516' title='bbox 1091 2955 1170 2986; x_wconf 85' lang='lat' dir='ltr'>Bea-</span> 
     </span>
     <span class='ocr_line' id='line_1_82' title="bbox 297 3001 1171 3045; baseline 0.005 -13"><span class='ocrx_word' id='word_1_517' title='bbox 297 3006 322 3032; x_wconf 78' lang='lat' dir='ltr'>ti</span> <span class='ocrx_word' id='word_1_518' title='bbox 348 3003 432 3035; x_wconf 76' lang='lat' dir='ltr'>Petri</span> <span class='ocrx_word' id='word_1_519' title='bbox 454 3001 573 3042; x_wconf 72' lang='lat' dir='ltr'>Apostoli</span> <span class='ocrx_word' id='word_1_520' title='bbox 595 3001 752 3042; x_wconf 74' lang='lat' dir='ltr'>Ecclesiam</span> <span class='ocrx_word' id='word_1_521' title='bbox 772 3007 805 3035; x_wconf 80' lang='lat' dir='ltr'>in</span> <span class='ocrx_word' id='word_1_522' title='bbox 825 3008 896 3035; x_wconf 84' lang='lat' dir='ltr'>meis</span> <span class='ocrx_word' id='word_1_523' title='bbox 918 3001 1022 3037; x_wconf 71' lang='lat' dir='ltr'>diebus</span> <span class='ocrx_word' id='word_1_524' title='bbox 1052 3004 1171 3045; x_wconf 84' lang='lat' dir='ltr'>degene-</span> 
     </span>
     <span class='ocr_line' id='line_1_83' title="bbox 299 3049 1170 3095; baseline 0 -10"><span class='ocrx_word' id='word_1_525' title='bbox 299 3061 367 3085; x_wconf 80' lang='lat' dir='ltr'>rare</span> <span class='ocrx_word' id='word_1_526' title='bbox 390 3075 398 3082; x_wconf 92' lang='lat'><strong>.</strong></span> <span class='ocrx_word' id='word_1_527' title='bbox 434 3049 478 3084; x_wconf 88' lang='lat' dir='ltr'>Et</span> <span class='ocrx_word' id='word_1_528' title='bbox 500 3050 560 3084; x_wconf 86' lang='lat' dir='ltr'>ista</span> <span class='ocrx_word' id='word_1_529' title='bbox 580 3051 762 3094; x_wconf 85' lang='lat' dir='ltr'>Importuni</span> <span class='ocrx_word' id='word_1_530' title='bbox 783 3051 1051 3095; x_wconf 86' lang='lat' dir='ltr'>Superordinatio</span> <span class='ocrx_word' id='word_1_531' title='bbox 1071 3054 1170 3086; x_wconf 84' lang='lat' dir='ltr'>etiam</span> 
     </span>
     <span class='ocr_line' id='line_1_84' title="bbox 300 3098 1171 3144; baseline 0.002 -10"><span class='ocrx_word' id='word_1_532' title='bbox 300 3098 467 3144; x_wconf 81' lang='lat' dir='ltr'>persuadet</span> <span class='ocrx_word' id='word_1_533' title='bbox 498 3098 665 3135; x_wconf 82' lang='lat' dir='ltr'>Hilarium</span> <span class='ocrx_word' id='word_1_534' title='bbox 696 3101 907 3136; x_wconf 80' lang='lat' dir='ltr'>recalcitraffe</span> <span class='ocrx_word' id='word_1_535' title='bbox 934 3101 1083 3136; x_wconf 77' lang='lat' dir='ltr'>adversus</span> <span class='ocrx_word' id='word_1_536' title='bbox 1117 3102 1171 3136; x_wconf 90' lang='lat' dir='ltr'>so-</span> 
     </span>
     <span class='ocr_line' id='line_1_85' title="bbox 300 3146 1171 3194; baseline 0.001 -10"><span class='ocrx_word' id='word_1_537' title='bbox 300 3150 370 3184; x_wconf 74' lang='lat' dir='ltr'>lum</span> <span class='ocrx_word' id='word_1_538' title='bbox 395 3146 643 3185; x_wconf 77' lang='lat' dir='ltr'>Chelidonianae</span> <span class='ocrx_word' id='word_1_539' title='bbox 683 3151 925 3194; x_wconf 83' lang='lat' dir='ltr'>Appellationis</span> <span class='ocrx_word' id='word_1_540' title='bbox 956 3152 1171 3194; x_wconf 74' lang='lat' dir='ltr'>suspensivum</span> 
     </span>
     <span class='ocr_line' id='line_1_86' title="bbox 299 3197 1172 3239; baseline -0.001 -3"><span class='ocrx_word' id='word_1_541' title='bbox 299 3199 448 3239; x_wconf 60' lang='lat' dir='ltr'>effectum</span> <span class='ocrx_word' id='word_1_542' title='bbox 469 3221 480 3238; x_wconf 90' lang='lat'><em>‚</em></span> <span class='ocrx_word' id='word_1_543' title='bbox 509 3197 661 3234; x_wconf 75' lang='lat' dir='ltr'>adversus</span> <span class='ocrx_word' id='word_1_544' title='bbox 698 3200 801 3235; x_wconf 86' lang='lat' dir='ltr'>solam</span> <span class='ocrx_word' id='word_1_545' title='bbox 836 3203 979 3236; x_wconf 85' lang='lat' dir='ltr'>formam</span> <span class='ocrx_word' id='word_1_546' title='bbox 1001 3201 1172 3236; x_wconf 81' lang='lat' dir='ltr'>Sardicen-</span> 
     </span>
     <span class='ocr_line' id='line_1_87' title="bbox 299 3251 386 3285; baseline -0.011 0"><span class='ocrx_word' id='word_1_547' title='bbox 299 3251 386 3285; x_wconf 84' lang='lat' dir='ltr'>sem.</span> 
     </span>
    </p>

    <p class='ocr_par' dir='ltr' id='par_1_19' title="bbox 299 3296 1174 3447">
     <span class='ocr_line' id='line_1_88' title="bbox 349 3296 1172 3344; baseline 0.001 -11"><span class='ocrx_word' id='word_1_548' title='bbox 349 3297 466 3333; x_wconf 86' lang='lat' dir='ltr'>Tertia</span> <span class='ocrx_word' id='word_1_549' title='bbox 478 3296 626 3344; x_wconf 71' lang='lat' dir='ltr'>Qiaestio</span> <span class='ocrx_word' id='word_1_550' title='bbox 649 3298 694 3332; x_wconf 87' lang='lat' dir='ltr'>est</span> <span class='ocrx_word' id='word_1_551' title='bbox 707 3322 719 3339; x_wconf 89' lang='lat'><strong>,</strong></span> <span class='ocrx_word' id='word_1_552' title='bbox 744 3297 800 3332; x_wconf 88' lang='lat' dir='ltr'>An</span> <span class='ocrx_word' id='word_1_553' title='bbox 812 3300 945 3335; x_wconf 63' lang='lat' dir='ltr'>Sanetus</span> <span class='ocrx_word' id='word_1_554' title='bbox 955 3300 1103 3335; x_wconf 82' lang='lat' dir='ltr'>Hilarius</span> <span class='ocrx_word' id='word_1_555' title='bbox 1127 3300 1172 3334; x_wconf 91' lang='lat' dir='ltr'>ob</span> 
     </span>
     <span class='ocr_line' id='line_1_89' title="bbox 300 3347 1174 3396; baseline -0.001 -12"><span class='ocrx_word' id='word_1_556' title='bbox 300 3349 379 3384; x_wconf 85' lang='lat' dir='ltr'>istos</span> <span class='ocrx_word' id='word_1_557' title='bbox 387 3349 529 3383; x_wconf 70' lang='lat' dir='ltr'>excessus</span> <span class='ocrx_word' id='word_1_558' title='bbox 550 3347 647 3382; x_wconf 82' lang='lat' dir='ltr'>fuerit</span> <span class='ocrx_word' id='word_1_559' title='bbox 668 3348 811 3383; x_wconf 70' lang='lat' dir='ltr'>aSansto</span> <span class='ocrx_word' id='word_1_560' title='bbox 822 3348 936 3385; x_wconf 87' lang='lat' dir='ltr'>Leone</span> <span class='ocrx_word' id='word_1_561' title='bbox 958 3349 1174 3396; x_wconf 83' lang='lat' dir='ltr'>degradatus?</span> 
     </span>
     <span class='ocr_line' id='line_1_90' title="bbox 299 3397 1174 3447; baseline -0.001 -13"><span class='ocrx_word' id='word_1_562' title='bbox 299 3398 449 3447; x_wconf 82' lang='lat' dir='ltr'>Qidam</span> <span class='ocrx_word' id='word_1_563' title='bbox 470 3397 648 3435; x_wconf 73' lang='lat' dir='ltr'>affirmant.</span> <span class='ocrx_word' id='word_1_564' title='bbox 673 3398 718 3433; x_wconf 85' lang='lat' dir='ltr'>Et</span> <span class='ocrx_word' id='word_1_565' title='bbox 742 3399 815 3443; x_wconf 83' lang='lat' dir='ltr'>ipsis</span> <span class='ocrx_word' id='word_1_566' title='bbox 839 3399 1000 3445; x_wconf 81' lang='lat' dir='ltr'>suffragari</span> <span class='ocrx_word' id='word_1_567' title='bbox 1023 3399 1174 3435; x_wconf 87' lang='lat' dir='ltr'>videntur</span> 
     </span>
    </p>
   </div>
   <div class='ocr_carea' id='block_1_19' title="bbox 1177 1219 1231 3515">
    <p class='ocr_par' dir='ltr' id='par_1_20' title="bbox 1177 1219 1231 3515">
     <span class='ocr_line' id='line_1_91' title="bbox 1177 1219 1231 3515; baseline 0 0"><span class='ocrx_word' id='word_1_568' title='bbox 1177 1219 1231 3515; x_wconf 95' lang='lat' dir='ltr'>    </span> 
     </span>
    </p>
   </div>
   <div class='ocr_carea' id='block_1_20' title="bbox 1237 1209 2127 1555">
    <p class='ocr_par' dir='ltr' id='par_1_21' title="bbox 1237 1209 2127 1555">
     <span class='ocr_line' id='line_1_92' title="bbox 1245 1209 2126 1256; baseline 0.007 -14"><span class='ocrx_word' id='word_1_569' title='bbox 1245 1209 1317 1243; x_wconf 79' lang='lat' dir='ltr'>lidae</span> <span class='ocrx_word' id='word_1_570' title='bbox 1339 1211 1563 1246; x_wconf 85' lang='lat' dir='ltr'>Narbonensis</span> <span class='ocrx_word' id='word_1_571' title='bbox 1583 1236 1594 1252; x_wconf 87' lang='lat'>‚</span> <span class='ocrx_word' id='word_1_572' title='bbox 1629 1211 1682 1245; x_wconf 90' lang='lat' dir='ltr'>sed</span> <span class='ocrx_word' id='word_1_573' title='bbox 1706 1213 1805 1247; x_wconf 86' lang='lat' dir='ltr'>etiarn</span> <span class='ocrx_word' id='word_1_574' title='bbox 1832 1213 1930 1256; x_wconf 89' lang='lat' dir='ltr'>ipsius</span> <span class='ocrx_word' id='word_1_575' title='bbox 1956 1214 2126 1248; x_wconf 79' lang='lat' dir='ltr'>Arelaten-</span> 
     </span>
     <span class='ocr_line' id='line_1_93' title="bbox 1241 1259 2126 1306; baseline 0.007 -14"><span class='ocrx_word' id='word_1_576' title='bbox 1241 1259 1279 1293; x_wconf 85' lang='lat' dir='ltr'>fis</span> <span class='ocrx_word' id='word_1_577' title='bbox 1301 1260 1487 1296; x_wconf 87' lang='lat' dir='ltr'>Provinciae</span> <span class='ocrx_word' id='word_1_578' title='bbox 1509 1286 1516 1294; x_wconf 89' lang='lat'><em>.</em></span> <span class='ocrx_word' id='word_1_579' title='bbox 1543 1260 1654 1304; x_wconf 79' lang='lat' dir='ltr'>Hujus</span> <span class='ocrx_word' id='word_1_580' title='bbox 1680 1274 1748 1296; x_wconf 88' lang='lat' dir='ltr'>non</span> <span class='ocrx_word' id='word_1_581' title='bbox 1771 1263 1902 1297; x_wconf 75' lang='lat' dir='ltr'>modica</span> <span class='ocrx_word' id='word_1_582' title='bbox 1929 1264 2037 1306; x_wconf 76' lang='lat' dir='ltr'>portio</span> <span class='ocrx_word' id='word_1_583' title='bbox 2060 1265 2126 1298; x_wconf 87' lang='lat' dir='ltr'>fuit</span> 
     </span>
     <span class='ocr_line' id='line_1_94' title="bbox 1239 1311 2127 1357; baseline 0.006 -15"><span class='ocrx_word' id='word_1_584' title='bbox 1239 1311 1426 1353; x_wconf 84' lang='lat' dir='ltr'>transcripta</span> <span class='ocrx_word' id='word_1_585' title='bbox 1450 1312 1482 1345; x_wconf 91' lang='lat' dir='ltr'>in</span> <span class='ocrx_word' id='word_1_586' title='bbox 1513 1312 1735 1347; x_wconf 86' lang='lat' dir='ltr'>Viennensem</span> <span class='ocrx_word' id='word_1_587' title='bbox 1770 1312 1985 1357; x_wconf 88' lang='lat' dir='ltr'>Metropolim</span> <span class='ocrx_word' id='word_1_588' title='bbox 2014 1338 2019 1343; x_wconf 93' lang='lat'>.</span> <span class='ocrx_word' id='word_1_589' title='bbox 2046 1313 2127 1347; x_wconf 85' lang='lat' dir='ltr'>No-</span> 
     </span>
     <span class='ocr_line' id='line_1_95' title="bbox 1240 1359 2124 1407; baseline 0.005 -14"><span class='ocrx_word' id='word_1_590' title='bbox 1240 1359 1322 1395; x_wconf 84' lang='lat' dir='ltr'>vella</span> <span class='ocrx_word' id='word_1_591' title='bbox 1346 1359 1428 1395; x_wconf 66' lang='lat' dir='ltr'>reste</span> <span class='ocrx_word' id='word_1_592' title='bbox 1448 1362 1585 1396; x_wconf 82' lang='lat' dir='ltr'>affirmat</span> <span class='ocrx_word' id='word_1_593' title='bbox 1602 1362 1708 1405; x_wconf 88' lang='lat' dir='ltr'>ipsum</span> <span class='ocrx_word' id='word_1_594' title='bbox 1719 1361 1887 1407; x_wconf 75' lang='lat' dir='ltr'>deliquisse</span> <span class='ocrx_word' id='word_1_595' title='bbox 1908 1374 1976 1397; x_wconf 90' lang='lat' dir='ltr'>non</span> <span class='ocrx_word' id='word_1_596' title='bbox 2005 1363 2124 1398; x_wconf 88' lang='lat' dir='ltr'>solum-</span> 
     </span>
     <span class='ocr_line' id='line_1_96' title="bbox 1239 1409 2127 1454; baseline 0.005 -11"><span class='ocrx_word' id='word_1_597' title='bbox 1239 1409 1338 1444; x_wconf 89' lang='lat' dir='ltr'>modo</span> <span class='ocrx_word' id='word_1_598' title='bbox 1357 1410 1390 1444; x_wconf 89' lang='lat' dir='ltr'>in</span> <span class='ocrx_word' id='word_1_599' title='bbox 1405 1411 1603 1454; x_wconf 85' lang='lat' dir='ltr'>Apostolieae</span> <span class='ocrx_word' id='word_1_600' title='bbox 1616 1412 1707 1447; x_wconf 86' lang='lat' dir='ltr'>Sedis</span> <span class='ocrx_word' id='word_1_601' title='bbox 1728 1414 1942 1448; x_wconf 88' lang='lat' dir='ltr'>reverentiam</span> <span class='ocrx_word' id='word_1_602' title='bbox 1962 1436 1973 1452; x_wconf 85' lang='lat'>‚</span> <span class='ocrx_word' id='word_1_603' title='bbox 1999 1413 2051 1448; x_wconf 85' lang='lat' dir='ltr'>sed</span> <span class='ocrx_word' id='word_1_604' title='bbox 2077 1413 2127 1447; x_wconf 87' lang='lat' dir='ltr'>iu-</span> 
     </span>
     <span class='ocr_line' id='line_1_97' title="bbox 1238 1460 2127 1510; baseline 0.004 -17"><span class='ocrx_word' id='word_1_605' title='bbox 1238 1460 1329 1503; x_wconf 88' lang='lat' dir='ltr'>super</span> <span class='ocrx_word' id='word_1_606' title='bbox 1356 1461 1389 1494; x_wconf 89' lang='lat' dir='ltr'>in</span> <span class='ocrx_word' id='word_1_607' title='bbox 1404 1460 1611 1505; x_wconf 69' lang='lat' dir='ltr'>Maiestatem</span> <span class='ocrx_word' id='word_1_608' title='bbox 1633 1463 1789 1506; x_wconf 85' lang='lat' dir='ltr'>Imperii:</span> <span class='ocrx_word' id='word_1_609' title='bbox 1820 1464 1911 1510; x_wconf 84' lang='lat' dir='ltr'>Qia</span> <span class='ocrx_word' id='word_1_610' title='bbox 1941 1461 2059 1507; x_wconf 74' lang='lat' dir='ltr'>nempe</span> <span class='ocrx_word' id='word_1_611' title='bbox 2080 1463 2127 1497; x_wconf 90' lang='lat' dir='ltr'>ci-</span> 
     </span>
     <span class='ocr_line' id='line_1_98' title="bbox 1237 1509 2124 1555; baseline 0.005 -13"><span class='ocrx_word' id='word_1_612' title='bbox 1237 1509 1415 1550; x_wconf 85' lang='lat' dir='ltr'>vitatibus,</span> <span class='ocrx_word' id='word_1_613' title='bbox 1438 1523 1519 1552; x_wconf 76' lang='lat' dir='ltr'>quas</span> <span class='ocrx_word' id='word_1_614' title='bbox 1534 1523 1605 1546; x_wconf 83' lang='lat' dir='ltr'>non</span> <span class='ocrx_word' id='word_1_615' title='bbox 1629 1512 1697 1547; x_wconf 89' lang='lat' dir='ltr'>sola</span> <span class='ocrx_word' id='word_1_616' title='bbox 1708 1513 1904 1555; x_wconf 81' lang='lat' dir='ltr'>Apostolica</span> <span class='ocrx_word' id='word_1_617' title='bbox 1919 1511 2041 1554; x_wconf 84' lang='lat' dir='ltr'>Sedes,</span> <span class='ocrx_word' id='word_1_618' title='bbox 2067 1512 2124 1547; x_wconf 76' lang='lat' dir='ltr'>sed</span> 
     </span>
    </p>
   </div>
   <div class='ocr_carea' id='block_1_21' title="bbox 1233 1557 2125 1645">
    <p class='ocr_par' dir='ltr' id='par_1_22' title="bbox 1233 1557 2125 1645">
     <span class='ocr_line' id='line_1_99' title="bbox 1235 1557 2125 1602; baseline 0.009 -15"><span class='ocrx_word' id='word_1_619' title='bbox 1235 1558 1267 1588; x_wconf 72' lang='grc' dir='ltr'>δε</span> <span class='ocrx_word' id='word_1_620' title='bbox 1293 1557 1470 1598; x_wconf 84' lang='lat' dir='ltr'>Imperium</span> <span class='ocrx_word' id='word_1_621' title='bbox 1492 1558 1526 1589; x_wconf 91' lang='lat' dir='ltr'>in</span> <span class='ocrx_word' id='word_1_622' title='bbox 1547 1558 1723 1602; x_wconf 74' lang='lat' dir='ltr'>singulares</span> <span class='ocrx_word' id='word_1_623' title='bbox 1742 1561 1936 1594; x_wconf 78' lang='lat' dir='ltr'>Provincias</span> <span class='ocrx_word' id='word_1_624' title='bbox 1958 1570 2125 1600; x_wconf 79' lang='lat' dir='ltr'>erexerat,</span> 
     </span>
     <span class='ocr_line' id='line_1_100' title="bbox 1233 1603 2125 1645; baseline 0.006 -8"><span class='ocrx_word' id='word_1_625' title='bbox 1233 1603 1438 1645; x_wconf 85' lang='lat' dir='ltr'>pertinaciter</span> <span class='ocrx_word' id='word_1_626' title='bbox 1457 1606 1590 1638; x_wconf 84' lang='lat' dir='ltr'>nolebat</span> <span class='ocrx_word' id='word_1_627' title='bbox 1615 1607 1729 1639; x_wconf 83' lang='lat' dir='ltr'>cedere</span> <span class='ocrx_word' id='word_1_628' title='bbox 1749 1630 1757 1636; x_wconf 93' lang='lat'>.</span> <span class='ocrx_word' id='word_1_629' title='bbox 1792 1608 1855 1638; x_wconf 77' lang='lat' dir='ltr'>Per</span> <span class='ocrx_word' id='word_1_630' title='bbox 1871 1606 2125 1642; x_wconf 79' lang='lat' dir='ltr'>armatam&#39;vio-</span> 
     </span>
    </p>
   </div>
   <div class='ocr_carea' id='block_1_22' title="bbox 1225 1650 2119 2196">
    <p class='ocr_par' dir='ltr' id='par_1_23' title="bbox 1232 1650 2119 1744">
     <span class='ocr_line' id='line_1_101' title="bbox 1232 1650 2119 1695; baseline 0.009 -11"><span class='ocrx_word' id='word_1_631' title='bbox 1232 1651 1367 1686; x_wconf 86' lang='lat' dir='ltr'>lentiam</span> <span class='ocrx_word' id='word_1_632' title='bbox 1403 1650 1552 1688; x_wconf 72' lang='lat' dir='ltr'>tentabat</span> <span class='ocrx_word' id='word_1_633' title='bbox 1588 1653 1785 1695; x_wconf 84' lang='lat' dir='ltr'>perseverare</span> <span class='ocrx_word' id='word_1_634' title='bbox 1811 1653 1934 1689; x_wconf 78' lang='lat' dir='ltr'>solidus</span> <span class='ocrx_word' id='word_1_635' title='bbox 1962 1657 2119 1692; x_wconf 78' lang='lat' dir='ltr'>omnium</span> 
     </span>
     <span class='ocr_line' id='line_1_102' title="bbox 1232 1701 1467 1744; baseline 0 -10"><span class='ocrx_word' id='word_1_636' title='bbox 1232 1701 1446 1744; x_wconf 88' lang='lat' dir='ltr'>Metropolita</span> <span class='ocrx_word' id='word_1_637' title='bbox 1460 1726 1467 1734; x_wconf 94' lang='lat'><strong><em>.</em></strong></span> 
     </span>
    </p>

    <p class='ocr_par' dir='ltr' id='par_1_24' title="bbox 1225 1751 2119 2196">
     <span class='ocr_line' id='line_1_103' title="bbox 1279 1751 2117 1799; baseline 0.01 -15"><span class='ocrx_word' id='word_1_638' title='bbox 1279 1751 1406 1798; x_wconf 82' lang='lat' dir='ltr'>Qarta</span> <span class='ocrx_word' id='word_1_639' title='bbox 1419 1751 1568 1799; x_wconf 86' lang='lat' dir='ltr'>Qaestio</span> <span class='ocrx_word' id='word_1_640' title='bbox 1588 1752 1634 1787; x_wconf 82' lang='lat' dir='ltr'>est</span> <span class='ocrx_word' id='word_1_641' title='bbox 1649 1776 1661 1793; x_wconf 93' lang='lat'>,</span> <span class='ocrx_word' id='word_1_642' title='bbox 1688 1752 1746 1787; x_wconf 86' lang='lat' dir='ltr'>An</span> <span class='ocrx_word' id='word_1_643' title='bbox 1767 1752 1917 1789; x_wconf 84' lang='lat' dir='ltr'>Hilarius</span> <span class='ocrx_word' id='word_1_644' title='bbox 1938 1755 2008 1798; x_wconf 85' lang='lat' dir='ltr'>post</span> <span class='ocrx_word' id='word_1_645' title='bbox 2025 1757 2117 1792; x_wconf 78' lang='lat' dir='ltr'>suam</span> 
     </span>
     <span class='ocr_line' id='line_1_104' title="bbox 1229 1801 2117 1847; baseline 0.008 -13"><span class='ocrx_word' id='word_1_646' title='bbox 1229 1812 1272 1835; x_wconf 84' lang='lat' dir='ltr'>ex</span> <span class='ocrx_word' id='word_1_647' title='bbox 1303 1803 1388 1835; x_wconf 76' lang='lat' dir='ltr'>alma</span> <span class='ocrx_word' id='word_1_648' title='bbox 1417 1801 1516 1836; x_wconf 89' lang='lat' dir='ltr'>Urbe</span> <span class='ocrx_word' id='word_1_649' title='bbox 1544 1802 1657 1847; x_wconf 79' lang='lat' dir='ltr'>fugam</span> <span class='ocrx_word' id='word_1_650' title='bbox 1692 1802 1790 1838; x_wconf 86' lang='lat' dir='ltr'>fuerit</span> <span class='ocrx_word' id='word_1_651' title='bbox 1822 1804 1840 1838; x_wconf 76' lang='lat' dir='ltr'>a</span> <span class='ocrx_word' id='word_1_652' title='bbox 1861 1806 1979 1840; x_wconf 62' lang='lat' dir='ltr'>SanEto</span> <span class='ocrx_word' id='word_1_653' title='bbox 2001 1805 2117 1842; x_wconf 87' lang='lat' dir='ltr'>Leone</span> 
     </span>
     <span class='ocr_line' id='line_1_105' title="bbox 1229 1851 2119 1897; baseline 0.01 -13"><span class='ocrx_word' id='word_1_654' title='bbox 1229 1861 1396 1886; x_wconf 83' lang='lat' dir='ltr'>revocatus</span> <span class='ocrx_word' id='word_1_655' title='bbox 1408 1851 1448 1886; x_wconf 88' lang='lat' dir='ltr'>ad</span> <span class='ocrx_word' id='word_1_656' title='bbox 1472 1851 1664 1894; x_wconf 73' lang='lat' dir='ltr'>Iudicium?</span> <span class='ocrx_word' id='word_1_657' title='bbox 1690 1853 1888 1897; x_wconf 86' lang='lat' dir='ltr'>Respondeo</span> <span class='ocrx_word' id='word_1_658' title='bbox 1911 1855 2023 1890; x_wconf 74' lang='lat' dir='ltr'>fuisse.</span> <span class='ocrx_word' id='word_1_659' title='bbox 2051 1856 2119 1893; x_wconf 83' lang='lat' dir='ltr'>Lu-</span> 
     </span>
     <span class='ocr_line' id='line_1_106' title="bbox 1227 1902 2115 1948; baseline 0.007 -14"><span class='ocrx_word' id='word_1_660' title='bbox 1227 1912 1278 1935; x_wconf 89' lang='lat' dir='ltr'>cet</span> <span class='ocrx_word' id='word_1_661' title='bbox 1300 1913 1341 1935; x_wconf 87' lang='lat' dir='ltr'>ex</span> <span class='ocrx_word' id='word_1_662' title='bbox 1375 1902 1504 1936; x_wconf 86' lang='lat' dir='ltr'>laudata</span> <span class='ocrx_word' id='word_1_663' title='bbox 1525 1902 1598 1946; x_wconf 88' lang='lat' dir='ltr'>lege</span> <span class='ocrx_word' id='word_1_664' title='bbox 1617 1928 1628 1944; x_wconf 94' lang='lat'>‚</span> <span class='ocrx_word' id='word_1_665' title='bbox 1659 1914 1720 1937; x_wconf 91' lang='lat' dir='ltr'>nec</span> <span class='ocrx_word' id='word_1_666' title='bbox 1740 1915 1808 1937; x_wconf 90' lang='lat' dir='ltr'>non</span> <span class='ocrx_word' id='word_1_667' title='bbox 1831 1916 1872 1938; x_wconf 83' lang='lat' dir='ltr'>ex</span> <span class='ocrx_word' id='word_1_668' title='bbox 1896 1905 1967 1948; x_wconf 86' lang='lat' dir='ltr'>ipso</span> <span class='ocrx_word' id='word_1_669' title='bbox 1984 1906 2115 1943; x_wconf 81' lang='lat' dir='ltr'>Hilarii</span> 
     </span>
     <span class='ocr_line' id='line_1_107' title="bbox 1230 1951 2115 1993; baseline 0.008 -10"><span class='ocrx_word' id='word_1_670' title='bbox 1230 1951 1439 1985; x_wconf 83' lang='lat' dir='ltr'>Encomiaste</span> <span class='ocrx_word' id='word_1_671' title='bbox 1456 1959 1467 1984; x_wconf 90' lang='grc'>·.</span> <span class='ocrx_word' id='word_1_672' title='bbox 1494 1953 1575 1988; x_wconf 80' lang='lat' dir='ltr'>Haec</span> <span class='ocrx_word' id='word_1_673' title='bbox 1610 1953 1701 1987; x_wconf 90' lang='lat' dir='ltr'>enim</span> <span class='ocrx_word' id='word_1_674' title='bbox 1723 1955 1874 1989; x_wconf 83' lang='lat' dir='ltr'>evocatio</span> <span class='ocrx_word' id='word_1_675' title='bbox 1900 1956 1946 1991; x_wconf 84' lang='lat' dir='ltr'>est</span> <span class='ocrx_word' id='word_1_676' title='bbox 1968 1956 2115 1993; x_wconf 72' lang='lat' dir='ltr'>omnino</span> 
     </span>
     <span class='ocr_line' id='line_1_108' title="bbox 1229 2002 2115 2047; baseline 0.008 -13"><span class='ocrx_word' id='word_1_677' title='bbox 1229 2002 1386 2035; x_wconf 84' lang='lat' dir='ltr'>sententia</span> <span class='ocrx_word' id='word_1_678' title='bbox 1412 2002 1494 2042; x_wconf 87' lang='lat' dir='ltr'>illa,</span> <span class='ocrx_word' id='word_1_679' title='bbox 1521 2013 1618 2047; x_wconf 86' lang='lat' dir='ltr'>quam</span> <span class='ocrx_word' id='word_1_680' title='bbox 1644 2004 1678 2040; x_wconf 75' lang='lat' dir='ltr'>in</span> <span class='ocrx_word' id='word_1_681' title='bbox 1704 2003 1871 2038; x_wconf 79' lang='lat' dir='ltr'>Hilarium</span> <span class='ocrx_word' id='word_1_682' title='bbox 1894 2004 1912 2038; x_wconf 76' lang='grc' dir='ltr'>ὲ</span> <span class='ocrx_word' id='word_1_683' title='bbox 1933 2006 2049 2043; x_wconf 81' lang='lat' dir='ltr'>Leone</span> <span class='ocrx_word' id='word_1_684' title='bbox 2069 2006 2115 2041; x_wconf 88' lang='lat' dir='ltr'>la-</span> 
     </span>
     <span class='ocr_line' id='line_1_109' title="bbox 1226 2052 2114 2099; baseline 0.006 -15"><span class='ocrx_word' id='word_1_685' title='bbox 1226 2060 1292 2084; x_wconf 83' lang='lat' dir='ltr'>tam</span> <span class='ocrx_word' id='word_1_686' title='bbox 1316 2052 1457 2085; x_wconf 85' lang='lat' dir='ltr'>Novella</span> <span class='ocrx_word' id='word_1_687' title='bbox 1482 2053 1586 2087; x_wconf 79' lang='lat' dir='ltr'>asserit</span> <span class='ocrx_word' id='word_1_688' title='bbox 1603 2077 1614 2093; x_wconf 92' lang='lat'>,</span> <span class='ocrx_word' id='word_1_689' title='bbox 1640 2065 1678 2087; x_wconf 87' lang='lat' dir='ltr'>ac</span> <span class='ocrx_word' id='word_1_690' title='bbox 1699 2054 1869 2099; x_wconf 85' lang='lat' dir='ltr'>adjungit:</span> <span class='ocrx_word' id='word_1_691' title='bbox 1896 2058 1942 2088; x_wconf 85' lang='lat' dir='ltr'>Et</span> <span class='ocrx_word' id='word_1_692' title='bbox 1965 2065 2031 2089; x_wconf 80' lang='lat' dir='ltr'>erat</span> <span class='ocrx_word' id='word_1_693' title='bbox 2047 2061 2114 2098; x_wconf 79' lang='lat' dir='ltr'><em>qus·-</em></span> 
     </span>
     <span class='ocr_line' id='line_1_110' title="bbox 1225 2100 2109 2146; baseline 0.006 -12"><span class='ocrx_word' id='word_1_694' title='bbox 1225 2103 1291 2134; x_wconf 82' lang='lat' dir='ltr'>dem</span> <span class='ocrx_word' id='word_1_695' title='bbox 1308 2100 1373 2144; x_wconf 84' lang='lat' dir='ltr'>ipsa</span> <span class='ocrx_word' id='word_1_696' title='bbox 1390 2100 1541 2144; x_wconf 82' lang='lat' dir='ltr'>sententia</span> <span class='ocrx_word' id='word_1_697' title='bbox 1566 2110 1623 2144; x_wconf 75' lang='lat' dir='ltr'>per</span> <span class='ocrx_word' id='word_1_698' title='bbox 1660 2104 1776 2136; x_wconf 79' lang='lat' dir='ltr'>Gallias</span> <span class='ocrx_word' id='word_1_699' title='bbox 1804 2110 1895 2139; x_wconf 82' lang='lat' dir='ltr'>etiam</span> <span class='ocrx_word' id='word_1_700' title='bbox 1917 2104 1981 2146; x_wconf 74' lang='lat' dir='ltr'>fine</span> <span class='ocrx_word' id='word_1_701' title='bbox 2013 2105 2109 2146; x_wconf 78' lang='lat' dir='ltr'>nostra</span> 
     </span>
     <span class='ocr_line' id='line_1_111' title="bbox 1225 2151 2112 2196; baseline 0.006 -13"><span class='ocrx_word' id='word_1_702' title='bbox 1225 2151 1379 2185; x_wconf 67' lang='lat' dir='ltr'>Sanfflone</span> <span class='ocrx_word' id='word_1_703' title='bbox 1412 2154 1549 2186; x_wconf 77' lang='lat' dir='ltr'>valitura</span> <span class='ocrx_word' id='word_1_704' title='bbox 1581 2177 1588 2184; x_wconf 92' lang='lat'><strong>.</strong></span> <span class='ocrx_word' id='word_1_705' title='bbox 1614 2154 1703 2196; x_wconf 72' lang='lat' dir='ltr'>,Quid</span> <span class='ocrx_word' id='word_1_706' title='bbox 1738 2159 1816 2186; x_wconf 83' lang='lat' dir='ltr'>enim</span> <span class='ocrx_word' id='word_1_707' title='bbox 1845 2160 1928 2188; x_wconf 77' lang='lat' dir='ltr'>tanti</span> <span class='ocrx_word' id='word_1_708' title='bbox 1960 2154 2112 2196; x_wconf 73' lang='lat' dir='ltr'>Pontifici:</span> 
     </span>
    </p>
   </div>
   <div class='ocr_carea' id='block_1_23' title="bbox 1204 2193 2112 2294">
    <p class='ocr_par' dir='ltr' id='par_1_25' title="bbox 1204 2193 2112 2294">
     <span class='ocr_line' id='line_1_112' title="bbox 1204 2193 2111 2244; baseline 0.004 -11"><span class='ocrx_word' id='word_1_709' title='bbox 1204 2193 1408 2243; x_wconf 64' lang='lat' dir='ltr'>{authorum</span> <span class='ocrx_word' id='word_1_710' title='bbox 1431 2208 1463 2235; x_wconf 83' lang='lat' dir='ltr'>in</span> <span class='ocrx_word' id='word_1_711' title='bbox 1496 2200 1636 2243; x_wconf 81' lang='lat' dir='ltr'>Ecclefias</span> <span class='ocrx_word' id='word_1_712' title='bbox 1660 2214 1716 2235; x_wconf 88' lang='lat' dir='ltr'>non</span> <span class='ocrx_word' id='word_1_713' title='bbox 1735 2205 1834 2238; x_wconf 84' lang='lat' dir='ltr'>liceret</span> <span class='ocrx_word' id='word_1_714' title='bbox 1858 2207 1871 2237; x_wconf 82' lang='lat'>?</span> <span class='ocrx_word' id='word_1_715' title='bbox 1907 2205 1970 2237; x_wconf 76' lang='lat' dir='ltr'>sed</span> <span class='ocrx_word' id='word_1_716' title='bbox 1983 2204 2111 2244; x_wconf 75' lang='lat' dir='ltr'>nostram</span> 
     </span>
     <span class='ocr_line' id='line_1_113' title="bbox 1204 2247 2112 2294; baseline 0.006 -12"><span class='ocrx_word' id='word_1_717' title='bbox 1204 2247 1336 2294; x_wconf 84' lang='lat' dir='ltr'>lquoque</span> <span class='ocrx_word' id='word_1_718' title='bbox 1366 2254 1597 2293; x_wconf 72' lang='lat' dir='ltr'>Praeceptionem</span> <span class='ocrx_word' id='word_1_719' title='bbox 1638 2252 1701 2285; x_wconf 79' lang='lat' dir='ltr'>baec</span> <span class='ocrx_word' id='word_1_720' title='bbox 1729 2258 1808 2285; x_wconf 83' lang='lat' dir='ltr'>ratio</span> <span class='ocrx_word' id='word_1_721' title='bbox 1833 2258 2014 2294; x_wconf 75' lang='lat' dir='ltr'>provocavit</span> <span class='ocrx_word' id='word_1_722' title='bbox 2035 2278 2046 2294; x_wconf 94' lang='lat'><strong>,</strong></span> <span class='ocrx_word' id='word_1_723' title='bbox 2071 2265 2112 2287; x_wconf 81' lang='lat' dir='ltr'>ne</span> 
     </span>
    </p>
   </div>
   <div class='ocr_carea' id='block_1_24' title="bbox 1225 2302 2115 2892">
    <p class='ocr_par' dir='ltr' id='par_1_26' title="bbox 1225 2302 2115 2892">
     <span class='ocr_line' id='line_1_114' title="bbox 1225 2302 2112 2345; baseline 0.001 -12"><span class='ocrx_word' id='word_1_724' title='bbox 1225 2303 1347 2334; x_wconf 80' lang='lat' dir='ltr'>ulterius</span> <span class='ocrx_word' id='word_1_725' title='bbox 1378 2302 1432 2335; x_wconf 85' lang='lat' dir='ltr'>vel</span> <span class='ocrx_word' id='word_1_726' title='bbox 1468 2302 1587 2335; x_wconf 76' lang='lat' dir='ltr'>Hilario</span> <span class='ocrx_word' id='word_1_727' title='bbox 1622 2325 1634 2340; x_wconf 93' lang='lat'>,</span> <span class='ocrx_word' id='word_1_728' title='bbox 1668 2313 1719 2335; x_wconf 82' lang='lat' dir='ltr'>nec</span> <span class='ocrx_word' id='word_1_729' title='bbox 1736 2307 1874 2345; x_wconf 81' lang='lat' dir='ltr'>cuiquam</span> <span class='ocrx_word' id='word_1_730' title='bbox 1899 2304 1987 2336; x_wconf 80' lang='lat' dir='ltr'>alteri</span> <span class='ocrx_word' id='word_1_731' title='bbox 2024 2305 2112 2337; x_wconf 78' lang='lat' dir='ltr'>liceat</span> 
     </span>
     <span class='ocr_line' id='line_1_115' title="bbox 1230 2343 2111 2393; baseline 0.003 -9"><span class='ocrx_word' id='word_1_732' title='bbox 1230 2353 1398 2393; x_wconf 81' lang='lat' dir='ltr'>Praeceptis</span> <span class='ocrx_word' id='word_1_733' title='bbox 1421 2355 1550 2384; x_wconf 81' lang='lat' dir='ltr'>Romani</span> <span class='ocrx_word' id='word_1_734' title='bbox 1570 2351 1718 2392; x_wconf 71' lang='lat' dir='ltr'>Antistius</span> <span class='ocrx_word' id='word_1_735' title='bbox 1741 2343 1862 2386; x_wconf 68' lang='lat' dir='ltr'>obiitare</span> <span class='ocrx_word' id='word_1_736' title='bbox 1884 2379 1891 2385; x_wconf 94' lang='lat'>.</span> <span class='ocrx_word' id='word_1_737' title='bbox 1918 2353 2019 2387; x_wconf 82' lang='lat' dir='ltr'>Hanc</span> <span class='ocrx_word' id='word_1_738' title='bbox 2041 2354 2111 2387; x_wconf 87' lang='lat' dir='ltr'>sen·</span> 
     </span>
     <span class='ocr_line' id='line_1_116' title="bbox 1227 2400 2112 2446; baseline 0.003 -11"><span class='ocrx_word' id='word_1_739' title='bbox 1227 2402 1366 2436; x_wconf 84' lang='lat' dir='ltr'>tentiam</span> <span class='ocrx_word' id='word_1_740' title='bbox 1389 2400 1531 2435; x_wconf 90' lang='lat' dir='ltr'>lucidius</span> <span class='ocrx_word' id='word_1_741' title='bbox 1557 2402 1696 2445; x_wconf 86' lang='lat' dir='ltr'>exponit</span> <span class='ocrx_word' id='word_1_742' title='bbox 1726 2402 1791 2446; x_wconf 90' lang='lat' dir='ltr'>ipse</span> <span class='ocrx_word' id='word_1_743' title='bbox 1811 2402 1970 2438; x_wconf 84' lang='lat' dir='ltr'>Pontifex</span> <span class='ocrx_word' id='word_1_744' title='bbox 1992 2404 2028 2437; x_wconf 88' lang='lat' dir='ltr'>in</span> <span class='ocrx_word' id='word_1_745' title='bbox 2048 2404 2112 2438; x_wconf 86' lang='lat' dir='ltr'>da-</span> 
     </span>
     <span class='ocr_line' id='line_1_117' title="bbox 1226 2450 2111 2497; baseline 0.001 -12"><span class='ocrx_word' id='word_1_746' title='bbox 1226 2452 1267 2485; x_wconf 91' lang='lat' dir='ltr'>tis</span> <span class='ocrx_word' id='word_1_747' title='bbox 1302 2450 1408 2485; x_wconf 86' lang='lat' dir='ltr'>statim</span> <span class='ocrx_word' id='word_1_748' title='bbox 1433 2451 1502 2494; x_wconf 86' lang='lat' dir='ltr'>post</span> <span class='ocrx_word' id='word_1_749' title='bbox 1528 2452 1652 2486; x_wconf 85' lang='lat' dir='ltr'>Hilarii</span> <span class='ocrx_word' id='word_1_750' title='bbox 1686 2453 1799 2497; x_wconf 85' lang='lat' dir='ltr'>fugam</span> <span class='ocrx_word' id='word_1_751' title='bbox 1820 2451 2010 2487; x_wconf 85' lang='lat' dir='ltr'>litteris.ad</span> <span class='ocrx_word' id='word_1_752' title='bbox 2030 2463 2111 2486; x_wconf 89' lang='lat' dir='ltr'>eun-</span> 
     </span>
     <span class='ocr_line' id='line_1_118' title="bbox 1227 2500 2112 2546; baseline 0 -11"><span class='ocrx_word' id='word_1_753' title='bbox 1227 2503 1296 2535; x_wconf 69' lang='lat' dir='ltr'>stos</span> <span class='ocrx_word' id='word_1_754' title='bbox 1330 2501 1449 2535; x_wconf 80' lang='lat' dir='ltr'>Galliae</span> <span class='ocrx_word' id='word_1_755' title='bbox 1486 2526 1496 2541; x_wconf 91' lang='lat'>‚</span> <span class='ocrx_word' id='word_1_756' title='bbox 1534 2500 1732 2536; x_wconf 78' lang='lat' dir='ltr'>Viennensis</span> <span class='ocrx_word' id='word_1_757' title='bbox 1765 2502 1936 2546; x_wconf 67' lang='lat' dir='ltr'>praesertim</span> <span class='ocrx_word' id='word_1_758' title='bbox 1972 2501 2112 2535; x_wconf 86' lang='lat' dir='ltr'>Provin-</span> 
     </span>
     <span class='ocr_line' id='line_1_119' title="bbox 1226 2551 2115 2594; baseline 0 -10"><span class='ocrx_word' id='word_1_759' title='bbox 1226 2552 1306 2590; x_wconf 62' lang='lat' dir='ltr'>ciae,</span> <span class='ocrx_word' id='word_1_760' title='bbox 1332 2551 1526 2594; x_wconf 85' lang='lat' dir='ltr'>Episcopos:</span> <span class='ocrx_word' id='word_1_761' title='bbox 1555 2552 1652 2594; x_wconf 74' lang='lat' dir='ltr'>,Quali</span> <span class='ocrx_word' id='word_1_762' title='bbox 1667 2556 1839 2591; x_wconf 80' lang='lat' dir='ltr'>pertinacia</span> <span class='ocrx_word' id='word_1_763' title='bbox 1862 2552 1998 2585; x_wconf 82' lang='lat' dir='ltr'>Hilarius</span> <span class='ocrx_word' id='word_1_764' title='bbox 2009 2553 2043 2593; x_wconf 88' lang='lat' dir='ltr'><em>J</em></span> <span class='ocrx_word' id='word_1_765' title='bbox 2044 2552 2115 2585; x_wconf 44' lang='lat' dir='ltr'>udi-2</span> 
     </span>
     <span class='ocr_line' id='line_1_120' title="bbox 1227 2597 2109 2643; baseline -0.002 -9"><span class='ocrx_word' id='word_1_766' title='bbox 1227 2607 1301 2634; x_wconf 79' lang='lat' dir='ltr'>cium</span> <span class='ocrx_word' id='word_1_767' title='bbox 1320 2601 1444 2641; x_wconf 85' lang='lat' dir='ltr'>nostrum</span> <span class='ocrx_word' id='word_1_768' title='bbox 1465 2599 1600 2643; x_wconf 76' lang='lat' dir='ltr'>effisgerit</span> <span class='ocrx_word' id='word_1_769' title='bbox 1627 2623 1638 2639; x_wconf 94' lang='lat'>,</span> <span class='ocrx_word' id='word_1_770' title='bbox 1659 2597 1769 2642; x_wconf 62' lang='lat' dir='ltr'>sanda</span> <span class='ocrx_word' id='word_1_771' title='bbox 1790 2599 1888 2640; x_wconf 76' lang='lat' dir='ltr'>vestra</span> <span class='ocrx_word' id='word_1_772' title='bbox 1910 2603 2109 2638; x_wconf 50' lang='lat' dir='ltr'>Fraternitas,</span> 
     </span>
     <span class='ocr_line' id='line_1_121' title="bbox 1227 2648 2110 2693; baseline 0 -9"><span class='ocrx_word' id='word_1_773' title='bbox 1227 2663 1285 2684; x_wconf 82' lang='lat' dir='ltr'>non</span> <span class='ocrx_word' id='word_1_774' title='bbox 1294 2655 1432 2693; x_wconf 80' lang='lat' dir='ltr'>ignorat.</span> <span class='ocrx_word' id='word_1_775' title='bbox 1459 2650 1543 2682; x_wconf 86' lang='lat' dir='ltr'>Unde</span> <span class='ocrx_word' id='word_1_776' title='bbox 1567 2651 1602 2683; x_wconf 69' lang='grc' dir='ltr'>Θ</span> <span class='ocrx_word' id='word_1_777' title='bbox 1617 2648 1726 2690; x_wconf 74' lang='lat' dir='ltr'>J&#39;ustum</span> <span class='ocrx_word' id='word_1_778' title='bbox 1735 2650 1788 2692; x_wconf 84' lang='lat' dir='ltr'>effe</span> <span class='ocrx_word' id='word_1_779' title='bbox 1807 2651 1946 2683; x_wconf 84' lang='lat' dir='ltr'>videmus</span> <span class='ocrx_word' id='word_1_780' title='bbox 1959 2675 1968 2690; x_wconf 89' lang='lat'><em>‚</em></span> <span class='ocrx_word' id='word_1_781' title='bbox 1994 2656 2110 2692; x_wconf 76' lang='lat' dir='ltr'>utquia</span> 
     </span>
     <span class='ocr_line' id='line_1_122' title="bbox 1230 2698 2110 2742; baseline -0.001 -8"><span class='ocrx_word' id='word_1_782' title='bbox 1230 2704 1377 2741; x_wconf 78' lang='lat' dir='ltr'>Principis</span> <span class='ocrx_word' id='word_1_783' title='bbox 1404 2698 1595 2742; x_wconf 74' lang='lat' dir='ltr'>Apostolorum</span> <span class='ocrx_word' id='word_1_784' title='bbox 1628 2711 1770 2742; x_wconf 80' lang='lat' dir='ltr'>magnam</span> <span class='ocrx_word' id='word_1_785' title='bbox 1800 2705 1834 2733; x_wconf 74' lang='lat' dir='ltr'>in</span> <span class='ocrx_word' id='word_1_786' title='bbox 1862 2701 1991 2742; x_wconf 81' lang='lat' dir='ltr'>judiciis</span> <span class='ocrx_word' id='word_1_787' title='bbox 2014 2701 2110 2734; x_wconf 79' lang='lat' dir='ltr'>mode-</span> 
     </span>
     <span class='ocr_line' id='line_1_123' title="bbox 1228 2749 2109 2795; baseline 0 -12"><span class='ocrx_word' id='word_1_788' title='bbox 1228 2756 1373 2784; x_wconf 79' lang='lat' dir='ltr'>rationem</span> <span class='ocrx_word' id='word_1_789' title='bbox 1399 2774 1409 2790; x_wconf 91' lang='lat'>,</span> <span class='ocrx_word' id='word_1_790' title='bbox 1436 2761 1527 2791; x_wconf 86' lang='lat' dir='ltr'>quam</span> <span class='ocrx_word' id='word_1_791' title='bbox 1558 2755 1590 2782; x_wconf 71' lang='lat' dir='ltr'>in</span> <span class='ocrx_word' id='word_1_792' title='bbox 1620 2749 1763 2795; x_wconf 82' lang='lat' dir='ltr'>potestate</span> <span class='ocrx_word' id='word_1_793' title='bbox 1786 2758 1844 2791; x_wconf 84' lang='lat' dir='ltr'>per</span> <span class='ocrx_word' id='word_1_794' title='bbox 1875 2754 2008 2784; x_wconf 71' lang='lat' dir='ltr'>Vis-‘arios</span> <span class='ocrx_word' id='word_1_795' title='bbox 2036 2749 2109 2793; x_wconf 78' lang='lat' dir='ltr'>suos</span> 
     </span>
     <span class='ocr_line' id='line_1_124' title="bbox 1225 2797 2109 2844; baseline 0 -11"><span class='ocrx_word' id='word_1_796' title='bbox 1225 2799 1338 2844; x_wconf 82' lang='lat' dir='ltr'>semper</span> <span class='ocrx_word' id='word_1_797' title='bbox 1363 2798 1483 2833; x_wconf 82' lang='lat' dir='ltr'>exhibet</span> <span class='ocrx_word' id='word_1_798' title='bbox 1500 2822 1510 2839; x_wconf 91' lang='lat'>‚</span> <span class='ocrx_word' id='word_1_799' title='bbox 1540 2798 1715 2841; x_wconf 71' lang='lat' dir='ltr'>Arelatensis</span> <span class='ocrx_word' id='word_1_800' title='bbox 1737 2797 1903 2842; x_wconf 66' lang='lat' dir='ltr'>Episcopus</span> <span class='ocrx_word' id='word_1_801' title='bbox 1926 2812 1984 2836; x_wconf 82' lang='lat' dir='ltr'>non</span> <span class='ocrx_word' id='word_1_802' title='bbox 2005 2799 2109 2843; x_wconf 81' lang='lat' dir='ltr'>exspe-</span> 
     </span>
     <span class='ocr_line' id='line_1_125' title="bbox 1229 2847 2108 2892; baseline 0.001 -10"><span class='ocrx_word' id='word_1_803' title='bbox 1229 2849 1328 2884; x_wconf 62' lang='lat' dir='ltr'>elavit</span> <span class='ocrx_word' id='word_1_804' title='bbox 1350 2872 1361 2888; x_wconf 88' lang='lat'><strong>,</strong></span> <span class='ocrx_word' id='word_1_805' title='bbox 1397 2851 1418 2882; x_wconf 74' lang='grc' dir='ltr'><em>ἂ</em></span> <span class='ocrx_word' id='word_1_806' title='bbox 1454 2849 1615 2891; x_wconf 79' lang='lat' dir='ltr'>Privilegio</span> <span class='ocrx_word' id='word_1_807' title='bbox 1634 2847 1698 2891; x_wconf 84' lang='lat' dir='ltr'>suae</span> <span class='ocrx_word' id='word_1_808' title='bbox 1723 2854 1859 2882; x_wconf 72' lang='lat' dir='ltr'>civitatis</span> <span class='ocrx_word' id='word_1_809' title='bbox 1880 2848 2033 2892; x_wconf 75' lang='lat' dir='ltr'>submotus</span> <span class='ocrx_word' id='word_1_810' title='bbox 2055 2849 2108 2883; x_wconf 85' lang='lat' dir='ltr'>hu-</span> 
     </span>
    </p>
   </div>
   <div class='ocr_carea' id='block_1_25' title="bbox 1219 2897 2109 2944">
    <p class='ocr_par' dir='ltr' id='par_1_27' title="bbox 1219 2897 2109 2944">
     <span class='ocr_line' id='line_1_126' title="bbox 1219 2897 2109 2944; baseline 0 -11"><span class='ocrx_word' id='word_1_811' title='bbox 1219 2900 1294 2944; x_wconf 77' lang='lat' dir='ltr'>mili</span> <span class='ocrx_word' id='word_1_812' title='bbox 1318 2899 1375 2931; x_wconf 84' lang='lat' dir='ltr'>loco</span> <span class='ocrx_word' id='word_1_813' title='bbox 1398 2897 1516 2941; x_wconf 83' lang='lat' dir='ltr'>discat,</span> <span class='ocrx_word' id='word_1_814' title='bbox 1542 2901 1623 2941; x_wconf 87' lang='lat' dir='ltr'>quod</span> <span class='ocrx_word' id='word_1_815' title='bbox 1645 2904 1677 2932; x_wconf 85' lang='lat' dir='ltr'>in</span> <span class='ocrx_word' id='word_1_816' title='bbox 1702 2911 1810 2942; x_wconf 85' lang='lat' dir='ltr'>magno</span> <span class='ocrx_word' id='word_1_817' title='bbox 1830 2924 1841 2940; x_wconf 93' lang='lat'>,</span> <span class='ocrx_word' id='word_1_818' title='bbox 1862 2905 1962 2942; x_wconf 83' lang='lat' dir='ltr'>gratis</span> <span class='ocrx_word' id='word_1_819' title='bbox 1988 2911 2109 2933; x_wconf 81' lang='lat' dir='ltr'>munere</span> 
     </span>
    </p>
   </div>
   <div class='ocr_carea' id='block_1_26' title="bbox 1226 2947 2117 3481">
    <p class='ocr_par' dir='ltr' id='par_1_28' title="bbox 1226 2947 2117 3481">
     <span class='ocr_line' id='line_1_127' title="bbox 1230 2947 2104 2991; baseline -0.001 -8"><span class='ocrx_word' id='word_1_820' title='bbox 1230 2948 1386 2989; x_wconf 78' lang='lat' dir='ltr'>nostrorum</span> <span class='ocrx_word' id='word_1_821' title='bbox 1419 2949 1660 2991; x_wconf 65' lang='lat' dir='ltr'>Praedecffrum</span> <span class='ocrx_word' id='word_1_822' title='bbox 1697 2947 1814 2991; x_wconf 84' lang='lat' dir='ltr'>conceffo</span> <span class='ocrx_word' id='word_1_823' title='bbox 1834 2973 1845 2990; x_wconf 89' lang='lat'><strong>,</strong></span> <span class='ocrx_word' id='word_1_824' title='bbox 1872 2958 1969 2982; x_wconf 77' lang='lat' dir='ltr'>tenere</span> <span class='ocrx_word' id='word_1_825' title='bbox 1997 2951 2104 2983; x_wconf 83' lang='lat' dir='ltr'>noluit.</span> 
     </span>
     <span class='ocr_line' id='line_1_128' title="bbox 1229 2997 2110 3043; baseline -0.001 -10"><span class='ocrx_word' id='word_1_826' title='bbox 1229 3000 1330 3041; x_wconf 74' lang='lat' dir='ltr'>Sitque</span> <span class='ocrx_word' id='word_1_827' title='bbox 1362 2999 1595 3043; x_wconf 82' lang='lat' dir='ltr'>redintegratum</span> <span class='ocrx_word' id='word_1_828' title='bbox 1630 2998 1789 3040; x_wconf 81' lang='lat' dir='ltr'>Viennensi</span> <span class='ocrx_word' id='word_1_829' title='bbox 1823 2998 1911 3032; x_wconf 81' lang='lat' dir='ltr'>Archi</span> <span class='ocrx_word' id='word_1_830' title='bbox 1929 3016 1947 3023; x_wconf 90' lang='lat'>—-</span> <span class='ocrx_word' id='word_1_831' title='bbox 1967 2997 2110 3043; x_wconf 81' lang='lat' dir='ltr'>Episcopo</span> 
     </span>
     <span class='ocr_line' id='line_1_129' title="bbox 1231 3049 2109 3094; baseline -0.001 -12"><span class='ocrx_word' id='word_1_832' title='bbox 1231 3050 1427 3094; x_wconf 80' lang='lat' dir='ltr'>Privilegium</span> <span class='ocrx_word' id='word_1_833' title='bbox 1448 3073 1459 3090; x_wconf 90' lang='lat'>‚</span> <span class='ocrx_word' id='word_1_834' title='bbox 1496 3050 1530 3083; x_wconf 76' lang='lat'><em>&amp;</em></span> <span class='ocrx_word' id='word_1_835' title='bbox 1543 3050 1600 3089; x_wconf 83' lang='lat' dir='ltr'>jus</span> <span class='ocrx_word' id='word_1_836' title='bbox 1626 3055 1783 3091; x_wconf 85' lang='lat' dir='ltr'>antiquum</span> <span class='ocrx_word' id='word_1_837' title='bbox 1805 3072 1816 3088; x_wconf 95' lang='lat'><strong>,</strong></span> <span class='ocrx_word' id='word_1_838' title='bbox 1851 3051 1930 3091; x_wconf 86' lang='lat' dir='ltr'>quod</span> <span class='ocrx_word' id='word_1_839' title='bbox 1955 3049 2109 3091; x_wconf 68' lang='lat' dir='ltr'>apostolica</span> 
     </span>
     <span class='ocr_line' id='line_1_130' title="bbox 1229 3097 2104 3142; baseline -0.003 -10"><span class='ocrx_word' id='word_1_840' title='bbox 1229 3102 1412 3142; x_wconf 84' lang='lat' dir='ltr'>Benignitas</span> <span class='ocrx_word' id='word_1_841' title='bbox 1446 3098 1489 3131; x_wconf 84' lang='lat' dir='ltr'>ad</span> <span class='ocrx_word' id='word_1_842' title='bbox 1528 3097 1727 3141; x_wconf 63' lang='lat' dir='ltr'>arelatensem</span> <span class='ocrx_word' id='word_1_843' title='bbox 1763 3109 1802 3132; x_wconf 79' lang='lat' dir='ltr'>ex</span> <span class='ocrx_word' id='word_1_844' title='bbox 1835 3107 1921 3140; x_wconf 85' lang='lat' dir='ltr'>parte</span> <span class='ocrx_word' id='word_1_845' title='bbox 1955 3098 2104 3138; x_wconf 84' lang='lat' dir='ltr'>transtulit</span> 
     </span>
     <span class='ocr_line' id='line_1_131' title="bbox 1227 3145 2107 3190; baseline -0.005 -8"><span class='ocrx_word' id='word_1_846' title='bbox 1227 3154 1401 3188; x_wconf 65' lang='lat' dir='ltr'>circatorem,</span> <span class='ocrx_word' id='word_1_847' title='bbox 1427 3157 1460 3180; x_wconf 90' lang='lat' dir='ltr'>ut</span> <span class='ocrx_word' id='word_1_848' title='bbox 1471 3149 1526 3181; x_wconf 76' lang='lat' dir='ltr'>tali</span> <span class='ocrx_word' id='word_1_849' title='bbox 1531 3146 1696 3190; x_wconf 68' lang='lat' dir='ltr'>severitate</span> <span class='ocrx_word' id='word_1_850' title='bbox 1709 3148 1846 3184; x_wconf 84' lang='lat' dir='ltr'>Hilarius</span> <span class='ocrx_word' id='word_1_851' title='bbox 1869 3145 2107 3189; x_wconf 74' lang='lat' dir='ltr'>coercitusdifcat</span> 
     </span>
     <span class='ocr_line' id='line_1_132' title="bbox 1228 3195 2106 3242; baseline -0.003 -10"><span class='ocrx_word' id='word_1_852' title='bbox 1228 3210 1286 3232; x_wconf 81' lang='lat' dir='ltr'>non</span> <span class='ocrx_word' id='word_1_853' title='bbox 1309 3199 1418 3232; x_wconf 73' lang='lat' dir='ltr'>temeri?</span> <span class='ocrx_word' id='word_1_854' title='bbox 1430 3195 1598 3241; x_wconf 78' lang='lat' dir='ltr'>transgredi</span> <span class='ocrx_word' id='word_1_855' title='bbox 1609 3203 1748 3232; x_wconf 81' lang='lat' dir='ltr'>terminos</span> <span class='ocrx_word' id='word_1_856' title='bbox 1767 3204 1902 3242; x_wconf 81' lang='lat' dir='ltr'>antiquos</span> <span class='ocrx_word' id='word_1_857' title='bbox 1920 3224 1930 3239; x_wconf 92' lang='lat'>,</span> <span class='ocrx_word' id='word_1_858' title='bbox 1955 3200 2106 3232; x_wconf 81' lang='lat' dir='ltr'>canonica</span> 
     </span>
     <span class='ocr_line' id='line_1_133' title="bbox 1226 3245 2106 3292; baseline -0.003 -10"><span class='ocrx_word' id='word_1_859' title='bbox 1226 3250 1390 3292; x_wconf 77' lang='lat' dir='ltr'>prolatione</span> <span class='ocrx_word' id='word_1_860' title='bbox 1392 3246 1544 3289; x_wconf 76' lang='lat' dir='ltr'>fundatas</span> <span class='ocrx_word' id='word_1_861' title='bbox 1556 3272 1563 3280; x_wconf 90' lang='lat'><em>.</em></span> <span class='ocrx_word' id='word_1_862' title='bbox 1584 3247 1736 3282; x_wconf 85' lang='lat' dir='ltr'>Affirmat</span> <span class='ocrx_word' id='word_1_863' title='bbox 1747 3248 1830 3283; x_wconf 84' lang='lat' dir='ltr'>varia</span> <span class='ocrx_word' id='word_1_864' title='bbox 1841 3274 1848 3282; x_wconf 94' lang='lat'>.</span> <span class='ocrx_word' id='word_1_865' title='bbox 1870 3246 1982 3286; x_wconf 75' lang='lat' dir='ltr'>Primo</span> <span class='ocrx_word' id='word_1_866' title='bbox 1993 3270 2003 3287; x_wconf 90' lang='lat'><strong>,</strong></span> <span class='ocrx_word' id='word_1_867' title='bbox 2015 3245 2106 3290; x_wconf 90' lang='lat' dir='ltr'>quod</span> 
     </span>
     <span class='ocr_line' id='line_1_134' title="bbox 1228 3295 2107 3339; baseline -0.007 -5"><span class='ocrx_word' id='word_1_868' title='bbox 1228 3298 1378 3335; x_wconf 87' lang='lat' dir='ltr'>Hilarius</span> <span class='ocrx_word' id='word_1_869' title='bbox 1391 3298 1425 3330; x_wconf 85' lang='lat' dir='ltr'>in</span> <span class='ocrx_word' id='word_1_870' title='bbox 1438 3299 1659 3333; x_wconf 70' lang='lat' dir='ltr'>retrastatorio</span> <span class='ocrx_word' id='word_1_871' title='bbox 1670 3297 1864 3334; x_wconf 86' lang='lat' dir='ltr'>Chelidonii</span> <span class='ocrx_word' id='word_1_872' title='bbox 1882 3295 2006 3339; x_wconf 82' lang='lat' dir='ltr'>judicio</span> <span class='ocrx_word' id='word_1_873' title='bbox 2027 3305 2107 3329; x_wconf 86' lang='lat' dir='ltr'>tarn-</span> 
     </span>
     <span class='ocr_line' id='line_1_135' title="bbox 1229 3343 2116 3395; baseline -0.007 -11"><span class='ocrx_word' id='word_1_874' title='bbox 1229 3359 1330 3395; x_wconf 84' lang='lat' dir='ltr'>quam</span> <span class='ocrx_word' id='word_1_875' title='bbox 1343 3345 1519 3389; x_wconf 81' lang='lat' dir='ltr'>Conjudex</span> <span class='ocrx_word' id='word_1_876' title='bbox 1533 3348 1675 3384; x_wconf 88' lang='lat' dir='ltr'>noluerit</span> <span class='ocrx_word' id='word_1_877' title='bbox 1684 3347 1814 3383; x_wconf 78' lang='lat' dir='ltr'>affidere</span> <span class='ocrx_word' id='word_1_878' title='bbox 1827 3345 1985 3380; x_wconf 86' lang='lat' dir='ltr'>Pontifici</span> <span class='ocrx_word' id='word_1_879' title='bbox 2001 3370 2012 3386; x_wconf 96' lang='lat'>,</span> <span class='ocrx_word' id='word_1_880' title='bbox 2030 3343 2116 3380; x_wconf 84' lang='lat' dir='ltr'>ideo·</span> 
     </span>
     <span class='ocr_line' id='line_1_136' title="bbox 1230 3396 2117 3480; baseline -0.008 -46"><span class='ocrx_word' id='word_1_881' title='bbox 1230 3410 1294 3442; x_wconf 86' lang='lat' dir='ltr'>que</span> <span class='ocrx_word' id='word_1_882' title='bbox 1315 3396 1425 3433; x_wconf 77' lang='lat' dir='ltr'>Roma</span> <span class='ocrx_word' id='word_1_883' title='bbox 1453 3398 1614 3446; x_wconf 84' lang='lat' dir='ltr'>aufugerit</span> <span class='ocrx_word' id='word_1_884' title='bbox 1635 3424 1642 3431; x_wconf 91' lang='lat'>.</span> <span class='ocrx_word' id='word_1_885' title='bbox 1673 3399 1804 3443; x_wconf 84' lang='lat' dir='ltr'>Nempe</span> <span class='ocrx_word' id='word_1_886' title='bbox 1830 3396 2037 3480; x_wconf 53' lang='lat' dir='ltr'>pertinaciteg</span> <span class='ocrx_word' id='word_1_887' title='bbox 2064 3405 2117 3428; x_wconf 88' lang='lat' dir='ltr'>vo-</span> 
     </span>
     <span class='ocr_line' id='line_1_137' title="bbox 1985 3445 2070 3481; baseline 0.012 -1"><span class='ocrx_word' id='word_1_888' title='bbox 1985 3445 2013 3480; x_wconf 86' lang='lat' dir='ltr'>le</span> <span class='ocrx_word' id='word_1_889' title='bbox 2037 3455 2070 3481; x_wconf 86' lang='lat' dir='ltr'>at</span> 
     </span>
    </p>
   </div>
  </div>
 </body>
</html>
