2326 3718
913 143 1051 208 01⁴)
1064 137 1380 207 (145)(›1÷>

245 277 1249 378 DISSERTATIO
1330 269 2082 364 SECUNDA

238 446 1230 693 AFRICANAE
1251 555 2145 742 ECCLESIAE

354 761 528 846 AD
623 753 1009 857 SEDEM
1095 746 1995 838 APOSTOLICAM

597 928 1720 1000 PROVOCATIONIBUS.

471 1232 478 1240 χ
515 1230 524 1236 ,q
565 1196 581 1235 g.
643 1202 812 1235 nunquam
820 1189 991 1236 appellasse
1003 1189 1045 1225 ad
1056 1189 1145 1235 Apo-

475 1275 484 1282 (
515 1235 526 1246 ‘*
556 1250 573 1260 ²
616 1241 791 1277 'stolicam
816 1242 935 1277 Sedem
958 1266 970 1283 ‚
1003 1239 1146 1286 ideoque

502 1331 507 1337 ὲ
525 1330 540 1336 >-
556 1307 582 1325 η
644 1290 702 1327 has
711 1291 944 1337 appellationes
963 1291 1027 1326 esse
1038 1292 1147 1326 novel-

409 1353 412 1360 *
446 1338 547 1403 λζ*
564 1360 573 1374 2
643 1343 708 1377 lam
718 1342 977 1386 usurpationem.
1003 1341 1111 1376 Hoc
1103 1353 1148 1399 ip·

638 1454 732 1484 nus,
757 1442 891 1478 Marcus
913 1440 1084 1476 Antonius
1104 1440 1147 1476 de

242 1495 406 1531 Dominis
418 1520 429 1537 ,
454 1495 578 1539 aliique
593 1493 721 1536 profeffi
734 1491 844 1527 hostes
859 1493 1006 1526 Romani
1020 1492 1145 1525 Prima—

247 1552 300 1580 tus
314 1570 324 1580 .
350 1544 590 1580 Rhemensium
601 1543 823 1586 Metropolita
844 1542 1047 1577 Hincmarus
1059 1540 1145 1575 dixit

251 1595 335 1631 olim
360 1596 393 1630 ἃς
404 1596 525 1640 scripsit
540 1593 686 1629 inferiori
704 1592 976 1627 AfrorumClero
989 1591 1064 1626 istas
1077 1601 1144 1625 non

247 1644 378 1680 licuisse
396 1644 654 1689 appellationes,
679 1643 840 1684 istamque
852 1641 1063 1686 disciplinam
1078 1652 1146 1676 ten-

1199 1087 1281 1125 tavit
1292 1086 1497 1123 transducere
1507 1086 1609 1122 etiam
1621 1087 1657 1122 in
1668 1057 1822 1126 Gallias?
1827 1060 1970 1137 eteius·
1973 1086 2101 1123 Ante-

1200 1138 1320 1175 cedens
1331 1139 1394 1172 fuit
1407 1136 1616 1172 veriffimum.
1645 1136 1694 1172 At
1703 1139 1781 1173 vero
1780 1132 1973 1175 Paschasius
1979 1137 2102 1187 Qcs

1203 1189 1306 1225 nellus
1327 1186 1413 1222 istud
1433 1187 1540 1235 ipsum
1560 1186 1683 1222 ciamat
1706 1186 1755 1222 de
1771 1188 1959 1232 Episcopis.
1977 1185 2105 1223 Foede·

1204 1239 1441 1275 hallucinatur.
1471 1236 1576 1272 Porro
1606 1237 1765 1272 Africana
1786 1238 1928 1272 Ecclesia
1949 1238 2095 1272 Hieran(

1202 1288 1310 1326 chiam
1331 1288 1448 1323 habuit
1470 1287 1629 1323 diversam
1652 1287 1694 1322 ab
1705 1287 1793 1324 aliis.
1823 1287 1959 1322 Etenim
1979 1286 2089 1321 nullus

1204 1341 1286 1376 olim
1298 1341 1332 1374 in
1344 1338 1437 1374 omni
1450 1338 1609 1373 Romano
1620 1334 1846 1374 patriarchatu
1866 1337 1931 1372 fuit
1942 1335 2091 1381 pluribus

1203 1390 1388 1425 Provinciis
1410 1389 1574 1433 praefectus
1601 1387 1751 1430 Primas,
1777 1390 1835 1423 nisi
1857 1388 1945 1424 solus
1956 1385 2098 1429 Cartha-f

1202 1440 1354 1486 ginensis.
1382 1437 1549 1474 Gallicani
1559 1449 1675 1474 omnes
1689 1441 1763 1474 sunt
1777 1438 1878 1484 longe
1888 1439 2094 1481 posteriores.

1204 1491 1314 1526 Etiam
1332 1490 1418 1534 apud
1432 1490 1564 1535 Anglos
1585 1490 1810 1526 Cantuariens'
1814 1500 1847 1523 s
1876 1487 1951 1522 Afri
1972 1486 2095 1521 habue-

1202 1550 1279 1575 runt
1302 1542 1433 1584 insuper
1455 1540 1536 1574 alias
1548 1540 1801 1584 singularitates.
1811 1540 1924 1575 Hinc
1948 1538 2097 1583 ipsorum

1203 1590 1397 1626 Hierarchia
1409 1590 1450 1625 ad
1464 1591 1625 1633 praesentis
1636 1590 1824 1633 quaestionis
1836 1588 2093 1646 intelligentiam

1201 1641 1248 1676 est
1266 1639 1464 1686 compendio
1476 1640 1692 1685 exponenda.

531 1858 1031 1907 CAPUT

1172 1857 1807 1906 PRIMUM.

742 1995 937 2063 Africanae
970 1995 1142 2063 Ecclesiae
1175 1997 1348 2063 Dioecefis
1382 2000 1581 2065 exponitur
1594 2033 1609 2044 .

350 2141 488 2175 Fricana
499 2140 643 2176 Ecclesia
658 2140 783 2185 semper
794 2138 946 2184 spectavit
967 2142 1008 2177 ad
1024 2143 1147 2177 Roma-

377 2202 457 2224 num
480 2190 738 2225 patriarchatum
765 2216 771 2223 .
794 2191 934 2227 'Etenim
955 2193 996 2226 ad
1018 2193 1148 2228 Decen-

258 2241 346 2276 tium
357 2239 575 2284 Eugnbinum
586 2242 788 2284 Episcopum
803 2242 923 2286 scripsit
935 2242 1070 2277 Sanstus
1089 2242 1148 2277 Pa-

255 2301 297 2334 pa
309 2288 522 2323 Innocentius
537 2302 544 2321 :
571 2287 764 2334 Manifestum
776 2289 815 2329 est
832 2296 864 2324 ln
874 2302 988 2325 omnem
999 2293 1145 2332 Italiam,

259 2340 379 2374 Gallias
406 2364 418 2380 ‚
445 2337 612 2382 Hispanias
636 2364 648 2381 ‚
674 2339 811 2383 Africam
832 2365 842 2380 ,
875 2349 965 2383 atque
990 2343 1146 2382 siciliam,

259 2387 428 2432 Insulasque
448 2392 668 2431 inter-jacentes
691 2415 702 2431 ‚
740 2392 852 2424 nullum
872 2392 1021 2434 instituiffe
1042 2394 1147 2427 Eccle-

257 2439 318 2481 fias
330 2464 341 2480 ,
367 2438 423 2481 nifi
443 2449 488 2472 eos
500 2451 570 2482 quos
590 2439 770 2474 venerabilis
783 2440 926 2482 Apostolus
940 2445 1046 2475 Petrus
1058 2467 1068 2482 ‚
1093 2451 1147 2474 aut

259 2492 322 2531 ejus
333 2488 502 2532 Succeffores
513 2488 720 2530 constituerunt
746 2492 917 2524 sacerdotes
932 2516 939 2523 .
966 2496 1025 2525 Aut
1046 2493 1147 2537 legant

255 2539 283 2581 fi
303 2545 336 2572 in
363 2539 411 2572 bis
426 2541 595 2573 Provincils
618 2541 696 2573 alius
712 2539 904 2582 Apostolorum
917 2546 1068 2575 invenitur
1094 2552 1148 2576 aut

258 2591 365 2633 legitur
387 2590 505 2633 docuisse
526 2615 532 2622 .
572 2590 666 2624 Hinc
687 2591 860 2625 concludit
880 2601 994 2626 omnes
1015 2592 1147 2626 istarum

259 2640 410 2685 gentium
432 2639 591 2674 Ecclefias
614 2639 776 2685 obstringi
792 2641 832 2675 ad
854 2642 1088 2676 observandam
1101 2643 1148 2676 di-

259 2690 431 2733 sciplinam
457 2689 617 2725 Romanae
628 2691 795 2725 Eccleiiae.
822 2690 924 2737 Qod
946 2704 1065 2736 nempe
1086 2693 1148 2727 sint

258 2740 328 2784 ejus
340 2739 519 2774 Dioeceses.
550 2740 641 2775 Idem
653 2740 687 2773 in
700 2740 982 2784 Praescriptionum
995 2742 1077 2777 libro
1088 2754 1149 2778 tra-

258 2790 309 2825 dit
319 2789 551 2824 Tertullianus
568 2804 579 2823 :
607 2791 710 2826 Habes
727 2794 853 2823 Romam
865 2818 875 2833 ‚
901 2795 979 2828 unde
994 2794 1075 2827 nobis
1096 2805 1147 2826 au·

106 2833 182 2871 Cap·
194 2834 239 2868 3⁶·
260 2840 389 2875 thoritas
404 2865 411 2873 .
438 2841 519 2875 Hoc
529 2840 574 2874 est
589 2865 600 2881 ,
625 2840 738 2886 origo.
770 2841 869 2876 Hanc
884 2845 975 2878 vocis
988 2845 1150 2888 acceptio·

262 2901 339 2924 nem
363 2891 425 2924 esse
450 2890 666 2925 Tertulliano
694 2892 889 2926 familiarem
917 2919 927 2934 ‚
960 2894 1087 2928 ostendi
1114 2894 1148 2927 in

265 2937 404 2974 scholiis
420 2941 460 2976 ad
475 2941 598 2976 dietum
613 2941 746 2975 librum.
775 2942 852 2975 Fuit
866 2944 1035 2978 familiaris
1044 2945 1150 2978 omni·

270 2989 330 3024 bus
342 2988 448 3024 Afris.
475 2992 608 3026 Etenim
633 2993 667 3026 in
688 2992 889 3026 Nestorianae
915 2994 949 3027 &
972 2994 1152 3037 Eutychia-

267 3050 316 3074 ηπ
326 3037 484 3074 haerefium
497 3042 664 3077 Breviario
688 3042 883 3083 Liberatus,
911 3044 1151 3089 Carthaginen-

268 3090 308 3123 fis
322 3088 469 3124 Ecclesiae
481 3091 593 3126 Archi·
596 3092 790 3133 Diaconus,
817 3093 927 3128 scribit
943 3094 1082 3128 Paulum
1099 3096 1152 3129 Sa-

268 3140 485 3174 mosatensem
511 3142 544 3175 &
557 3141 802 3186 Apollinarium
817 3144 1047 3179 Laodicenum
1060 3145 1105 3178 sui
1110 3147 1152 3179 ffe

269 3189 401 3223 istarum
415 3187 778 3232 pestiumauthorltates.
805 3194 885 3229 Hoc
897 3196 964 3236 est,
990 3195 1151 3240 origines.

270 3239 498 3273 Tertullianus
508 3241 617 3274 scribit
638 3241 798 3278 Africanas
819 3245 967 3279 Ecclesiae
979 3244 1151 3280 authorita-

271 3300 337 3324 tem
350 3290 411 3323 effe
425 3301 491 3324 non
505 3303 523 3324 a
537 3291 652 3324 sansto
663 3291 783 3335 Petro,
812 3295 864 3330 sed
882 3296 899 3330 ὲ
915 3296 1067 3330 Romana
1093 3296 1154 3330 Ec-

271 3339 384 3374 clefia.
411 3340 590 3374 Profitetur
612 3340 678 3383 ejus
690 3344 855 3388 originem
875 3348 939 3380 esse
951 3345 1154 3389 Apostolicis

271 3390 471 3433 temporibus
493 3390 701 3434 posteriorem
728 3417 734 3423 .
764 3393 971 3437 Apostolicas
999 3397 1117 3430 Eccles
1110 3407 1154 3430 as

1215 2138 1444 2176 fundationem
1457 2165 1468 2180 ,
1494 2140 1574 2175 alias
1585 2151 1639 2184 per
1648 2138 1751 2175 solam
1764 2138 1965 2185 Aposiolicae
1976 2140 2103 2175 Dostri·

1214 2203 1262 2225 nae
1282 2190 1604 2236 consanguinitatem
1625 2216 1633 2223 .
1660 2190 1743 2225 Haec
1765 2190 1836 2236 post
1864 2190 2104 2235 Apostolorum

1200 2251 1359 2285 ‘tempora
1381 2239 1522 2275 fundatae
1532 2242 1625 2280 sunt,
1650 2241 1832 2276 fundantur
1846 2241 1881 2275 in
1893 2242 1982 2282 dies,
2009 2241 2043 2274 &
2055 2239 2105 2274 us·

1212 2299 1276 2332 que
1286 2291 1325 2325 ad
1340 2291 1441 2325 saeculi
1454 2291 1555 2325 finem
1568 2289 1814 2326 fundabuntur.
1843 2292 1882 2325 ln
1904 2291 2020 2326 harum
2045 2301 2107 2323 nu·

1212 2352 1304 2375 mero
1316 2351 1454 2385 magnus
1466 2340 1523 2374 iste
1536 2340 1617 2374 Afer
1629 2342 1799 2384 profitetur
1811 2342 1875 2375 effe
1893 2342 1962 2375 suas
1976 2340 2112 2374 Africa--

1213 2401 1287 2425 nas.
1317 2391 1421 2437 Qod
1442 2391 1574 2434 ipsum‘
1565 2402 1600 2425 in
1623 2390 1707 2425 libro
1730 2391 1773 2425 de
1786 2389 1934 2426 Unitate
1956 2390 2106 2425 Ecclesiae

1213 2441 1383 2484 profitetur
1402 2442 1535 2475 Sanctus
1566 2440 1796 2486 Augustinus.
1823 2442 1991 2474 Nonnullae
2011 2445 2106 2474 etiam
2125 2429 2227 2468 C²P¹
2256 2448 2263 2455 ·

1214 2490 1365 2523 Barbarae
1388 2495 1522 2522 nationes
1541 2490 1603 2531 post
1625 2490 1761 2531 Africam
1776 2492 1990 2524 crediderunt.
2017 2492 2105 2524 Unde

1212 2550 1323 2574 certum
1330 2539 1369 2582 fit
1384 2539 1514 2581 Africam
1525 2545 1556 2572 in
1566 2540 1669 2572 ordine
1680 2540 1820 2573 credendi
1839 2548 1898 2573 non
1918 2540 1970 2583 effe
1991 2541 2104 2581 noviffl-

1212 2603 1306 2624 mam.
1335 2589 1447 2624 Palam
1462 2589 1613 2634 supponit
1626 2590 1728 2633 ipsam
1737 2589 1807 2634 post
1818 2589 2011 2633 Apostolica
2022 2600 2104 2625 tem-

1214 2653 1291 2685 pora
1306 2639 1493 2674 credidisse.
1523 2638 1650 2674 Diserte
1661 2638 1725 2674 hoc
1737 2640 1905 2684 profitetur
1920 2641 1953 2673 in
1966 2639 2106 2674 Cartha-

1213 2691 1356 2737 ginenfis
1377 2690 1577 2725 Collationis
1602 2690 1797 2724 Breviculo:
1823 2688 1950 2730 Ecclefia
1971 2690 2104 2724 Catholt-
2125 2696 2262 2733 L.3.C.8.‘

1213 2754 1248 2775 ca
1254 2749 1309 2783 per
1319 2748 1410 2774 totum
1422 2741 1569 2774 Mundum
1580 2740 1761 2781 diffunditur
1774 2766 1784 2782 ,
1812 2746 1957 2783 incipiens
1977 2741 2016 2774 ab
2029 2745 2104 2776 Hie·

1214 2791 1343 2835 rusalem
1356 2816 1366 2831 ,
1391 2793 1510 2824 undein
1518 2797 1686 2834 propinqua
1713 2793 1747 2825 (ιτ
1768 2792 1929 2836 longinqua
1951 2790 2103 2834 crescendo

1214 2849 1307 2876 etiam
1317 2847 1348 2873 m
1360 2841 1492 2883 Africam
1503 2847 1605 2875 venit.
1635 2842 1676 2874 Et
1690 2841 1723 2875 in
1752 2842 1817 2885 ipsa
1830 2841 2019 2876 Collatione
2044 2841 2104 2874 Pe-

1216 2893 1334 2926 tiliano
1347 2916 1357 2931 ,
1385 2892 1649 2926 constantinensi
1662 2891 1912 2925 Donatistarum
1938 2891 2103 2934 Episcopo

1216 2943 1367 2987 quaerenti
1386 2967 1396 2983 ,
1420 2943 1505 2975 Unde*
1514 2942 1622 2985 coepisti
1633 2966 1643 2982 ,
1656 2942 1742 2975 idem
1758 2942 1964 2985 Augustinus
1976 2941 2102 2984 respon-

1216 2993 1261 3026 dit
1275 3007 1285 3025 .·
1314 2995 1414 3034 Coepit
1436 2992 1490 3032 ista
1507 2994 1683 3034 praedicatio
1702 2991 1740 3024 ab
1754 2989 1934 3034 Hierusalem
1947 3016 1954 3023 .
1980 2992 2055 3024 1nde
2067 2989 2102 3034 se

1218 3042 1394 3083 illustrlffimo
1414 3044 1532 3075 exordio
1553 3041 1699 3083 dtffitdit,
1726 3040 1898 3082 diffundens
1921 3040 2078 3083 Ecclesiam
2088 3041 2104 3082 ‚'

1217 3105 1306 3136 quam
1317 3102 1467 3126 tenemus.
1497 3094 1598 3126 Prima
1617 3100 1673 3133 per
1691 3097 1813 3133 vicina,
1842 3093 1951 3125 deinde
1967 3100 2023 3134 per
2042 3093 2100 3124 lon-

1213 3151 1348 3188 ginqua,
1375 3149 1466 3177 etiam
1488 3148 1519 3175 in
1544 3141 1678 3183 Africam
1688 3148 1789 3176 venit.
1819 3142 1862 3176 Et
1876 3141 1910 3176 in
1931 3143 2047 3176 litteris
2059 3141 2099 3175 ad

1218 3194 1408 3228 Severinum
1421 3192 1530 3226 scribit
1543 3191 1760 3237 Evangelium
1773 3194 1806 3226 in
1819 3192 1967 3227 Africam
1979 3193 2100 3227 venisse

1217 3256 1256 3279 ex
1269 3242 1492 3278 Orientalibus
1504 3242 1655 3277 Ecclesiis
1667 3267 1677 3283 ‚
1704 3243 1815 3278 laudat
1826 3243 2015 3277 Romanam
2040 3243 2101 3275 Ec-

1217 3295 1369 3334 clesiam,
1396 3295 1429 3327 &
1450 3292 1621 3337 adjungit:
1649 3293 1884 3335 Undeadistas,
1913 3294 2098 3330 Africanas,

1213 3354 1318 3387 partes
1333 3341 1590 3384 Chrfflianaefidet
1601 3349 1742 3377 manavit
1752 3344 1927 3377 authoritas.
1955 3344 2097 3379 Primus,

1218 3408 1313 3439 quem
1326 3393 1425 3429 hodie
1438 3394 1614 3434 novimus,
1641 3393 1908 3439 Carthaginensis
1920 3394 2103 3436 Episcopus

2123 2968 2209 3003 I..3-C.
2217 2976 2246 3003 23
2253 2979 2280 2996 ο,

2122 3270 2275 3310 Epist.170.

271 3440 409 3474 affirmat
431 3442 493 3475 effe
522 3440 665 3484 duplices
688 3455 694 3473 :
723 3441 818 3476 Alias
844 3455 900 3487 per
927 3445 1152 3489 Apostolicam
1217 3447 1261 3480 est
1286 3445 1509 3491 AgrippinuS‚
1535 3443 1625 3488 cujus
1647 3444 1822 3486 Presbyter
1843 3444 1905 3477 suit
1923 3440 2103 3475 Tertullia

372 3489 808 3535 chrffl.Lup1·operaT.V111

1716 3495 1750 3527 N
1969 3501 2051 3531 nus,
