2326 3718
656 118 938 179 Ronmms
971 117 1563 174 Aet-uunnomuus.

199 221 288 261 {itam
298 215 460 257 habuiisti&
469 212 680 250 Patriaerebom
692 239 704 256 ‚
728 213 881 251 dicendum
890 209 929 250 est
939 233 950 250 ‚
974 216 1046 252 quia
1063 213 1082 244 ἃ

200 270 276 302 sede
290 268 443 311 Apostdica
454 288 465 306 ‚
484 277 553 308 quae
564 271 693 301 omnium
703 262 894 306 Ectlffiarum
906 266 1006 303 Caput
1018 260 1055 302 est
1071 284 1083 302 ,

200 317 290 361 causa
300 318 364 357 bac
373 314 527 354 audienda
547 328 583 350 ac
594 312 876 359 dirimendofuerat
889 336 899 353 ,
922 311 1083 354 ficutprae·

198 369 298 402 didus
307 364 473 410 Episcopus
491 368 604 410 petiisse
627 362 826 411 dicautur,
850 368 902 405 qui
924 359 1081 405 Episcopus

198 418 292 462 alyn}
301 418 427 458 -Cmfilli
434 413 815 460 babuitsuspeeiotrfflnc
825 411 977 449 discimus
985 410 1081 451 istum

199 465 404 512 Stephanum
413 478 481 509 non
494 468 589 503 fuisse
601 464 768 512 Hispania·
780 465 994 508 Episcopum.
1025 459 1080 497 Et-

198 517 291 557 enim
304 515 352 553 >312
369 518 475 559 omni·
489 517 653 561 Hispania
670 511 785 553 :nullus
807 523 888 549 tunc
902 513 1082 557 Episcopus

195 576 267 610 egat
288 567 357 608 fine
370 567 612 613 Metropolim.
638 564 688 602 At
712 563 788 600 vero
809 562 1026 603 accusabatur
1039 559 1082 602 de

196 616 277 659 laesae
301 617 484 663 Maiestatis
496 616 637 653 crimine
653 641 666 659 ,
692 614 834 658 ideoque
851 611 996 649 omnino
1013 619 1082 646 erat

196 664 349 703 subdiius
359 665 495 709 Gothici
509 665 635 711 Regni.
665 664 811 701 Proinde
822 664 886 699 fuit
897 675 938 698 ex
954 660 1083 702 Narbo,-

195 718 290 753 nenfi
305 717 432 760 Gallia.
457 716 541 753 Haec
557 717 649 750 enim
668 715 889 759 adssegnum
910 710 1001 751 istud!
1018 711 1084 754 spe-

189 766 306 802 2etabat
314 767 389 810 r&
398 767 502 812 ipsum
513 777 582 802 non
594 765 714 804 ferebar
723 764 815 804 bono
828 762 942 799 animo
954 786 962 795 .
988 760 1083 816 Hinc

194 816 300 860 igitur
322 816 528 855 Richaredus
545 814 845 860 Rexfstephanum
867 824 937 850 non
956 810 1000 846 ab
1018 821 1084 856 ejus

190 866 330 909 Gallis,
355 867 409 902 sed
425 867 519 904 asuis
534 866 692 912 Hispanis
716 865 852 909 judicari
876 862 984 903 voluit
1000 874 1012 896 .·
1038 861 1082 917 Es

191 915 255 959 {lle
264 915 326 953 hos
338 915 654 960 suspestoslrabuit,
680 914 823 960 ideoque
848 914 1084 957 &provocavit

195 963 241 1006 ad
261 967 428 1012 Magnum
447 966 668 1008 Gregorium.
697 963 745 1002 Et
766 962 869 1002 ‚istam
889 959 1085 1004 appellatio-

194 1016 462 1058 nethontifex.
484 1013 626 1053 omnino
656 1011 814 1056 approbat
839 1035 851 1052 ,
877 1010 1084 1052 affirmatque

193 1057 359 1107 ipfifiriffe
376 1063 586 1099 deferendum
600 1088 608 1096 .
635 1062 747 1097 Etiam
768 1072 846 1097 ante
858 1070 995 1095 omnem
1018 1060 1084 1093 sen-

190 1112 355 1155 tentiam.
382 1113 427 1151 Et
439 1123 607 1157 nunquam
620 1137 632 1154 ,
658 1111 820 1157 quidquid
843 1110 1012 1147 Dominus
1025 1108 1084 1144 Pe-

192 1172 265 1199 trus
273 1162 316 1197 de
325 1162 442 1205 Marca
457 1163 574 1211 scribat
585 1174 609 1205 ,¹
623 1162 793 1198 credidero
813 1161 908 1198 illum
927 1160 1085 1198 censuiffe

191 1213 362 1255 contraria
374 1214 469 1251 sacris
480 1213 700 1254 (lenonibus,
765 1250 768 1251 γ

245 1262 363 1308 Itaque
374 1263 557 1307 Stephanus
580 1264 761 1307 Episcopus
771 1262 812 1299 de
832 1262 902 1296 laesa
912 1259 1086 1305 Maiestate

189 1314 389 1356 tecusatus,
415 1314 480 1350 fuit
502 1312 721 1352 aRicharedo
732 1314 827 1357 Rege
847 1321 1002 1347 evocatus
1015 1310 1085 1344 To-

192 1361 324 1404 !eturn‚
346 1361 487 1402 traditus
506 1363 642 1408 judicio⁴
656 1364 749 1397 istius
773 1361 903 1406 Synodi
919 1384 930 1401 ‚
957 1361 1002 1395 ab
1023 1361 1087 1403 ipsa

193 1411 413 1457 degradatus,
439 1424 478 1447 ac
499 1411 568 1457 eJus
589 1412 626 1448 in
648 1412 767 1448 Sedern
788 1411 897 1451 statim
918 1411 1088 1446 ordinatus

193 1461 278 1495 alius
299 1486 308 1494 .
338 1462 384 1508 Es
403 1463 569 1508 gloriosus
601 1462 807 1498 Comitiolus
832 1485 845 1501 ‚
869 1461 971 1506 Regii
1001 1460 1086 1496 fisci

190 1509 368 1545 Praefestus
389 1535 400 1551 ,
426 1512 541 1546 invasit
559 1512 627 1554 ejus
645 1511 760 1546 omnia
783 1537 793 1546 .
818 1510 934 1545 Etiam
956 1511 1090 1545 Sanctus

194 1559 349 1597 Leander
358 1561 561 1605 Hispalenfis
571 1560 751 1606 Episcopus
761 1584 774 1602 ‚
800 1560 933 1595 Boeticae
951 1559 1089 1594 Provin-

190 1609 255 1644 ἐἰπε
276 1610 520 1654 Metropolita,
547 1611 584 1644 in
609 1612 665 1650 sua
689 1610 830 1655 Synodo
841 1610 888 1644 ob
899 1609 1090 1651 nescioquae

195 1658 337 1693 crimina
348 1658 541 1702 degradavit
555 1659 744 1703 Ianuarium
758 1659 999 1693 Malacitanum
1015 1657 1090 1699 Epi-

194 1708 352 1752 scopum,
384 1719 517 1743 necnon
525 1709 559 1743 ὅτ.
570 1709 746 1754 quemdam
757 1709 826 1752 ejus
838 1707 1068 1751 Presbyterum
1080 1732 1087 1739 .

195 1757 243 1793 Et
264 1768 382 1795 omnes
402 1768 465 1793 tres
487 1759 693 1802 appellarunt
714 1759 755 1793 ad
766 1759 933 1804 Magnum
956 1758 1089 1802 Grego-

194 1806 284 1843 xium
304 1830 314 1840 .
340 1807 452 1854 Qare
461 1809 607 1853 optimus
629 1809 788 1844 Pontifex
811 1810 994 1854 Joannem,
1023 1807 1088 1842 Ro⁴

199 1868 308 1893 manae
326 1857 477 1892 Ecclefiae
501 1860 716 1894 Defensorem
730 1883 741 1899 ,
767 1858 890 1905 legavit
911 1858 946 1893 in
966 1857 1089 1901 Hispa-

200 1907 316 1948 niam,
341 1919 418 1942 cum
441 1907 494 1943 his
512 1908 796 1946 instructionibus:
826 1914 978 1953 Imprimis
998 1914 1089 1950 requi-

201 1958 329 1991 rendum
337 1957 376 1998 est
385 1959 423 1992 de
431 1957 558 2002 persona
573 1958 756 1999 Presbyteri.
785 1963 831 1993 Et
837 1959 918 2000 sitta
925 1957 960 2003 se
971 1965 1089 1997 veritas

201 2006 294 2040 babet
309 2030 321 2046 ‚
337 2006 410 2050 ficut
429 2008 569 2051 Episcopi
583 2011 612 2051 J
617 2016 734 2044 anuarii
755 2006 1009 2052 petitio‘continet
1021 2033 1033 2049 ‚
1058 2014 1091 2041 in

206 2055 335 2098 Ecclefia
355 2067 444 2100 atque
457 2065 489 2091 in
499 2059 555 2092 loco
564 2058 589 2102 s
584 2071 617 2091 uo
633 2063 713 2093 idem
727 2059 883 2099 Presbyter
894 2060 990 2093 modis
1001 2063 1089 2092 omni·

205 2106 263 2138 bus
273 2115 425 2142 revocetur
441 2132 447 2139 .
474 2110 506 2140 si
518 2117 618 2141 autem
631 2109 741 2142 dicium
748 2109 845 2150 fuerit
860 2132 871 2148 ‚
896 2114 969 2151 quia
989 2117 1091 2140 contra

204 2153 305 2198 ipfiam
326 2153 414 2199 causa
434 2157 537 2200 aliqua
546 2166 626 2190 mota
628 2156 693 2200 five
700 2158 828 2200 probata
836 2158 876 2198 est
884 2183 896 2199 ,
914 2156 1067 2201 subtiliter
1080 2181 1091 2197 ,

206 2203 271 2247 ipso
287 2204 458 2248 praes'ente,
487 2208 522 2240 &⁵
538 2215 594 2248 pro
612 2205 644 2250 fi·
665 2214 810 2241 rationem
823 2209 986 2248 reddente,
1013 2218 1092 2250 quae-

205 2254 334 2289 rendum
354 2253 392 2293 est
415 2255 556 2298 &genus
578 2255 676 2299 causae
685 2280 699 2297 ,
724 2258 759 2290 ό·
770 2257 1067 2298 modusprobationls
1082 2280 1094 2296 ‚

208 2313 241 2337 ut
251 2314 289 2336 ex
301 2302 352 2336 hoc
370 2304 498 2347 colligere
521 2306 626 2338 valeas
635 2329 646 2345 ‚
674 2315 776 2340 utrum
795 2305 892 2339 adbuc
903 2311 936 2338 in
946 2307 1034 2339 exilio
1044 2306 1093 2339 de-

208 2358 344 2391 morari,
369 2365 410 2385 an
421 2356 535 2389 certein
556 2354 716 2396 Ecclesiam
721 2354 808 2399 suam
829 2358 864 2391 ό·
876 2357 996 2398 officium
1004 2354 1094 2399 suum

206 2401 318 2436 debeat
327 2408 461 2436 revocari
475 2429 482 2436 .
508 2407 554 2438 De
565 2404 704 2448 Episcopi
710 2404 837 2448 persona
850 2406 901 2439 boc
904 2406 1095 2446 statuendum

208 2452 250 2493 est
261 2476 272 2492 ,
299 2462 331 2485 ut
344 2450 374 2493 fi
391 2454 475 2486 nulla
495 2462 595 2486 contra
615 2466 682 2488 tum
701 2456 868 2489 criminalis
889 2454 1001 2498 causa,
1026 2466 1095 2497 quae

208 2504 300 2537 exilio
312 2504 366 2536 vel
374 2500 542 2544 depositione
553 2506 646 2548 digna
654 2504 692 2545 est
704 2529 716 2545 ‚
741 2513 820 2540 mota
827 2504 889 2546 five
895 2505 1024 2547 probata
1034 2505 1073 2545 est
1085 2529 1096 2546 ‚

206 2559 239 2594 ‚is
262 2558 363 2595 quiec
379 2550 534 2595 superstite
555 2554 719 2599 Episcopus
739 2557 886 2597 perverse
899 2579 910 2596 ‚
936 2566 973 2589 ac
990 2565 1095 2589 contra

211 2607 351 2635 canones
376 2608 409 2635 in
432 2603 558 2646 Ecclesia
581 2606 643 2646 ejus
665 2607 799 2639 ordinari
806 2604 1013 2649 praesumpfit,
1038 2607 1097 2639 Sa·-

207 2654 338 2688 eerdotio
344 2659 488 2694 privatus
501 2677 512 2693 ,
536 2653 574 2686 ab
586 2661 666 2688 omni
677 2653 868 2696 Ecclesiastico
881 2655 1038 2696 ministerio
1052 2666 1096 2691 re-

207 2703 343 2746 pellatur
368 2727 375 2733 .
401 2705 468 2746 ,Qui
489 2708 579 2737 etiam
608 2707 703 2739 eidem
725 2706 899 2746 dileciiffimo
912 2710 945 2752 J
948 2712 1096 2748 anuario,

213 2756 323 2786 Fratri
335 2752 370 2787 (9·
381 2753 580 2797 co-Episcopo
591 2754 679 2795 nostro
689 2780 699 2797 ‚
723 2757 892 2790 tradendus
910 2756 949 2797 est
961 2764 993 2790 ut
1003 2756 1043 2790 ab
1054 2762 1095 2799 ip-

210 2800 243 2845 so
253 2810 305 2836 aut
315 2807 348 2836 in
359 2801 483 2843 custodia
493 2802 637 2839 habeatur
651 2829 662 2846 ,
687 2816 739 2839 aut
748 2808 822 2839 certe>
834 2807 872 2839 ab
882 2819 913 2841 eo
923 2809 969 2840 ad
980 2818 1031 2840 nos
1040 2815 1097 2849 per

215 2858 314 2884 omnia
322 2851 568 2898 transmittatur.
596 2853 735 2899 Episcopi
748 2858 839 2895 vero,
866 2863 918 2900 qui
942 2869 1009 2892 eum
1021 2859 1095 2891 ordi-

217 2911 389 2943 naverunt,
417 2905 467 2937 vel
487 2906 550 2944 ejus
571 2908 750 2939 ordinationi
774 2905 985 2949 consentientes
1009 2913 1096 2940 inter-

210 2948 341 2991 fuerunt
349 2976 362 2992 ,
382 2950 438 2996 sex
449 2954 591 2997 mensibus
603 2960 749 2991 Dominict'
758 2962 886 2998 corporis
899 2956 1096 3001 &sanguinis

219 3006 414 3034 communione
431 3010 552 3044 privati
566 3030 577 3045 ,
602 3019 687 3052 agere
705 3013 918 3050 poenitentiam
940 3009 1095 3041 decernan-

219 3059 269 3083 ΝΥ
280 3052 314 3081 57²
337 3053 524 3092 Mo'Wsterioz
551 3059 596 3089 Et
615 3056 1029 3103 supra-scriptusJanuarius
1038 3059 1096 3092 loco

218 3102 254 3134 (5
273 3100 369 3133 ordini
384 3098 438 3143 suo
458 3106 552 3137 modis
573 3108 706 3142 omnihus
727 3107 920 3149 reformetur.
947 3105 1095 3151 Gloriosus

218 3159 318 3183 auum
339 3153 506 3185 C⁰m¹¹iolu5
528 3178 539 3194 ‚
566 3159 716 3200 quidquid
745 3158 909 3200 pudicius
930 3156 1093 3202 Episcopus

214 3210 272 3245 ΡΗ
294 3199 466 3234 violentiam
476 3212 564 3245 atquc
584 3205 785 3250 insecutionem
801 3207 887 3251 ipsius
910 3208 1095 3252 expendffl'e‚

219 3250 272 3283 vel
280 3250 423 3283 damnum
432 3255 594 3295 pertuliffe‚
620 3258 692 3291 dato
713 3256 894 3301 sacramento
902 3259 1094 3301 firmaverit,

218 3301 314 3334 ‘idem
325 3299 468 3344 ΕΡῘῘΜΡΟ
480 3302 624 3343 restituere
633 3308 854 3343 condemnetur.
881 3309 1007 3344 Eadem
1029 3310 1095 3343 san·

220 3351 271 3386 xit
292 3349 377 3383 circa
399 3352 526 3385 causam
551 3354 726 3398 Stephani.
755 3359 796 3392 Et
807 3360 897 3402 plura
908 3360 993 3393 alia,

270 3399 385 3435 sanxit
408 3402 491 3436 varia
517 3427 524 3435 .
550 3402 662 3440 Primo
679 3431 691 3448 ,
716 3407 757 3442 ad
777 3408 850 3443 istas
865 3409 1095 3454 appellationes

1837 144 1940 194 ³141

1139 207 1351 246 retractanda-,s
1362 220 1431 244 non
1443 209 1529 257 legat
1537 209 1558 245 ὲ
1570 211 1630 246 suo
1640 211 1740 250 latere
1749 213 1949 260 Episcopum
1960 226 2017 253 aut

1137 259 1352 300 „Cardinalem
1371 260 1599 304 Presbyterum
1622 284 1635 301 ,
1659 264 1713 297 sed
1732 266 1897 301 minorem
1914 266 2023 302 Cleri-¹

1138 311 1244 351 ricurn
1258 322 1266 343 :
1292 310 1453 355 Joannem
1465 310 1679 345 Defensorem
1692 312 1851 350 Rornanae
1862 316 2019 357 Eccleliae.

1140 359 1312 402 Secundo,
1338 361 1473 397 mandat
1497 372 1566 396 non
1590 370 1628 395 ut
1638 360 1780 404 Ioannes
1789 376 1864 400 curn
1873 367 2021 410 ejusdem

1141 421 1197 447 aut
1223 410 1346 453 vicinaer
1359 411 1544 448 Provinciae
1566 410 1736 455 Episcopis
1758 436 1770 452 ‚
1795 414 1849 447 sed
1875 427 1912 450 ut
1933 417 2021 452 solus

1141 460 1341 497 omnesistas
1366 463 1477 504 causas
1489 462 1746 505 retraoetatque
1756 461 1908 497 definiat.
1933 466 2021 501 Cau-

1142 513 1188 545 sas
1201 510 1284 547 tanti
1292 510 1462 558 ponderis..
1489 512 1582 548 Laesae
1591 510 1772 555 Majestatis
1781 536 1789 543 .
1798 510 1921 547 Tertio
1932 525 2024 550 mau-

1141 561 1217 607 dat‚
1245 572 1284 598 ut
1304 562 1364 600 sub
1384 562 1579 608 quibusdam
1589 561 1841 598 conditionibus
1858 562 1966 597 statim
1977 575 2024 598 re-

1143 612 1254 646 vestiat
1267 623 1335 646 non
1346 612 1435 656 solos
1447 613 1629 658 Episcopos
1638 637 1649 654 ‚
1674 612 1728 648 sed
1739 613 1840 650 etiam
1851 611 2026 657 Presbyte-

1143 672 1231 701 rum.
1256 662 1385 706 Quarto
1405 663 1563 705 mandat,
1587 673 1625 697 ut
1646 663 1814 698 revestitos
1823 663 1935 708 jubeat
1956 676 2030 708 prae·

1145 712 1249 745 sentes
1263 711 1365 747 adesse
1377 713 1594 756 retraetatorio
1606 712 1733 757 judicio
1741 738 1754 756 ‚
1779 713 1930 759 atqueita
1943 713 2028 759 ipsos

1144 761 1314 797 definitive
1333 774 1454 807 reparet
1475 771 1532 798 aut
1553 761 1686 797 damnet
1704 788 1714 797 .
1744 763 1878 811 Qinto
1892 764 2031 801 mandat·

1146 811 1406 855 superordinatus
1418 813 1598 859 Episcopos
1622 812 1733 847 statim
1755 813 1850 856 ejici,
1875 813 2032 850 declarari

1145 861 1286 897 intrusos
1297 864 1615 909 atqueirregulares,
1641 862 1842 905 tandemque
1864 864 2032 909 infignitet

1145 911 1320 956 castigari.
1347 912 1453 948 Tradi
1481 915 1517 949 in
1548 913 1756 954 voluntatem
1769 925 1818 946 ‘ac
1839 916 2034 956 potestatem

1146 960 1301 1005 Episcopi
1327 987 1339 1003 ‚
1364 963 1455 1007 cujus
1480 962 1660 998 Thronum
1684 963 1953 1007 praesumpserunt
1979 975 2034 1008 pen

1146 1010 1344 1053 adulterium
1366 1013 1577 1047 adscendere.
1605 1012 1707 1048 Sexto
1725 1013 1861 1056 mandat
1879 1013 2036 1060 degrada·

1147 1071 1199 1095 tos
1220 1060 1401 1105 Episcopos
1414 1073 1483 1095 non
1496 1061 1537 1095 de
1548 1063 1625 1097 solis
1638 1063 1858 1106 spiritualibus
1869 1063 2009 1098 revestiri
2022 1087 2035 1106 ,

1147 1109 1200 1146 sed
1207 1111 1308 1145 etiam
1314 1109 1355 1152 de
1366 1110 1601 1155 temporalibus
1615 1123 1623 1144 :
1637 1112 1737 1156 Regii
1749 1114 1835 1148 Fisci
1844 1112 2037 1150 Praefenum

1147 1160 1302 1204 compelli
1325 1160 1366 1202 ad
1377 1160 1542 1202 reddenda
1565 1160 1638 1203 ipfis
1649 1162 1763 1196 omnia
1776 1185 1784 1193 .
1811 1164 1855 1197 Et
1865 1164 1958 1206 juxta
1970 1164 2038 1199 haec

1149 1210 1291 1254 Ioannes
1311 1211 1477 1246 Defensor
1499 1210 1689 1245 constanter
1705 1210 1884 1252 judicavit.
1910 1215 2041 1253 Omnia

1148 1261 1240 1304 juxta
1262 1260 1463 1296 Sardicenses
1484 1260 1662 1294 Canones.
1689 1259 1733 1293 Et
1753 1260 1794 1294 fic
1816 1259 1971 1295 discimus
1981 1261 2041 1296 ho-

1150 1322 1223 1345 rum
1235 1311 1362 1346 sensum
1379 1312 1463 1352 effe,
1490 1311 1580 1355 quod
1609 1309 1769 1344 Pontifex
1793 1321 1861 1344 non
1874 1310 2042 1356 obligetur

1149 1361 1167 1395 ὲ
1180 1363 1238 1397 suo
1247 1361 1343 1396 latere
1357 1361 1557 1405 Episcopum
1570 1370 1627 1394 aut
1638 1359 1852 1395 Cardinalem
1870 1359 2043 1403 Presbyte-

1152 1412 1359 1456 rumlegare,
1384 1411 1437 1445 sed
1450 1410 1538 1455 quod
1550 1409 1647 1454 possit
1667 1411 1769 1444 etiam
1793 1411 1956 1445 minorem
1967 1410 2044 1446 Cle-

1151 1460 1274 1495 ricum:
1304 1461 1347 1496 Et
1371 1462 1461 1504 quod
1489 1459 1545 1496 hic
1557 1459 1645 1495 solus
1666 1460 1812 1504 judicare
1830 1461 1946 1505 poffit,
1974 1461 2045 1497 sine

1150 1512 1429 1554 quavissynodo.
1458 1511 1643 1546 Audiamus
1665 1511 1828 1545 rationem
1849 1510 1891 1546 ab
1902 1510 2044 1548 homine

1152 1558 1364 1594 schismatico
1384 1586 1396 1603 ‚
1423 1560 1608 1596 Theodoro
1631 1561 1828 1595 Balsamone
1841 1586 1853 1604 ,
1879 1561 2043 1598 scribente

1151 1610 1192 1644 ad
1203 1610 1357 1654 quintum
1381 1611 1608 1646 Sardicensem
1630 1610 1827 1646 Canonem:
1855 1612 2043 1655 Papaejudi·

1151 1666 1193 1693 cio
1204 1664 1309 1694 Canon
1322 1662 1462 1702 relinquit
1474 1666 1573 1694 omnia
1585 1685 1592 1693 .

1202 1710 1370 1743 Dominus
1392 1709 1698 1752 Archi-Episcopus
1723 1709 1791 1744 haec
1813 1734 1825 1750 ,
1852 1710 1968 1754 utpote
1988 1711 2045 1745 lu·-

1152 1757 1310 1793 cidiffima
1335 1783 1346 1800 ,
1380 1769 1523 1794 evertere
1548 1769 1619 1791 non
1646 1759 1734 1791 valet
1760 1783 1770 1798 ‚
1796 1759 1903 1793 studet
1930 1771 2046 1796 tamen

1152 1809 1266 1844 rodere
1292 1822 1300 1842 :
1340 1807 1470 1852 Suspicor
1494 1806 1653 1852 Episcopos
1680 1808 1828 1852 Hispanos
1853 1820 1911 1842 non
1937 1811 2044 1844 admo·

1152 1861 1223 1892 dum
1260 1863 1413 1902 patienter
1448 1859 1540 1903 tuirffe
1570 1859 1689 1900 judicia
1737 1858 1834 1898 istbaec
1868 1863 2007 1894 Romana
2032 1885 2043 1895 .

1152 1914 1240 1943 Nam
1254 1909 1463 1951 appellationis
1487 1909 1530 1943 ad
1543 1908 1729 1951 Apostolicam
1748 1911 1851 1943 sedem
1861 1913 2045 1952 removendo

1151 1958 1241 2002 causa
1254 1971 1363 1992 novam
1372 1961 1464 2003 legem
1477 1960 1710 1999 introduxerunt
1731 1965 1910 2002 ingratiam
1922 1960 2045 2004 Episco-

1148 2016 1184 2052 pi
1197 2011 1336 2042 damnati
1349 2024 1359 2044 :
1386 2011 1543 2044 Nimirum
1553 2016 1586 2044 ut
1600 2015 1625 2044 ei
1636 2012 1722 2044 liceat
1729 2007 1891 2052 secundam
1902 2012 2047 2050 synodum

1153 2066 1314 2102 impetrare
1335 2061 1379 2093 ad
1387 2060 1581 2095 obtinendam
1601 2059 1808 2101 restitutionem
1824 2060 1932 2104 suam.
1960 2063 2048 2096 Colli-

1149 2116 1234 2153 gitur
1255 2111 1292 2141 id
1310 2121 1350 2144 ex
1362 2115 1482 2144 Canone
1506 2108 1640 2153 vigesimo
1661 2110 1767 2143 octavo
1786 2116 1890 2153 quarti
1910 2113 2046 2146 Toletani

1155 2159 1295 2192 concilii.
1324 2159 1416 2194 Audi
1430 2161 1628 2194 Canonemae
1655 2158 1835 2202 Episcopus,
1863 2161 2048 2204 Presbyter,

1155 2212 1304 2242 Diaconus
1311 2232 1323 2249 ,
1340 2208 1397 2251 fia
1406 2211 1507 2255 gradu
1514 2207 1568 2253 suo
1579 2209 1686 2251 injuste
1693 2210 1827 2250 dejecvus
1838 2234 1848 2250 ,
1875 2210 2046 2254 infecunda

1154 2260 1260 2296 synodo
1281 2264 1423 2293 innocens
1446 2265 1612 2302 reperiatur
1623 2283 1635 2301 ‚
1659 2270 1717 2293 non
1724 2259 1815 2302 potest
1829 2260 1880 2303 esse
1893 2263 1971 2303 quod
1971 2261 2048 2303 fue-

1155 2317 1206 2341 rat
1220 2329 1231 2346 ‚
1255 2307 1312 2349 nisi
1325 2309 1445 2352 gradus
1472 2310 1590 2353 amffos
1610 2315 1735 2351 recipiat
1755 2321 1854 2343 coram
1874 2313 1988 2345 Altaria
2008 2313 2047 2346 de

1154 2369 1244 2390 manu
1256 2357 1414 2402 Episcopi.
1443 2359 1576 2394 Addere
1587 2358 1741 2394 debuerat
1757 2359 1972 2395 undecimum
1986 2362 2047 2396 Ca-¹

1157 2418 1279 2442 nonem
1297 2410 1417 2443 octava:
1427 2409 1602 2445 Toletanae
1627 2409 1778 2452 Synodi:
1807 2413 1932 2444 Decreta
1948 2420 2048 2453 prece-

1155 2459 1289 2492 dentium
1304 2461 1431 2497 Patrum
1443 2483 1454 2499 ‚
1480 2461 1526 2492 ad
1535 2465 1727 2491 contentionis
1739 2461 1875 2503 jurgium
1897 2463 2045 2495 radicitus

1155 2508 1338 2542 evellendum
1360 2533 1371 2549 ‚
1396 2510 1454 2543 rite
1478 2508 1649 2548 synodalem
1666 2507 1796 2550 censuere
1816 2509 1885 2550 fieri
1911 2515 2048 2544 Conven-

1157 2567 1220 2591 tum
1230 2582 1242 2598 ‚
1265 2567 1298 2591 ut
1309 2559 1370 2591 illic
1382 2559 1421 2591 de
1433 2558 1608 2599 diversitate
1623 2558 1802 2599 judiciorum
1811 2558 1948 2602 protense
1973 2561 2045 2595 lites

1156 2607 1289 2642 habeant
1310 2614 1487 2649 terminum,
1514 2607 1564 2642 ubi
1587 2609 1719 2649 spiritus
1740 2607 1865 2642 sonitus
1892 2609 2045 2653 universa-

1154 2658 1212 2691 lem
1220 2652 1403 2704 *adunavit
1430 2667 1552 2692 coetum.
1583 2657 1627 2691 Ab
1646 2656 1698 2691 hoc
1719 2669 1786 2701 ergo
1807 2660 1920 2700 spiritu
1938 2661 2046 2694 sancio

1152 2706 1280 2751 succensi
1287 2733 1298 2749 ,
1322 2720 1360 2743 ne
1369 2709 1497 2751 quelibet
1509 2707 1695 2750 imposterum
1716 2717 1769 2740 aut
1788 2711 1908 2750 impune=
1921 2711 2047 2744 valeant

1155 2764 1297 2792 committi
1317 2783 1331 2801 ,
1352 2769 1405 2792 aut
1422 2759 1576 2803 generalia
1609 2760 1733 2792 statuta
1750 2759 1877 2792 convelli
1901 2782 1912 2799 ,
1949 2762 2045 2802 plena

1156 2810 1338 2844 decernimus
1358 2814 1560 2844 unanimitate
1581 2813 1724 2849 connexi,
1749 2817 1784 2843 ut
1797 2819 1975 2852 quecumque
1989 2819 2046 2853 pro

1152 2859 1226 2903 fidei
1240 2857 1328 2901 caufis
1340 2884 1350 2900 ‚
1376 2856 1632 2902 Ecclesiasticisque
1646 2864 1771 2902 negotiis
1783 2884 1794 2900 ,
1821 2869 1874 2893 aut
1882 2866 2043 2902 preteritis

1158 2910 1252 2950 Gestis
1268 2934 1279 2950 ,
1305 2918 1359 2943 aut
1377 2915 1412 2944 in
1427 2900 1618 2952 presentibus
1630 2908 1803 2948 constitutis
1817 2933 1828 2949 ,
1853 2919 1908 2942 aut
1923 2909 2045 2951 futuris

1156 2967 1249 2995 etiam
1261 2962 1395 2994 Decretis
1407 2984 1419 3000 ,
1446 2961 1498 2995 vel
1501 2958 1561 3001 fint
1578 2958 1754 3002 velfuerint
1774 2958 1959 3000 definitiones
1978 2972 2044 2997 con.-

1152 3010 1261 3054 scripre
1284 3009 1448 3053 universali
1467 3009 1648 3043 authoritate
1670 3033 1681 3049 ,
1708 3009 1808 3041 nullus
1829 3007 1879 3042 his
1905 3012 2044 3052 deinceps

1155 3062 1354 3095 contradicere
1377 3061 1488 3094 audeas
1501 3085 1513 3101 ‚
1538 3059 1635 3093 nullus
1652 3070 1690 3093 ea
1715 3066 1847 3092 evertere
1866 3057 2043 3102 presumat,

1158 3112 1256 3146 nullus
1271 3120 1327 3144 non
1337 3112 1458 3153 implere
1469 3110 1628 3145 contendat
1639 3133 1646 3141 .
1674 3108 1804 3145 Diserte
1825 3110 1933 3144 sanxit
1947 3121 2045 3155 gene-

1157 3163 1231 3198 ralis
1246 3161 1434 3205 Hispanicae
1452 3158 1579 3202 Synodi
1592 3159 1732 3194 Decreta
1754 3159 1816 3193 esse
1832 3160 2021 3195 inconcussa
2037 3185 2044 3192 .

1158 3213 1323 3248 Dominus
1334 3209 1628 3253 Archi-Episcopus
1640 3219 1681 3243 ex
1705 3209 1774 3254 ipso
1787 3219 1937 3252 p0tuerat
1954 3211 2047 3245 dice·-

1158 3275 1190 3298 re
1201 3288 1211 3304 ,
1222 3262 1312 3308 quod
1323 3261 1522 3296 sancirentur
1542 3261 1687 3304 suprema
1696 3281 1708 3300 ‚
1736 3271 1775 3295 ac
1787 3262 1886 3297 etiarn
1898 3261 2046 3296 Romam

1159 3311 1400 3357 inappellabilia
1415 3334 1423 3342 .

1207 3363 1270 3398 Sed
1287 3362 1363 3396 abiit
1374 3359 1439 3396 haec
1451 3359 1492 3394 ab
1511 3360 1693 3403 Hispanica
1706 3360 1826 3404 pietate
1839 3386 1848 3394 .
1874 3360 2044 3396 Dominus

1160 3412 1454 3457 Archi-Episcopus
1471 3411 1512 3445 de
1522 3411 1587 3456 ipsa
1610 3412 1788 3456 suspicatur
1799 3411 1898 3447 nimis
1913 3420 2044 3446 remera-

1926 3470 1971 3491 ria
1984 3480 1992 3491 ο
