2326 3718
87 3270 243 3317 Epist-261.

351 128 448 174 152

279 199 361 240 hinc
379 205 415 239 in
437 201 582 246 plenarie
602 196 855 240 mvnioecefios
874 201 1012 246 synodo
1035 212 1102 236 non
1115 198 1166 234 ha-

279 254 355 290 buit
364 251 558 297 singularem
571 252 774 296 Thronum,
799 254 852 289 sed
868 252 952 288 sedit
958 251 1098 296 Collega
1118 251 1165 284 in·

276 313 329 339 ter
340 302 516 348 Collega.
541 303 664 339 Omnis
679 303 734 339 hic
747 304 881 355 Cyrillae
902 301 1001 342 fastus
1019 311 1085 341 emt
1107 311 1165 334 ¹³0·

278 353 388 389 Vitas.

797 107 881 161 De
915 114 1239 161 Amicam
1274 107 1620 159 Ecetesm'

1235 206 1268 233 ut
1288 213 1310 234 a
1332 199 1433 243 nostris
1451 203 1631 248 temporibus
1652 204 1832 247 remotffma
1851 214 1910 238 non
1928 207 2099 247 requiram,

1231 255 1359 283 recentia
1379 256 1555 288 memorabo.
1582 256 1703 288 Clamet
1721 254 1838 298 Priscus
1851 258 2021 289 Provinciae
2032 259 2100 288 ce-

1224 297 1379 342 saraeenfis
1391 302 1567 347 Episcopus:
1595 308 1654 338 Aut
1664 305 1709 337 ad
1719 307 1887 338 Primatum
1905 306 2006 347 locus,
2025 303 2099 346 ficut

1226 355 1363 391 caeteris,
1389 353 1423 385 Θ
1432 353 1505 387 mibi
1510 363 1614 398 patere
1623 354 1744 395 debuit,
1773 364 1826 388 aut
1836 354 2034 398 Episcopatus
2044 361 2099 387 mi-

327 399 471 438 Videtur
489 405 603 439 tamen
622 415 692 439 non
702 404 796 440 fuiffi:
808 403 950 438 novitas·
979 400 1135 437 Etenim·
1127 413 1159 434 in
1225 398 1257 432 bi
1270 412 1419 435 remanere
1430 413 1487 437 non
1495 405 1614 439 debuit.
1640 405 1760 438 clamet
1777 405 1855 438 altus
1872 403 2004 448 ejusdem
2025 409 2099 439 Pro-

273 451 448 488 Chronico
470 452 587 489 Victor
597 453 835 489 Tonnonensis
858 452 1039 496 Episcopus
1056 452 1159 494 Repa-

268 513 382 538 ratum
393 502 688 550 Carthaginensem
701 502 876 546 aliquoties
891 502 1034 546 appellat
1047 500 1161 534 Archi·

1223 455 1331 485 vinctae
1343 455 1372 484 E
1371 449 1504 495 pisiopus
1516 455 1635 496 V,itior
1661 460 1705 488 cui
1715 453 1813 489 relic‘lo
1822 459 1855 487 in
1865 456 1967 488 eadem
1985 463 2098 498 poena,

1221 506 1254 532 in
1265 512 1325 543 qua
1352 504 1385 536 <ii
1397 501 1514 545 Priscus
1518 505 1586 547 fuit
1601 530 1612 546 ,
1638 516 1792 549 nunquam
1803 503 1897 546 nifiin
1908 503 2098 545 Dioecefiejut

272 551 479 598 Episcopum
495 578 505 587 .
529 554 640 588 Etiam
650 553 783 588 Sanetus
796 553 868 587 Leo
880 562 988 586 nonus
999 550 1158 584 Pontifex
1219 550 1259 584 ab
1271 552 1328 585 alio
1338 559 1562 588 communicatur
1573 555 1716 598 Episcopo
1727 580 1734 587 .
1762 555 1845 589 Haec‘
1857 553 1959 587 Prisci
1984 553 2018 587 ἀ
2041 553 2101 589 Vi-

271 602 363 643 istius
372 603 514 639 civitatis
525 603 723 646 Episcopum
733 603 873 647 appellat
887 601 904 635 a
917 602 1072 645 primum,
1083 599 1156 635 Ro-

270 663 374 689 mano
409 652 733 696 Archi-Episcopum
752 675 764 693 ,
795 664 833 687 ac
852 652 1035 687 maximum
1056 651 1157 686 totius

269 702 394 742 Africae
403 702 720 745 Metropolitanum.
747 701 796 738 At
810 700 887 737 vero
906 700 1154 746 Archi-Episco-

266 754 304 798 pi
317 752 432 787 titulus
442 760 522 786 tunc
532 751 755 788 dabatursolis
766 750 982 792 patriarchis,
1006 761 1063 787 aut
1084 751 1153 785 Au-

266 801 449 846 tocephalis
484 801 684 838 Primatibus
703 828 711 836 .
754 801 951 847 Respondeo
985 800 1151 837 vitiorem

265 851 535 888 Tonnonensem
558 852 652 888 aliter
669 853 761 898 loqui
781 853 823 887 de
834 851 1021 896 Capreolo,
1046 853 1148 897 Euge·

263 902 324 938 nio
345 927 357 945 ,
385 914 424 938 ac
447 901 625 939 Bonifacio
647 927 657 943 ,
683 902 839 947 Reparati
863 901 1151 939 Antecefforibust

264 949 336 987 Eos
353 952 540 998 simpliciter
558 954 698 997 appellat
711 952 908 997 Episcopos.
940 953 981 986 Et
993 953 1033 987 de
1045 951 1151 995 Repa-

262 1003 326 1037 rati
337 1003 478 1039 exordio
497 1003 607 1038 scribit
620 1015 637 1042 ε,
656 1007 826 1044 Reparatus
838 1002 1082 1046 carthaginensis
1093 1006 1149 1035 Ec-

259 1051 352 1095 elefiae
371 1052 581 1096 Episcopatum
598 1053 664 1094 post
683 1050 878 1095 'Bonifacium
908 1051 1035 1096 suscepit
1057 1067 1068 1085 .’
1102 1052 1145 1087 Et

259 1102 439 1147 postmodo
449 1104 636 1138 constanter
647 1103 795 1138 inscribit
808 1102 912 1138 Archi
930 1102 1128 1148 Episcopum
1137 1128 1144 1135 .

260 1152 373 1199 Qem
394 1152 528 1188 titulum
550 1152 644 1187 istius
655 1153 746 1187 Sedis
759 1153 907 1188 Antistiti
935 1163 994 1187 nec
1012 1154 1146 1188 Sanctus

259 1200 468 1248 Augustinus
488 1201 623 1244 tribuit,
650 1214 710 1237 nec
733 1205 869 1238 Sanctus
892 1204 1059 1247 Optatus,
1085 1214 1145 1236 nec

256 1253 395 1288 sanstus
407 1252 593 1296 Cyprianus
604 1276 614 1292 ‚
642 1264 702 1286 nec
723 1254 788 1287 ulla
802 1254 960 1287 Africana
971 1252 1145 1294 Synodus,

251 1353 386 1386 suorum
411 1351 597 1385 Annalium
620 1351 768 1395 scripsffe
789 1352 830 1386 de
842 1363 931 1387 anno
953 1363 1146 1385 mannum.

251 1399 407 1445 Reparati
423 1401 506 1436 Acta
530 1402 681 1443 scripsisse
701 1401 786 1444 apud
803 1402 934 1436 Gtaecos
950 1426 960 1441 ‚
987 1402 1145 1436 Constan

250 1451 398 1496 tinopoli
410 1477 421 1494 ‚
447 1462 501 1485 aut
517 1451 549 1485 in
562 1452 684 1486 exilio.
714 1451 814 1486 lsthic
826 1452 942 1487 didicit
955 1451 1144 1486 Graecorum

250 1501 368 1537 titulos
380 1526 391 1543 ,
419 1502 502 1536 &ex
520 1502 594 1545 ipsis
605 1502 703 1544 coepit
718 1501 918 1545 Reparatum
937 1502 1074 1536 scribere
1084 1504 1147 1536 Ar-

248 1552 541 1596 chi-Episcopum.
570 1551 613 1588 Et
624 1552 742 1586 falsum
754 1552 821 1592 est,
850 1552 939 1593 quod
953 1550 1147 1594 Archi-Epi-

247 1602 340 1646 scopi
352 1600 466 1635 titulus
478 1600 539 1634 isto
552 1610 700 1644 tempore
707 1600 838 1636 daretur
850 1601 926 1635 solis
936 1600 1144 1642 patriarchis,

246 1661 307 1686 aut
327 1650 530 1686 Primatibus
557 1649 816 1694 Autocephalis.
844 1651 977 1685 Etenim
990 1652 1143 1685 Romana

245 1700 393 1736 Ecclesia
405 1702 440 1735 in
452 1702 509 1734 suo
529 1700 667 1743 antiquo
679 1702 859 1735 Canonum
872 1701 1001 1734 Codice
1022 1699 1143 1734 duode-

242 1751 374 1785 cimum
386 1750 691 1784 chalcedonensem
710 1749 883 1783 Canonem
898 1750 978 1795 legit
998 1750 1063 1784 hoc
1077 1762 1144 1784 mo·

243 1801 296 1836 do
308 1814 319 1835 .-
347 1802 549 1844 ,Quaecumque
565 1804 705 1833 civitates
722 1808 780 1841 per
788 1799 897 1844 sacras
920 1804 1038 1834 litteras
1056 1805 1145 1834 nomi·

246 1861 286 1884 ne
311 1850 538 1892 Metropolitano
557 1849 728 1894 funguntur
752 1873 762 1889 ‚
801 1849 876 1893 ipsae
894 1849 987 1894 solum
1010 1850 1144 1885 honorem

244 1900 489 1944 consequantur,
517 1902 551 1934 δ’
565 1906 612 1939 is,
639 1906 692 1943 qui
702 1899 770 1934 huic
779 1900 915 1942 Ecclefiae
935 1901 1042 1943 praeest
1062 1904 1144 1943 Epi-

246 1949 351 1995 scopus
367 1975 377 1990 ‚
405 1960 524 1984 vocetur
538 1949 807 1994 Archi-Episcopus
821 1975 832 1992 ,
858 1949 948 1993 salvo
965 1957 1067 1995 uinue
1076 1960 1142 1993 pro

247 2007 316 2045 prio
319 2003 413 2043 jure,
439 2001 520 2043 quod
529 2002 639 2034 reverti
649 2002 885 2042 Metropolitanae
897 2007 1017 2034 civitati
1041 2012 1144 2035 conve-

247 2055 319 2086 stit.
349 2050 448 2085 Adeo
472 2051 607 2094 antiqua
629 2049 674 2084 est
699 2051 757 2085 ista
783 2051 997 2096 significatio.
1025 2051 1145 2085 Codex

249 2100 348 2136 docet
375 2101 477 2144 ipsam
518 2112 587 2133 non
610 2101 673 2134 effe
697 2100 939 2135 Commentum
965 2103 1146 2137 recentium

251 2152 497 2186 Graeculorum.
524 2151 608 2184 Haec
631 2151 705 2184 sunt
718 2150 849 2185 alterius
871 2151 957 2185 loci.
984 2150 1146 2186 Posterio-

249 2202 341 2236 ribus
366 2203 488 2235 saeculis
510 2200 619 2234 cunc‘ti
643 2200 874 2235 Africanarum
898 2200 1143 2235 Provinciarum

249 2252 414 2287 Primates
432 2252 563 2285 fuerunt
585 2251 736 2293 appellati
761 2250 1032 2294 Archi-Episcopi
1048 2274 1057 2283 .
1087 2252 1146 2285 Et-

250 2302 344 2335 enim
368 2302 500 2334 sandius
526 2300 709 2343 Gregorius
723 2300 878 2343 septimus
902 2300 1012 2335 laudat
1030 2301 1145 2334 Secun-

251 2350 332 2384 dum
347 2351 545 2393 Episcopum
558 2348 831 2393 Hipponensem,
857 2351 891 2385 &
912 2349 1060 2386 inscribit
1083 2352 1147 2384 Ar

251 2399 321 2435 chi·
313 2400 524 2443 -Episcopum
550 2399 759 2433 Mauritaniae
770 2399 945 2436 Sitifensis

306 2450 456 2493 Quaestio
469 2450 570 2493 prima
580 2449 650 2490 est,
676 2449 731 2482 An
747 2449 805 2483 ista
825 2449 1079 2508 Metropoliticff
1091 2462 1147 2507 po-

251 2500 377 2536 testatis
391 2499 563 2539 succeffio,
592 2508 648 2532 aut
660 2499 770 2555 potius
780 2499 822 2533 de
832 2500 1011 2534 civitatein
1035 2500 1147 2535 civita-

254 2561 323 2587 tem
338 2549 492 2595 migratio
507 2549 646 2594 viguerit
660 2550 692 2582 in
705 2549 863 2583 omnibus
874 2551 929 2584 sex
941 2549 1147 2585 Provinciis?

256 2601 457 2645 Respondeo
468 2610 537 2633 non
551 2598 688 2644 viguisse
707 2598 741 2632 in
758 2599 986 2635 proconsulari
1009 2600 1146 2635 Provin-

253 2653 323 2685 eia.
351 2651 407 2684 Est
440 2648 850 2692 resomnibusexploraua.
881 2651 992 2697 Quare
1014 2650 1146 2693 quaestio

254 2701 429 2745 prasertim
442 2701 487 2734 est
501 2700 540 2734 de
554 2699 756 2733 Mauritania
766 2701 959 2734 Caesaraeensi
975 2726 982 2733 .
1012 2702 1145 2735 Etenim

255 2762 314 2796 per
337 2748 495 2793 Iacobum
519 2748 731 2784 sirmondum
753 2749 883 2795 vulgata
912 2749 1144 2784 Africanarum

257 2800 477 2835 Ecclefiarum
490 2799 607 2833 notitia
620 2800 653 2832 in
665 2799 808 2833 Sitifenfi
823 2800 1024 2835 Mauritania
1038 2800 1146 2858 primo

257 2851 432 2887 Ruffinum
444 2850 746 2884 Tamaliumensem
757 2874 767 2890 ,
795 2849 939 2885 secundo
961 2852 1039 2885 loco
1051 2851 1145 2895 ponit

258 2901 435 2935 Donatum
448 2900 646 2945 Episcopum
660 2899 841 2935 Sitifensem
854 2926 865 2941 ,
888 2911 986 2944 atque
1009 2902 1054 2935 ita
1067 2901 1136 2935 affir

259 2961 327 2984 mat
350 2962 416 2985 non
440 2949 554 2990 hunc,
581 2951 636 2985 sed
655 2949 747 2984 illum
770 2950 862 2984 fuisse
874 2950 1071 2986 Primatem.
1100 2952 1147 2985 At

260 2999 341 3033 vero
365 3001 399 3034 &
421 3001 553 3035 Sanctus
575 2998 801 3046 Augustinus,
825 3001 860 3035 δε
883 3002 1015 3036 Sanctus
1031 3001 1147 3035 Vidior

261 3048 408 3083 Vitenfis
421 3050 656 3085 Caesaraeensem
672 3049 868 3094 Episcopum
879 3051 1042 3085 affirmant
1055 3050 1147 3084 fuifle

261 3098 562 3141 Metropolitanum
582 3125 590 3133 .
628 3100 828 3145 Respondeo
864 3112 975 3136 tamen
1009 3100 1145 3136 eandem

263 3149 405 3186 forrmm
420 3148 555 3192 viguisse
567 3149 599 3183 in
613 3150 807 3184 Caesaraeenfi
823 3149 1015 3185 Provincia.
1043 3150 1147 3184 Lucet

262 3209 305 3233 ex
317 3197 426 3233 Sanssi
446 3197 622 3241 Augustini
633 3199 768 3242 epistola
780 3200 821 3235 ad
834 3201 986 3236 Sanctum
1009 3199 1148 3234 Caeiesti-

263 3258 348 3283 num
368 3246 565 3281 Pontificem
587 3260 595 3279 :
641 3248 765 3289 ExiJlat
786 3252 919 3295 exemplo
940 3275 951 3292 ,
987 3248 1053 3293 ipsa
1074 3252 1148 3284 stae

267 3296 424 3342 apostolica
430 3296 587 3338 judicante
598 3321 609 3336 ,
634 3300 685 3331 vel
696 3300 824 3333 aliarum
826 3305 859 3346 J
861 3303 984 3335 udicata
988 3299 1148 3342 firmante

271 3346 412 3392 quosdam
418 3354 475 3389 pro
484 3347 578 3388 culpis
589 3346 767 3389 quibusdam
792 3361 843 3383 nec
855 3349 1027 3394 Epifiopali
1041 3348 1149 3393 spolia-

267 3406 314 3434 tos
324 3397 455 3439 honere,
480 3407 532 3431 nec
541 3397 717 3432 omnimodis
730 3398 843 3433 vetreto:
863 3406 1022 3444 impunitos
1034 3424 1042 3433 .
1070 3402 1148 3444 ,Quae

1210 1253 1238 1284 la
1249 1254 1403 1285 damnare
1427 1251 1531 1285 nollet
1545 1275 1555 1290 ,
1583 1250 1754 1290 Monasterio
1774 1252 1851 1293 releg
1871 1258 1919 1282 tus
1949 1251 1987 1289 est
2003 1274 2011 1282 .
2036 1252 2099 1284 Sed

255 1301 374 1337 vietor
393 1302 631 1336 Tonnonenfis
654 1301 778 1336 videtur
797 1302 1008 1344 posteriorem
1021 1311 1144 1345 partem
1208 1303 1332 1342 Boetio,
1361 1304 1495 1335 Primaie
1507 1303 1655 1340 Byzaceni
1665 1301 1791 1333 concilii
1807 1309 1900 1333 morte
1916 1307 2098 1341 praevemo,

530 1352 537 1358 '
670 1353 676 1359 '
713 1363 721 1384 1
956 1352 962 1358 '
1257 1358 1284 1386 ei
1294 1350 1456 1396 succederet
1468 1376 1478 1391 ,
1505 1359 1676 1384 memoratae
1689 1351 1877 1383 damnationi
1890 1356 2030 1391 protinus
2042 1347 2098 1392 as·-

1218 602 1314 636 &ioris
1339 614 1432 647 poena
1453 602 1560 647 palam
1586 604 1787 639 demonstrat
1811 603 2097 647 Metropoliticam

1216 651 1447 688 authoritatem
1459 655 1558 688 etiam
1580 653 1614 687 in
1627 653 1822 691 Caesaraeensi
1843 653 2017 688 Provincia
2029 662 2100 688 non

1216 701 1385 737 Cathedrae
1395 703 1488 738 fuisse
1499 703 1658 738 adnexam
1669 727 1681 744 ,
1711 704 1768 738 sed
1782 706 1901 739 seniori
1913 703 1999 737 aetati
2023 703 2099 746 Epi·-

1214 752 1346 796 scopalis
1369 752 1522 788 honoris.
1549 753 1643 788 Hinc
1663 753 1699 787 in
1723 754 1972 799 Carthaginensi
1986 753 2100 787 Colla·

1213 803 1305 837 tione
1316 803 1491 838 Deuterius
1504 802 1722 844 catholicus,
1747 803 1782 838 ἀ
1797 804 1959 840 Emeritus
1981 804 2100 838 Dona·

1212 853 1285 888 tista
1307 853 1564 888 Caesaraeensium
1589 854 1770 899 Episcopus
1789 864 1857 888 non
1886 853 2028 888 habuere
2050 854 2098 887 lo-

1210 913 1286 937 cum
1299 927 1310 944 ‚
1339 904 1396 937 nisi
1410 905 1471 938 suae
1480 903 1601 938 aetatis.
1627 904 1673 937 Et
1692 903 1840 938 laudatus
1864 902 2098 938 Africanarum

1212 953 1458 987 Provinciarum
1485 965 1522 987 ac
1534 954 1770 997 Episcoporum
1782 953 1953 998 catalogus
1964 952 2104 997 Apocu-

1210 1004 1294 1037 rium
1316 1004 1553 1038 Caesaraeensem
1568 1002 1664 1048 ponit
1683 1002 1799 1038 eodem
1813 1003 1947 1038 ordine.

1262 1053 1386 1088 Eadem
1398 1054 1439 1088 de
1451 1065 1544 1097 poena
1556 1053 1666 1088 scribit
1681 1053 1713 1086 in
1726 1052 1899 1087 Chronico
1918 1051 1959 1086 ad
1970 1051 2100 1086 duode-

1210 1103 1333 1138 cimum
1358 1116 1482 1138 annum
1507 1105 1525 1138 a
1556 1103 1665 1137 Bafilii
1679 1102 1859 1137 Consulatu
1874 1102 1991 1136 Victor
2002 1102 2099 1135 Ton-

1211 1154 1362 1188 nonensis
1374 1153 1554 1196 Episcopus
1567 1167 1578 1187 .-
1608 1151 1768 1195 Primafius
1790 1151 2000 1195 Aquimetenfis
2020 1155 2099 1194 Epi-

1205 1201 1307 1244 scopus
1319 1226 1331 1243 ,
1357 1202 1447 1245 quod
1461 1203 1521 1235 tria
1533 1201 1811 1236 Chalcedonensis
1821 1202 1946 1244 Synodi
1961 1203 2097 1246 Capitu-

1204 1400 1288 1445 senfit
1299 1427 1310 1443 ,
1337 1399 1531 1444 reversusque
1543 1404 1586 1434 ad
1590 1399 1660 1444 suos
1672 1423 1684 1440 ‚
1707 1411 1776 1443 quae
1783 1400 1872 1442 ptius
1896 1398 2096 1440 deftndebat,

1207 1452 1391 1492 validiffimis
1402 1448 1652 1494 persecutionibus
1664 1456 1857 1494 impugnavit
1868 1472 1880 1489 ,
1899 1447 2036 1490 fidelibus
2047 1460 2098 1482 ca-

1206 1502 1333 1533 lumnias
1353 1502 1528 1544 generando
1542 1524 1552 1539 ,
1577 1510 1733 1543 eorumque
1752 1498 1937 1542 substantia
1961 1498 2098 1540 auferen-

1206 1551 1261 1583 do.
1288 1550 1348 1584 Sed
1369 1556 1402 1583 in
1423 1550 1531 1593 quibus
1538 1555 1702 1591 peccavit,
1729 1548 1822 1582 latere
1842 1560 1900 1581 non
1906 1555 2026 1591 potuit.
2051 1549 2098 1581 si-

1206 1602 1327 1644 quiden·
1335 1599 1490 1643 postquam
1502 1602 1523 1631 ἃ
1535 1598 1697 1633 Catholicis
1714 1597 1760 1641 fiii
1774 1599 1896 1633 concilii
1909 1598 2097 1641 antistitibus
2142 1617 2144 1626 x

1201 1660 1258 1692 pro
1292 1648 1356 1692 suls
1374 1649 1679 1692 praevaricationibus
1700 1649 1916 1682 condemnatur
1934 1672 1946 1689 ,
1981 1648 2096 1689 infelici

1205 1708 1298 1734 morte
1310 1705 1508 1744 extinguitur.
1541 1699 1702 1746 Qaedam
1721 1697 1803 1731 olim
1823 1698 1940 1732 delicia
1965 1697 2097 1741 Episco-

1206 1761 1284 1794 pum
1310 1759 1367 1785 aut
1394 1750 1560 1784 Clericum
1582 1747 1831 1793 degradabunt,
1856 1748 2003 1792 quaedam
2024 1757 2096 1790 pto·

1206 1799 1390 1835 scribebant
1412 1800 1430 1833 a
1452 1800 1522 1833 solo
1536 1799 1690 1833 adscensu
1711 1798 1753 1832 ad
1772 1798 1922 1832 altiorem
1931 1797 2095 1842 gradum.-

1207 1851 1249 1885 Et
1262 1850 1467 1895 Imperatoris
1475 1849 1648 1894 Iustiniani
1660 1859 1806 1891 tempore
1816 1848 1880 1881 tale
1890 1849 2014 1881 crimen
2025 1857 2095 1882 erat

1205 1912 1274 1936 non
1286 1900 1442 1935 damnare
1455 1902 1514 1934 tria
1526 1899 1585 1933 ista
1596 1899 1749 1943 Capitula
1758 1923 1766 1931 .
1794 1897 1886 1932 Hinc
1896 1897 2072 1932 Primafius
2081 1921 2094 1937 ,

1204 1950 1290 1994 apud
1305 1951 1495 1994 Byzacenos
1515 1949 1631 1984 Senior
1652 1949 1722 1992 post
1743 1948 1898 1982 Boetium
1914 1948 2094 1983 Primatem

1206 2002 1388 2046 Episcopus
1401 2025 1411 2041 ‚
1438 2011 1480 2035 ne
1493 2000 1587 2034 istam
1599 2010 1728 2043 poenam
1743 1999 1890 2032 incidens
1909 1999 2097 2032 excludere·

1205 2061 1259 2085 tur
1281 2051 1300 2085 a
1325 2050 1521 2085 successione
1542 2050 1576 2083 in
1588 2049 1795 2088 Primatum,
1824 2049 1944 2083 recessit
1962 2050 1980 2083 a
1995 2050 2095 2092 priori

1206 2101 1384 2141 sententia,
1414 2101 1446 2135 ἀ
1471 2100 1626 2143 capitula
1645 2099 1830 2134 damnavit.
1858 2098 1906 2133 At
1929 2098 2026 2132 istum
2050 2108 2097 2132 re-

1204 2151 1325 2185 cessum
1337 2150 1482 2194 Collegae
1492 2151 1685 2185 censuerunt
1696 2151 1759 2185 effe
1770 2147 1979 2193 apostasiam.
1972 2161 1978 2168 ·
1999 2147 2096 2184 Hinc

1206 2201 1396 2235 Primasxum
1409 2201 1426 2234 ὲ
1443 2201 1587 2234 Primatu
1608 2200 1793 2243 ejecerunt.

1254 2251 1402 2296 Qaestio
1427 2250 1565 2283 secunda
1587 2249 1660 2288 est,
1685 2248 1740 2281 An
1761 2258 1877 2281 omnes
1888 2249 1941 2281 sex
1954 2247 2095 2282 Provin-

1204 2300 1261 2333 ciae
1273 2298 1444 2333 habuerint
1456 2300 1548 2332 suum
1562 2298 1728 2342 proprium
1742 2295 1918 2332 Primatem
1937 2299 1949 2331 ?
1977 2298 2094 2332 Ratio-

1207 2361 1281 2384 nem
1301 2347 1481 2383 dubitandi
1497 2350 1578 2383 facit
1598 2347 1758 2382 secundus
1769 2347 1890 2381 Canon
1903 2348 2003 2381 tertia
2013 2348 2094 2381 Car-

1180 2398 1407 2444 thaginenfis
1416 2398 1563 2442 Synodi·
1556 2422 1564 2430 .
1592 2401 1719 2438 Propter
1730 2395 1836 2439 causas
1856 2395 2090 2438 Ecclefiafiicat,

1206 2461 1274 2492 quae
1285 2450 1330 2482 ad
1337 2449 1497 2492 perniciem
1504 2448 1636 2490 plebium
1645 2445 1729 2490 saepe'
1741 2445 1928 2493 veterascunt
1936 2472 1947 2488 ‚
1967 2445 2091 2491 fingults

1206 2497 1367 2543 quibusque
1381 2504 1472 2532 annis
1487 2499 1650 2534 concilium
1660 2505 1831 2531 convocetur
1845 2521 1856 2537 ,
1882 2499 1928 2530 ad
1934 2498 2015 2539 quod
2030 2508 2090 2529 ont·

1208 2561 1258 2583 nes
1273 2552 1443 2583 Provinciae
1457 2573 1468 2589 ‚
1491 2559 1558 2591 quae
1563 2553 1679 2591 primas
1693 2547 1780 2580 sedes
1801 2546 1913 2580 habent
1925 2571 1936 2586 ,
1957 2547 1995 2580 de
2015 2552 2095 2580 Con·-

1206 2602 1281 2634 ciliis
1301 2598 1364 2644 suis
1387 2609 1487 2633 ternos
1510 2602 1639 2642 Legatos
1658 2602 1800 2630 mittant.
1830 2596 1982 2631 Affirmat
2003 2596 2093 2640 quas-

1206 2650 1282 2684 dam
1306 2649 1424 2684 habere
1443 2673 1455 2689 ,
1480 2648 1635 2692 quasdam
1658 2646 1851 2682 Provincias
1878 2657 1945 2681 non
1972 2645 2093 2682 habere

1207 2701 1373 2744 proprium
1396 2699 1575 2733 Primatem
1599 2722 1610 2739 ,
1649 2698 1878 2742 propriamque
1897 2697 2091 2741 Synodum.

1209 2750 1272 2784 Et
1264 2761 1297 2783 tn
1310 2750 1447 2792 antiquo
1456 2748 1617 2782 Romanae
1631 2747 1778 2782 Ecclefiae
1788 2747 1916 2782 Codice
1933 2744 2092 2781 habemus

1207 2799 1296 2834 hunc
1317 2800 1512 2834 canonem:
1542 2801 1709 2843 Primatem
1722 2803 1877 2840 proprium
1900 2798 2092 2830 Mauritania

1206 2848 1373 2892 Sitifenfis,
1400 2860 1464 2883 cum
1475 2850 1511 2882 id
1515 2849 1696 2891 postularet,
1723 2846 1976 2890 baberepermiffa
1996 2847 2034 2887 est
2057 2853 2092 2880 iit

1206 2898 1455 2944 longinquioribus
1468 2903 1602 2934 Mauris.
1630 2898 1685 2932 Est
1696 2896 1942 2938 compendium.
1969 2897 2091 2931 Plenus

1207 2951 1326 2984 Canon
1349 2949 1486 2984 habetur
1514 2950 1549 2983 in
1570 2947 1698 2983 Codice
1720 2945 1884 2980 Africanae
1916 2947 2091 2982 Ecclesia.-

1208 3002 1326 3034 Placuit
1345 3007 1377 3033 ut
1394 3003 1585 3033 Mauritania
1603 2996 1771 3038 5itifensi's‚
1796 3005 1830 3029 ut
1838 2995 2001 3038 postulavit
2023 3000 2091 3030 Pri
2104 3010 2239 3050 Cap-17

1206 3059 1316 3085 marem
1329 3054 1502 3084 Provinctae
1515 3048 1696 3085 Narniam,
1719 3058 1759 3080 ex
1768 3048 1853 3088 cujus
1873 3057 1946 3080 coetu
1965 3046 2090 3090 separa·

1206 3110 1283 3140 tur,
1305 3099 1392 3143 suum
1404 3098 1511 3133 babeat
1521 3100 1709 3137 Primatem,
1737 3107 1822 3139 quem
1842 3097 2092 3140 consentientibus

1207 3151 1340 3183 omnibus
1354 3147 1538 3183 Primatibus
1550 3147 1760 3189 Africanarum
1773 3150 2002 3181 Provinciarum
2011 3172 2021 3188 ,
2036 3146 2089 3179 vel

1207 3199 1340 3233 omnibus
1361 3196 1515 3242 Episcopis
1538 3209 1548 3240 3
1570 3205 1692 3240 propter
1711 3197 1958 3241 longinquitatem
1977 3194 2085 3229 babere

1204 3250 1339 3292 permiffa
1358 3248 1412 3289 est.
1445 3247 1524 3281 Alia
1546 3248 1643 3281 lestio
1667 3246 1782 3282 habet:
1810 3251 1858 3281 De
1869 3249 2002 3280 Primam
2016 3247 2091 3277 Pro·

1208 3304 1315 3334 vinciae
1337 3296 1481 3339 Sitifenfis
1500 3322 1507 3329 .
1548 3300 1716 3331 Primattm
1745 3299 1816 3331 vero
1831 3301 1985 3338 preprium
2021 3305 2085 3328 cum

1209 3353 1400 3382 Mauritania·
1424 3346 1566 3389 sitifenfis
1591 3346 1733 3390 Episcopi
1752 3346 1930 3389 posttdarent
1958 3368 1969 3384 ,
2002 3355 2087 3379 omne

1208 3398 1369 3434 Concilium
1391 3395 1600 3441 Epist-operum
1619 3398 1780 3432 Numidiae
1797 3418 1810 3436 ‚
1841 3392 2087 3439 consentientibus

1950 3449 2040 3478 omni-
