2326 3718
585 164 1016 224 Turonoitsry,
1054 160 1358 205 Cirnensis
1394 158 1702 210 Et›1sc01›1‚

233 254 466 295 Abrabamit'um,
493 264 528 285 ac
550 251 679 294 Alipium
704 276 714 291 ,
739 249 902 284 Sanc‘litatr
923 247 1028 286 veflrae
1045 246 1113 290 sug-

226 311 313 356 geffi,
339 305 579 348 quandoquidem
600 314 635 335 ne
659 304 702 334 ad
722 311 776 333 vos
805 300 1007 332 contenderem
1021 321 1032 337 ,
1059 301 1116 329 Re-

226 367 348 403 giorum
370 357 539 389 litterarum
569 353 693 387 vincula
725 356 910 383 retinuerunt
936 360 944 380 :

229 406 385 445 v'incula,
410 403 530 448 quibus
549 414 624 437 eum
652 399 863 436 Theodosius
897 397 1115 440 circumscrip-

231 458 314 493 serat
337 455 421 489 intra
442 453 621 497 Cyrensem
643 450 811 484 civitatem
825 475 832 481 .
858 449 952 481 Hinc
970 448 1113 481 Romam

230 506 384 542 accedere
405 515 476 538 non
498 512 646 547 poterat,
672 495 891 544 propositurus
902 499 990 532 suam
1012 497 1113 540 appel*

232 558 392 591 lationem
410 579 422 596 ,
446 565 484 587 ac
497 553 739 596 prosecuturus.
800 561 802 566 ’

283 606 410 640 Eadem
421 603 461 637 de
472 601 626 641 rescribit
638 601 676 634 ad
700 598 866 634 Renatu'm
883 598 1043 632 Romanae
1057 595 1116 629 Ec-

230 657 334 692 clefiae
355 655 388 688 in
411 652 519 688 Sancti
560 651 743 685 Clementis
761 650 863 684 titulo
889 648 1116 690 Presbyterum

231 704 443 742 cardinalem
458 727 468 743 ,
493 714 532 736 ac
554 701 675 746 Magni
700 701 822 734 Leonis
835 700 868 733 in
882 697 1045 741 Ephefino
1058 697 1116 730 La-

231 754 380 791 trocinio
403 754 589 796 Legatum:
617 757 675 784 Oro
694 750 890 783 sancitatem
915 758 1020 786 tuam,
1046 749 1118 779 san-

232 807 348 846 e‘liffimo
370 815 405 836 ae
430 804 599 843 Beatissano
613 798 1059 842 Archi-Episcopopersuadeat,
1088 803 1119 828 ut

231 856 394 898 ,apostolica
415 852 598 886 authoritate
618 861 721 884 utatur
733 874 744 890 ‚
769 853 802 884 (9¹
824 852 868 882 ad
880 849 1043 882 Concilium
1065 857 1119 878 ve-

225 906 324 950 strum
344 901 488 937 advolare
503 907 686 944 praecipiat.
714 902 794 934 Non
808 900 959 933 obstante
973 897 1120 930 violento

232 956 399 990 Mandato
411 952 617 996 Imperatoris
628 949 824 984 Theodosii.
856 948 911 988 Ad
923 947 1013 992 quod
1033 946 1120 979 Con·

234 1007 351 1041 cilium
363 1004 380 1035 3
408 1004 490 1037 Non
511 1002 551 1035 ad
576 1001 738 1035 Generale
750 1000 852 1032 totius
869 997 1019 1032 Ecclefiae
1032 1019 1043 1035 ,
1071 1005 1123 1027 ne-

235 1055 300 1099 que
319 1053 361 1088 ad
381 1053 486 1086 totius
509 1050 704 1084 Occidentis
727 1046 946 1082 patriarchale
969 1071 980 1086 ,
1006 1044 1059 1078 sed
1084 1043 1122 1077 ad

233 1104 409 1146 Synodum
444 1100 547 1134 solius
569 1099 742 1131 'Romanae
778 1096 962 1131 Provinciae
987 1120 994 1127 .
1030 1094 1123 1127 Hinc

233 1152 473 1186 Theodoretus
483 1147 710 1191 prosequitur.-
739 1148 835 1180 Habet
844 1152 925 1179 enim
948 1143 1126 1184 sanblifflma

233 1204 290 1236 illa
301 1203 387 1235 Sedes
403 1204 432 1232 E
436 1198 597 1240 cclefiarum
607 1221 617 1236 ,
630 1210 698 1239 quae
709 1203 741 1229 in
752 1206 810 1229 toto
823 1195 976 1239 orbesunt
991 1219 1001 1235 ‚
1013 1197 1126 1227 Pnaci-

232 1261 345 1296 patum
355 1251 459 1282 multis
474 1247 660 1286 nominibus,
678 1249 768 1289 atque
779 1247 830 1279 boc
839 1256 911 1279 ante
923 1251 1040 1285 omnia,
1051 1245 1132 1285 quod

238 1303 278 1335 ab
300 1301 441 1335 haretica
466 1298 534 1331 tabe
545 1303 688 1330 immunis
709 1296 833 1338 munst,
861 1306 912 1328 nec
929 1297 1004 1329 ullus
1015 1304 1129 1327 contra-

236 1358 287 1392 rla
291 1351 426 1394 sentiens
438 1355 472 1382 in
483 1349 536 1380 illa
542 1346 623 1389 sedit
635 1372 645 1386 ‚
667 1346 726 1389 scd
738 1346 924 1388 apostolicam
934 1349 1068 1389 gratiam
1086 1348 1128 1376 in·

190 1419 192 1422 ⁴
234 1412 358 1445 aegram
366 1397 574 1441 conservavit.
600 1399 682 1440 ‚Quae
696 1396 814 1429 civobis
829 1395 951 1436 fuerint
965 1396 1107 1436 judicata
1122 1419 1130 1433 ,

236 1459 273 1486 in
284 1451 331 1484 his
346 1475 356 1491 ,
382 1448 609 1491 qualiacumque*
629 1459 663 1479 ea
679 1455 767 1479 erunt
780 1471 790 1486 ‚
811 1447 917 1486 judicii
930 1446 1018 1486 vestri
1041 1450 1130 1487 aequi-

237 1507 300 1533 rati
310 1500 486 1542 confidentes
499 1521 509 1536 ,
534 1494 761 1539 acquiescemus.
790 1500 834 1528 Et
848 1507 1006 1538 rogamus,
1032 1505 1066 1528 ut
1080 1497 1133 1536 ju·

237 1552 348 1584 dicium
371 1561 409 1582 ex
435 1552 562 1589 scriptis
583 1546 792 1585 constituatur.
820 1545 986 1588 Suscipite,
1012 1544 1131 1588 quaeso,

236 1610 338 1644 preces
366 1612 448 1633 meas
473 1622 483 1638 ,
521 1599 554 1631 (5
581 1599 696 1637 injuria
722 1597 882 1639 oppressum
908 1606 944 1630 ne
969 1596 1127 1639 despicite.

241 1650 352 1684 Verba
372 1652 446 1683 sunt
471 1647 598 1682 lucida:
627 1646 803 1687 Lucidzota
831 1646 926 1686 omni
954 1646 1131 1684 Commen-

244 1701 345 1734 tario.

295 1751 419 1785 Eadem
443 1752 556 1786 omnia
576 1749 812 1786 Theodoretus
834 1750 952 1795 allegat
973 1747 1133 1783 inlitteris

240 1801 284 1834 ad
302 1802 500 1835 Anatolium
514 1801 691 1835 Patricium
705 1828 715 1842 ‚
740 1802 773 1835 ὃ(
786 1801 956 1846 adjungit:
985 1803 1132 1843 Magnitu-

242 1852 344 1883 dinem
357 1861 439 1884 tuam
448 1851 566 1890 obtestor
581 1875 590 1890 ‚
618 1851 694 1884 hanc
713 1854 731 1883 ὰ
744 1852 860 1884 ViHore
873 1849 994 1893 Augusto
999 1856 1134 1893 gratiam

238 1910 328 1943 petat
350 1925 361 1940 ,
398 1910 431 1934 ut
453 1907 484 1933 in
508 1902 698 1935 Occidentem
721 1909 841 1934 veniam
860 1927 870 1941 ,
909 1900 1004 1941 ibique
1029 1901 1048 1930 ᾶ
1076 1902 1136 1930 Deo

239 1950 414 1989 eharifflmls
435 1961 470 1982 ac
481 1950 671 1988 sancltffimis
684 1949 823 1991 Episcopi
832 1950 969 1990 judicer.
998 1950 1042 1979 Et
1053 1947 1079 1987 fi
1088 1948 1138 1979 vel

240 2001 397 2038 minimum
407 2002 427 2031 ἃ
435 1999 509 2040 fidei
521 2000 625 2041 regula
638 2000 786 2040 deflec‘lere
802 2000 909 2032 videar
924 2021 933 2036 ,
959 1998 1085 2036 dejiciar
1105 2003 1137 2027 in

240 2051 373 2081 medium
383 2049 567 2089 profundum
579 2054 674 2079 maris
687 2072 693 2079 .
724 2049 818 2090 ,Quod
829 2046 858 2086 fi
876 2048 924 2077 his
935 2045 1074 2086 precibus·
1090 2055 1137 2074 ve-

239 2097 310 2138 stris
325 2109 382 2130 non
403 2098 489 2129 cedat
499 2120 510 2136 ,
538 2095 679 2129 habitare
701 2108 746 2128 me
756 2093 865 2137 saltem
869 2094 980 2135 jubeat
991 2099 1022 2126 in
1036 2096 1138 2124 Mona-

239 2147 328 2187 flerio
348 2146 456 2187 nostro,
486 2147 565 2189 quod
585 2147 705 2188 quidem
729 2148 750 2178 ἃ
776 2143 895 2186 cyrenss
912 2150 1040 2177 civitate
1061 2141 1135 2181 abest

243 2197 375 2230 millibus
386 2198 687 2239 centum&vigmti.
716 2194 1006 2238 Supplicatunum
1027 2192 1135 2226 edum

244 2246 332 2280 bus:
362 2248 431 2279 Aut
455 2246 535 2279 solvi
556 2245 834 2288 circumscriptum
860 2243 997 2278 exilium
1017 2256 1033 2283 ·‚
1061 2242 1136 2275 licet

243 2307 315 2330 non
330 2295 442 2339 plene,
471 2296 584 2329 saltem
608 2295 717 2337 quoad
736 2294 932 2327 vRomanum
955 2293 1111 2326 accessum
1128 2315 1138 2330 ,

243 2348 278 2380 ἀ
308 2345 468 2379 Romanae
497 2344 724 2386 appellationis
760 2343 1054 2390 prosecutionem3
1082 2352 1136 2384 aut

244 2394 332 2428 certe
351 2395 442 2438 quta
456 2395 663 2436 Imperatoris
674 2394 824 2427 Gratiani
840 2417 851 2432 ‚
877 2392 1002 2436 abipso
1023 2391 1136 2425 Theo-

246 2445 342 2479 dosio
362 2444 609 2483 confirmatam,
636 2442 676 2476 de
701 2442 886 2486 degradatis
912 2442 1081 2485 Episcopis
1099 2442 1135 2474 le-

247 2506 344 2540 gem,
373 2494 506 2538 relegari
529 2494 548 2526 ὲ
568 2495 660 2536 Cyro
673 2493 713 2526 ad
728 2503 861 2526 centum
885 2491 1007 2525 millia:
1035 2490 1138 2525 Habi-

247 2555 318 2579 tare
340 2557 378 2578 ac
400 2546 526 2578 latitare
547 2544 580 2576 in
604 2543 664 2576 suae
689 2541 890 2585 professionis
911 2541 1136 2575 Monasserio.

249 2595 419 2638 Supplicat
434 2594 517 2628 banc
530 2593 642 2627 saltem
665 2593 720 2626 sibi
734 2593 801 2626 fieri
823 2592 963 2635 gratiam
975 2616 982 2623 .

305 2647 346 2678 Et
368 2656 434 2678 non
456 2645 564 2687 aliqua
589 2643 766 2686 Synodus,
793 2643 845 2675 sed
871 2642 955 2675 solus
966 2643 1026 2674 suae
1045 2641 1137 2675 Sedis

250 2693 450 2729 authoritate
471 2694 617 2738 Magnus
628 2692 697 2726 Leo
708 2692 924 2739 appellantem
945 2690 1136 2725 Theodore-

249 2757 321 2779 tum
342 2745 532 2783 exaudivit,
561 2755 598 2777 ac
618 2742 780 2776 revestivit
809 2767 815 2775 .
845 2742 951 2776 Lucet
980 2753 1021 2774 ex
1047 2742 1136 2775 Actis

250 2794 527 2829 Chalcedonensis
540 2793 666 2836 Synodi
679 2817 687 2825 .
714 2791 847 2826 Etenim
859 2794 891 2824 in
906 2792 1008 2835 prima
1030 2792 1135 2825 statim

251 2845 319 2887 ejus
339 2846 479 2878 Aetione
489 2843 705 2888 gloriosissimi
727 2842 856 2885 Juclices
869 2840 1061 2875 edixerunt:
1088 2846 1133 2874 ln-

249 2896 407 2939 grediatur
419 2896 452 2928 (τ
466 2894 726 2933 Reverendiffimus
739 2891 904 2935 Episcopus
917 2891 1112 2924 Theodoretus
1127 2914 1137 2929 ,

253 2954 286 2976 ut
291 2943 329 2984 fit
335 2950 486 2985 particeps
498 2945 600 2982 synoda·
613 2968 622 2982 ‚
650 2950 722 2985 quia
743 2941 915 2981 &restituit
937 2940 1123 2983 eiEpiseopa

253 3004 319 3026 rum
339 2994 387 3025 55.
402 2991 664 3035 Archi-Episcopus
680 2996 752 3025 Leo.
784 2993 836 3026 Ad
850 2993 938 3034 quod
968 2991 1138 3031 Edictum,

253 3044 287 3077 δε
309 3042 478 3086 praesertim
502 3043 541 3075 ad
553 3042 622 3084 ejus
633 3044 744 3086 vigore
763 3042 968 3076 subsecutum
980 3041 1136 3075 Theodo-

254 3094 315 3128 reti
341 3094 517 3137 ingressum
529 3092 608 3124 facta
620 3092 663 3124 est
678 3094 761 3126 inter
776 3093 953 3134 Episcopus
972 3091 1050 3125 dura
1062 3104 1137 3125 con-

254 3144 381 3177 tentio.
411 3142 542 3175 Etenim
557 3140 738 3185 AEgyptii‚
765 3141 965 3184 Illyriciani,
989 3153 1029 3175 ac
1050 3142 1137 3183 Pale-

255 3192 589 3228 stiniclamaverunt:
617 3189 820 3232 Miseremini,
840 3192 1022 3233 fidesperit‘.
1052 3191 1138 3228 Illum

257 3248 396 3276 Canones
419 3244 561 3281 ejiciunt.
591 3245 676 3273 Hunc
690 3240 778 3282 foras
799 3248 911 3274 mittite
936 3266 942 3272 .
966 3242 1139 3285 Magistrum

258 3292 479 3334 Nesloriiforas
491 3296 621 3323 mittite.
651 3290 696 3322 At
720 3289 795 3323 vero
821 3291 1027 3332 Orientales,
1053 3292 1141 3325 Pon-

258 3345 338 3385 tici,
366 3342 525 3381 Asiatici,
552 3341 585 3374 &
607 3339 755 3374 Thraces
773 3343 954 3374 clamarunt
967 3343 1000 3375 iu
1012 3352 1139 3376 contra-

358 3392 463 3435 christ.
477 3395 554 3435 Lupz¹
562 3395 660 3432 opera
671 3393 793 3423 T.V111.

1886 181 1980 225 349

1174 247 1274 280 rium:
1304 250 1373 279 Nos
1396 251 1430 278 in
1443 255 1526 288 pura
1536 248 1884 294 chartasubscripfimus.
1912 254 1991 296 Caefi
2001 254 2055 299 su.

1172 308 1258 337 mus,
1283 297 1317 329 ἕο·
1332 299 1382 329 ita
1397 295 1635 339 fitbscrtpfimus.
1664 302 1843 345 Manicbaeos
1856 303 1948 344 foras
1960 308 2055 337 mim·

984 345 1115 389 Utique
1173 355 1201 379 te
1222 371 1233 386 ,
1260 352 1392 379 inimicos
1412 349 1564 381 Flaviani
1577 347 1667 389 foras
1686 358 1798 385 mittite
1820 377 1826 384 .
1856 352 2054 396 Adversarioe

1169 397 1243 440 fidei
1246 396 1335 438 foras
1346 402 1477 430 mittite.
1504 397 1700 438 Clamarunt
1721 403 1751 434 se
1770 402 1804 435 in
1825 401 2029 438 Theodoreti
2042 427 2055 444 ,

1174 459 1212 481 ac
1223 447 1362 480 aliorum
1379 447 1616 490 Episcoporum
1636 448 1879 490 damnationem
1893 464 1960 489 non
1976 465 2056 487 con·

1176 497 1322 536 senfifle,
1349 497 1400 530 sed
1427 497 1566 532 fustibus
1587 497 1627 531 ad
1654 509 1730 542 puta
1751 499 1784 532 in
1797 499 1906 536 charta
1927 503 2057 540 subscri-

1177 545 1320 580 bendum
1334 547 1428 580 fuisse
1439 549 1627 590 compulsos
1637 570 1646 585 ,
1662 547 1802 592 ideoque
1811 547 2056 587 damnationem

1177 597 1269 631 fuisse
1293 596 1416 630 nullius
1436 597 1602 640 ponderis.
1631 597 1843 633 Postularunt
1866 611 1934 638 non
1945 600 2060 639 Theo-

1177 648 1349 686 dorecutm
1376 646 1429 680 sed
1444 646 1519 689 ejici
1534 647 1796 691 Eutychianos,
1824 649 1937 692 utpote
1960 661 2061 685 novos

1179 695 1393 730 Ma‘nichaeos.
1422 694 1659 732 Contentionis
1680 700 1818 734 radicem
1832 700 1976 742 aperitin
1990 701 2064 733 Bre-

1179 747 1283 779 viario
1294 746 1465 780 Liberatus
1481 760 1488 779 :
1514 748 1609 780 soluto
1626 749 1772 791 Ephefino
1795 752 1923 783 Concillo
1935 774 1945 790 ,
1972 752 2006 784 ὁ·
2023 751 2068 787 ad
2082 750 2154 788 Cap·
2169 759 2213 779 1²·-

1176 794 1246 839 suas
1273 797 1359 829 sedes
1383 797 1504 839 reverfis
1527 797 1687 840 Episcopis
1700 824 1710 841 ‚
1731 799 1818 842 seiffio
1831 800 1924 841 fabia
1941 799 1979 838 est
1990 806 2065 835 inter·

1180 858 1226 879 eos
1246 870 1255 884 ,
1280 848 1379 888 qualis
1402 850 1493 879 antea
1515 850 1672 890 nunqua‘m
1697 856 1857 893 contigerat
1876 875 1882 884 .
1908 852 2067 894 AEgyptit‘,

1180 896 1307 929 Thraces
1320 921 1331 936 ,
1358 898 1392 930 ὦ·
1406 897 1556 937 Palaestini
1570 901 1600 930 E
1598 897 1710 941 pisi-opi
1730 898 1898 941 Dioscorum
1905 899 2067 943 sequeban-

1182 956 1251 987 tur3
1280 948 1471 987 Orientales,
1498 950 1637 988 Pontici,
1664 951 1698 982 Θ
1724 949 1840 989 Asiani,
1867 950 1985 982 sanc‘lae
2011 962 2067 984 me·

1183 1002 1283 1028 moriae
1298 997 1484 1029 Flavianum
1498 1022 1504 1029 .
1532 997 1608 1032 Post
1623 1000 1759 1032 multam
1772 1000 2068 1044 igiturcontentio-

1187 1057 1260 1077 nem
1272 1046 1401 1089 gloriosi
1425 1047 1555 1089 Judices
1577 1049 1780 1091 perstiterunt
1806 1050 1840 1083 in
1863 1051 1920 1084 suo
1932 1048 2068 1089 Edicto:

1185 1093 1382 1128 Theodoretus
1409 1099 1669 1138 Reverendiffimus
1691 1098 1854 1142 Episcopus
1876 1124 1887 1141 ‚
1912 1092 2070 1142 pioprtum

1186 1150 1330 1185 recipiens
1351 1146 1444 1177 Iocum
1464 1149 1484 1179 ἆ
1504 1150 1553 1179 55.
1577 1147 1720 1191 Episcopo
1731 1152 1842 1188 inclytae
1854 1150 1934 1182 urbis
1947 1154 2048 1185 Romae
2061 1173 2072 1189 ‚

1187 1201 1219 1227 in
1243 1195 1333 1227 locum
1354 1205 1429 1226 nunc
1443 1195 1624 1237 Accusator-is
1638 1201 1776 1242 ingressus
1800 1199 1853 1239 est.
1881 1201 1963 1233 Unde
1970 1200 2073 1241 patia-

1188 1250 1262 1277 mini
1283 1255 1339 1282 ea,
1365 1255 1432 1285 quae
1445 1244 1581 1277 inchoata
1587 1244 1684 1287 sunt,
1705 1247 1811 1287 finiri,
1838 1259 1873 1280 ne
1899 1251 1999 1291 aliqua
2011 1261 2074 1281 con-

1184 1293 1260 1335 fufio
1284 1294 1361 1326 Audi
1369 1300 1441 1325 torio
1458 1294 1533 1335 fiat.
1562 1297 1776 1335 Fra-judicium
1798 1302 1876 1329 enim
1891 1309 1928 1336 ex
1946 1295 2075 1340 persona

1191 1344 1428 1383 Reverendiffimi
1440 1343 1578 1386 Episcopi
1591 1345 1762 1379 Theodora-ti
1773 1347 1847 1379 nulli
1863 1348 2054 1389 generabitur
2066 1362 2077 1381 .-

1194 1391 1362 1437 Reservata
1386 1395 1524 1428 videlicet
1541 1395 1604 1436 post
1624 1395 1797 1433 baeeomni
1817 1396 2015 1441 accusatione,
2044 1398 2078 1439 (μ’

1193 1445 1277 1479 vobis
1301 1447 1335 1480 (⁰5
1356 1447 1403 1478 illi
1421 1470 1431 1487 ,
1458 1448 1492 1481 eb·
1509 1457 1577 1491 quae
1598 1451 1730 1491 invicem
1750 1459 1882 1482 exercere
1906 1448 2079 1487 volueritis,

1192 1502 1262 1540 quia
1283 1498 1394 1533 ree‘lam
1414 1499 1612 1543 tenetfidem.
1641 1499 1816 1533 Affirmant
1837 1500 1931 1532 illurn
1958 1509 2024 1531 non
2037 1510 2080 1537 ex

1195 1549 1288 1592 plena
1309 1549 1409 1582 eausae
1429 1550 1651 1584 retractatione
1674 1551 1764 1584 fuisse
1791 1549 1807 1582 ὲ
1828 1550 1958 1594 Magno
1969 1549 2082 1583 Leone

1195 1597 1322 1643 integre
1354 1609 1534 1641 reparatum
1559 1623 1570 1638 ,
1596 1600 1647 1634 sed
1678 1601 1850 1638 summaria
1884 1599 2080 1647 cognitione

1194 1647 1364 1683 dumtaxat
1393 1649 1608 1682 revestitum:
1638 1650 1911 1690 Retrassatorium
1944 1659 2080 1687 examen

1195 1711 1231 1733 ac
1252 1699 1458 1733 definitivum
1478 1699 1639 1742 judicium
1664 1701 1728 1734 esse
1744 1700 1762 1734 ὲ
1784 1701 1946 1735 Pontifice
1959 1700 2083 1734 remissa

1195 1749 1235 1783 ad
1250 1748 1421 1791 Synodum
1436 1773 1448 1790 ,
1474 1749 1508 1783 &
1522 1751 1579 1784 suo
1596 1751 1672 1784 loco
1697 1762 1734 1784 ac
1748 1760 1895 1795 tempore
1905 1749 2063 1793 explenda
2075 1774 2082 1784 .

1195 1801 1323 1833 Omnes
1344 1798 1543 1834 audiendos.
1573 1799 1708 1834 Interim
1721 1802 1797 1835 vero
1821 1799 1998 1844 parendum
2023 1800 2086 1834 effe

1196 1849 1347 1883 Decretis
1373 1850 1518 1883 Romani
1543 1849 1717 1894 Episcopi.
1746 1851 1788 1885 Et
1809 1852 1871 1885 fuit
1897 1849 2084 1885 obeditum.

1197 1898 1434 1933 Theodoretus
1455 1900 1518 1933 fuit
1543 1901 1700 1934 admissus
1721 1900 1762 1935 ad
1791 1902 1985 1935 Confessum
2010 1926 2016 1933 .
2043 1900 2087 1939 Et

1198 1947 1383 1980 orientales
1397 1948 1466 1989 ejus
1479 1948 1625 1991 Collegae
1638 1962 1678 1982 ex
1692 1949 1799 1984 cordis
1809 1952 2009 1986 abundantia
2032 1952 2091 1984 ite-

1199 1997 1269 2029 rum
1280 1997 1531 2030 exclamarunt.-
1560 2001 1700 2041 Dignus,
1727 2001 1860 2043 Degnus.
1891 2001 1975 2047 Qrae
1994 2011 2089 2038 voces

1197 2046 1382 2077 excitarunt
1407 2044 1564 2078 invidiam
1592 2069 1602 2084 ,
1636 2049 1802 2091 novasque
1835 2052 2090 2091 contentiones,

1200 2093 1515 2127 velexclamationes
1528 2095 1559 2126 in
1575 2095 1718 2129 invicem
1733 2121 1740 2128 .
1770 2098 1880 2147 Quare
1904 2099 2090 2146 gloriosiffi·

1182 2143 1242 2176 *mi
1265 2143 1395 2188 Judices
1421 2144 1537 2177 iterum
1552 2143 1748 2182 edixerunt.-
1775 2145 2003 2183 acclamationes
2025 2148 2087 2192 istae

1199 2195 1359 2235 Populares
1373 2195 1466 2235 neque
1478 2193 1638 2235 Episcopos
1651 2197 1751 2228 decent
1763 2220 1774 2236 ,
1801 2200 1893 2240 neque
1907 2202 2016 2233 Partes
2035 2201 2088 2241 ju·

1198 2252 1277 2276 vam
1292 2269 1299 2275 .
1327 2246 1496 2276 Patiamini
1514 2247 1583 2287 ergo
1600 2245 1848 2286 fterilellionem.
1875 2248 1917 2282 Et
1940 2249 2085 2283 rursum:

1199 2297 1299 2336 Magis
1319 2292 1492 2336 acquiescite
1508 2293 1670 2335 secundum
1699 2299 1792 2328 Deum
1803 2299 1986 2331 audientiam
1992 2300 2061 2342 fleri
2075 2325 2087 2341 ‚

1196 2345 1406 2384 &permittite
1417 2343 1685 2386 omniasecundi'cm
1703 2347 1835 2379 ordinem
1854 2347 2012 2391 recenseri.
2042 2351 2086 2384 Et

1198 2403 1278 2427 tunc
1313 2392 1444 2427 tandem
1472 2393 1632 2429 Romano
1670 2393 1800 2441 judicio
1838 2408 1955 2434 omnes
1991 2399 2083 2443 plen&

1197 2444 1448 2486 acquieverunt.

1246 2493 1326 2526 Hoc
1348 2492 1584 2528 revestitorium
1621 2493 1784 2537 judicium
1806 2508 1846 2531 an
1874 2498 1945 2533 Leo
1968 2498 2002 2532 in
2027 2499 2086 2533 suo

1197 2541 1403 2585 Presbyterio
1431 2544 1567 2584 fecerit,
1593 2555 1633 2578 an
1648 2545 1680 2578 in
1692 2546 1798 2590 aliqua
1823 2548 1884 2581 suae
1903 2548 2085 2583 Provincia

1197 2592 1336 2633 synodo
1351 2604 1418 2627 non
1433 2593 1544 2635 possim
1565 2593 1785 2630 demonstrare
1799 2621 1806 2629 .
1834 2598 1930 2632 Certe
1947 2599 2025 2632 fecit
2047 2600 2083 2634 in

1197 2644 1368 2676 alterutro.
1395 2643 1538 2677 Forsitan
1554 2647 1586 2677 in
1601 2645 1760 2687 Syn'odo‚
1786 2658 1848 2690 qua
1861 2647 2084 2682 circumduxit

1199 2693 1379 2727 Latrocinii
1408 2694 1489 2730 Acta
1503 2717 1513 2732 ‚
1541 2695 1573 2728 &
1596 2706 1656 2737 qua
1669 2697 1830 2731 revestivit
1852 2699 2003 2733 Sanctum
2015 2698 2084 2733 Fla-

1198 2754 1349 2776 vianum.
1414 2744 1548 2787 uidquid
1562 2745 1768 2787 sitjndicium
1794 2747 1964 2794 Rescripto
1984 2750 2081 2783 trans-

1197 2791 1332 2827 mifitad
1344 2793 1617 2828 Theodoretum.
1649 2796 1690 2828 Et
1713 2795 1787 2830 licet
1802 2798 2007 2841 Rescriptum
2032 2810 2085 2841 pe-

1198 2844 1286 2876 rierit
1312 2867 1322 2882 ,
1346 2843 1393 2876 sui
1415 2854 1523 2877 tamen
1547 2844 1660 2886 judicii
1683 2845 1840 2880 Pontifex
1874 2849 2026 2883 meminit
2045 2848 2080 2886 in

1197 2893 1269 2926 aliis
1290 2893 1328 2925 ad
1351 2891 1607 2927 Theodoretum
1632 2895 1766 2937 litteris,
1793 2897 1857 2938 jam
1880 2897 1974 2941 plene
1996 2910 2082 2941 repa-

1199 2954 1303 2975 ratum
1328 2953 1382 2984 per
1404 2944 1575 2985 Synodum
1601 2944 1925 2981 chalcedonensem:
1955 2950 2081 2982 Benedi-
2100 2958 2176 2999 Epist
2190 2971 2235 2997 93·

1197 2993 1260 3025 c‘lus
1275 2996 1354 3024 Deus
1370 2993 1478 3033 noster,
1506 2997 1590 3034 cujus
1603 2995 1786 3029 invincibilis
1812 3004 1928 3031 veritas
1944 2998 1985 3030 ab
2001 3005 2080 3032 omni
2098 3003 2172 3039 Cap·
2191 3011 2216 3036 5-

1198 3041 1326 3082 haerefios
1337 3043 1451 3075 macula
1462 3046 1601 3075 mundum
1613 3053 1640 3077 te
1649 3043 1808 3087 secundum
1820 3049 1903 3080 sedis
1917 3047 2079 3090 apostolica

1198 3094 1336 3129 iudicium
1350 3116 1360 3131 ,
1383 3093 1614 3131 demonstravit.
1644 3099 1701 3127 Cui
1723 3099 1847 3140 dignam
1869 3099 2006 3133 retribues
2022 3108 2078 3140 pro

1198 3153 1240 3176 tot
1251 3141 1398 3175 laboribus
1405 3149 1540 3186 gratiam
1552 3168 1562 3183 ,
1577 3142 1606 3184 fi
1613 3146 1702 3177 talem
1727 3155 1756 3179 te
1769 3170 1780 3186 ,
1806 3150 1920 3190 qualem
1936 3149 2079 3190 probavi-

1198 3205 1263 3225 mus
1276 3192 1474 3233 &probamus
1487 3216 1498 3231 ,
1520 3201 1577 3234 pro
1587 3194 1767 3237 universalis
1792 3197 1923 3239 Ecclefiae
1943 3197 2079 3239 defenfio-

1200 3254 1235 3276 ne
1244 3241 1433 3284 servaveris.
1464 3246 1497 3274 N
1501 3256 1550 3275 am
1562 3246 1642 3285 quod
1652 3248 1734 3278 Deus
1747 3253 1874 3280 omnium
1896 3246 2079 3285 calumnioso-

1199 3304 1265 3325 rum
1277 3290 1420 3332 fallacias
1440 3290 1532 3333 selvit
1547 3317 1557 3333 ,
1583 3300 1750 3328 maximam
1765 3299 1923 3337 Beatiffimi
1942 3300 2024 3330 Petri
2033 3310 2079 3334 cu-

1200 3354 1266 3375 ram
1273 3351 1330 3383 pro
1340 3342 1449 3375 cunc‘lt‘s
1462 3341 1543 3375 nobis
1554 3342 1755 3386 agnoscimus,
1783 3353 1836 3390 qui
1850 3347 2002 3389 postqudm
2010 3346 2075 3389 suae

1614 3394 1647 3427 G
1673 3405 1697 3439 g
1945 3398 2028 3429 5edis
