2326 3718
51 2236 126 2276 Cap.
146 2247 194 2276 13·
207 2255 261 2293 hu

831 136 1426 181 Ettrrcnerls.

1877 154 1967 198 303

209 218 379 264 quaestioni
398 226 467 251 non
483 217 546 251 effe
564 217 770 252 necessariam
782 217 1025 251 OEcumenicam
1037 216 1097 259 Sy·
1112 250 1117 260 ,
1158 225 1249 249 mum
1262 239 1269 246 .
1296 212 1352 247 Ad
1364 214 1432 258 ejus
1453 216 1543 250 enim
1557 240 1568 255 ,
1596 216 1862 254 Archi-Diaconi
1882 228 1962 255 tunc
1974 219 2041 254 Ro-

211 270 358 310 nodum,
386 265 525 310 ideoque
538 269 626 304 suam
639 266 754 302 Sedetn
775 266 933 300 sufficere.
962 268 1005 301 Et
1017 276 1095 300 ante

210 320 304 354 istam
323 316 575 360 appellationem
587 315 903 353 sanstusFlavianus
926 316 967 351 ad
988 318 1094 358 ipsum

210 368 372 410 scripserat
387 379 394 399 :
420 368 578 408 sandiffim
645 377 731 405 ater,
749 374 806 407 pro
826 365 960 409 consueta
981 366 1093 408 fiducia

205 412 384 459 fiducialiter
395 429 450 462 age
464 442 475 458 ‚
495 417 560 461 secu
604 429 652 451 um
671 417 753 459 quod
762 418 924 450 sacerdotio
936 423 1087 458 competit.

209 470 371 501 Decernere
381 469 604 501 damnationem
615 467 763 501 adversus
785 478 851 499 eum
861 467 1036 510 regulariter
1039 465 1093 507 fa-

208 517 287 549 llam
306 526 362 558 per
379 525 503 560 propria
514 521 631 559 scripta
642 518 767 560 dignare
777 541 784 549 .
814 520 859 550 Et
870 515 1035 558 confortare
1046 527 1084 548 no

205 566 259 607 stri
268 570 460 610 Imperatoris
483 566 591 607 sidem.
620 565 720 609 Causa
738 576 803 611 eget
807 566 986 610 solummodo
999 565 1093 604 vestro

205 614 330 659 solatio,
364 627 453 660 atque
465 615 644 658 defenfione,
673 628 731 659 qua
740 617 874 650 debeatis
886 614 1021 659 consensu
1027 623 1092 657 pro·

204 673 272 708 prio
284 668 329 701 ad
335 668 584 710 tranquillitatem
594 693 604 708 ‚
632 669 666 701 (ν
671 675 777 708 pacem
801 667 904 700 cunc‘la
910 667 1074 708 perducere
1086 690 1093 701 2

208 718 255 750 sic
265 716 380 758 baerefis
392 737 404 756 ,
422 717 456 750 et
468 717 563 750 rurbae
569 717 719 759 facillime*
730 717 912 756 destruentur
919 724 975 757 per
984 715 1094 756 vestras

203 765 414 809 sacratiffimas
439 767 557 799 litteras
582 791 588 798 .
615 768 828 801 Removebitur
852 768 887 801 (9·
908 767 1094 804 Concilium,

207 816 289 859 quod
303 815 371 857 fieri
392 818 567 860 divulgatur
590 842 597 849 .
626 817 723 852 Adeo
749 816 923 851 Flavianus
942 815 1093 850 credebat

209 867 317 900 Leoni
327 864 369 900 ad
379 865 469 900 istius
479 868 579 906 causae
591 868 848 902 retractationem
861 877 929 900 non
940 866 1003 900 esse
1015 876 1096 908 opus

207 916 420 951 OEcumenica
439 916 596 959 Synodo.
621 918 799 952 Profiterur
822 917 968 950 sufficere
989 917 1094 949 solum

208 966 332 1001 Leonis
345 967 570 1001 Sacerdotium
580 991 588 999 .
616 968 673 1001 Ab
684 967 744 1001 illo
755 965 953 1009 supplicabat
963 965 1096 998 decerni

206 1017 301 1049 suum
311 1014 468 1058 judicium
482 1017 574 1050 fuisse
584 1017 772 1061 regulariter
782 1017 911 1050 fastum.
934 1015 1014 1049 Hoc
1025 1013 1071 1047 est
1084 1036 1095 1052 ‚

206 1065 419 1100 confirmaris
431 1065 538 1099 „Certe
547 1067 626 1098 talia
637 1067 676 1098 ad
686 1066 790 1098 ullum
802 1063 1024 1098 patriarcham
1037 1074 1096 1097 nee

207 1113 329 1156 scripfit
338 1135 365 1153 Υ
377 1125 438 1147 nec
450 1113 586 1147 scribere
599 1115 707 1156 potuit
719 1138 726 1146 .
751 1112 897 1150 Proinde
906 1112 972 1148 haec
981 1114 1096 1151 omnia

202 1161 388 1198 fundantur
408 1173 477 1197 non
497 1164 533 1197 in
546 1163 741 1205 Eutychetis
765 1164 807 1198 ad
828 1163 934 1198 solum
944 1165 1095 1198 Leonem

200 1212 355 1257 alloquio
367 1237 378 1253 ‚
404 1212 504 1247 sedin
517 1212 859 1249 Leonis-sacerdotio:
886 1214 925 1248 In
946 1213 1014 1257 ejus
1029 1213 1096 1247 Ro-

207 1273 311 1297 mano
327 1262 476 1298 primatu
488 1288 497 1299 ,

257 1312 374 1347 Redeo
395 1314 436 1347 ad
457 1313 699 1356 Eutychetem.
726 1315 797 1350 Cur
815 1315 884 1359 ipse
906 1314 1098 1359 appellatio·

205 1373 284 1397 nem
293 1387 305 1404 ‚
331 1373 430 1406 qnam
441 1363 481 1397 ad
499 1373 562 1397 tres
572 1363 777 1399 patriarchas
789 1365 994 1408 interjecerat
1007 1389 1018 1405 ,
1037 1376 1098 1398 co·-

204 1422 277 1446 ram
289 1412 362 1447 solo
372 1411 487 1447 Leone
500 1413 623 1449 studuit
646 1415 875 1450 introducere?
903 1415 992 1456 Cur,
1017 1413 1097 1449 dum

208 1460 457 1496 Alexandriam.
474 1464 601 1497 acceffit
628 1488 640 1505 ,
673 1476 744 1499 non
770 1465 943 1509 postulavit
967 1466 1097 1500 causam

209 1512 305 1546 suam
317 1513 478 1547 retr-&nui
488 1513 507 1546 a
519 1513 685 1550 Dioscoro
695 1540 706 1557 ‚
723 1526 763 1549 ac
771 1516 827 1551 fibi
843 1527 895 1559 per
907 1515 1012 1558 ipsum
1030 1515 1099 1549 red-

205 1560 246 1595 di
255 1564 552 1598 communionem?
577 1565 698 1614 Qare-
718 1566 899 1600 Dioscorus
919 1565 1003 1600 istud
1028 1577 1097 1600 non

208 1612 385 1659 attentavit
397 1614 414 1645 ἒ
427 1614 519 1662 Qia
534 1625 671 1650 noverat
684 1616 770 1651 Ana
779 1617 824 1650 sui
837 1616 1020 1651 Decefforis
1030 1616 1099 1659 Cy-

204 1662 275 1695 rii-li
287 1685 299 1701 ‚
322 1662 382 1703 qui
388 1666 552 1705 grassante
566 1665 724 1701 Nestorio
736 1691 747 1707 ‚
773 1666 807 1701 δε
819 1678 874 1710 per
888 1667 1097 1702 Dorotheum

199 1711 583 1750 ‚Martiano-Politanum
607 1715 807 1760 Episcopum
826 1742 837 1758 ‚
862 1728 973 1751 coram
1002 1718 1034 1750 se
1063 1718 1097 1750 in

204 1762 307 1804 plena
330 1761 457 1805 Synaxi
474 1763 657 1806 dicentem,
687 1769 718 1799 si
740 1771 807 1810 quis
829 1771 962 1807 Mariam
987 1770 1098 1807 Deipa·

206 1822 276 1846 tam
286 1813 398 1855 dixerit
410 1829 422 1851 ·,
449 1813 611 1847 anathema
617 1815 656 1856 fit
670 1841 682 1857 ‚
709 1817 1009 1852 anathematizante
1027 1827 1099 1852 om-

205 1872 288 1895 nem
305 1860 504 1904 Ecclefiam,
530 1864 860 1910 Constantinopolim
880 1867 1046 1911 scripserat
1057 1865 1098 1901 ad

200 1911 319 1954 nescio
333 1923 439 1955 :quem
453 1914 634 1949 Amicum:
659 1918 750 1958 ,Quid
770 1918 895 1950 vetabat
918 1919 955 1950 6·
966 1928 1020 1950 nos
1031 1927 1099 1957 quo-

204 1961 266 2003 qu?
276 1962 394 1997 vocibus
405 1963 492 2001 illius.
512 1970 661 1998 contraria
681 1964 806 2008 scribere
819 1989 830 2006 ,
857 1968 891 2000 co·
905 1965 1002 2000 dicere
1026 1976 1099 1998 ana-

204 2009 328 2052 thema,
353 2015 385 2046 si
401 2017 468 2055 quis
493 2015 628 2047 Mariam
652 2019 820 2057 Deiparam
835 2016 887 2059 effe
908 2022 1069 2060 negaverit
1083 2016 1099 2047 ,ἓ

204 2062 318 2093 Verum
330 2062 366 2094 id
375 2061 515 2095 banerias
525 2070 648 2104 propter
659 2065 744 2097 illum
749 2064 856 2106 facere
869 2067 970 2103 nolui,
996 2075 1033 2097 ne
1039 2064 1099 2104 fini

208 2114 262 2151 qui
278 2108 459 2154 Episcopum
481 2112 724 2146 Alexandrinum
738 2138 748 2154 ,
776 2115 997 2157 AEgyptiamve?
1019 2114 1101 2150 Syno-

207 2159 498 2196 dumsanatbematis
516 2160 698 2204 [bntentiaerm
718 2169 752 2196 in
763 2163 931 2204 Nestorium
949 2163 1044 2206 tulisse
1053 2164 1099 2196 di-

207 2218 281 2245 cam
291 2228 307 2245 ‚2
317 2210 433 2258 „Quod
457 2212 575 2254 nempe
587 2213 833 2247 Alexandrinus
844 2211 1031 2248 Patriarcha
1053 2214 1101 2246 ni-

288 2260 459 2302 potestatis
483 2259 603 2295 habeat
629 2261 664 2295 in
678 2260 879 2296 Thracicam
900 2263 1097 2297 Dioecefirn.

208 2305 328 2343 Exstat
338 2308 476 2351 epistola
485 2309 521 2342 in
533 2310 635 2353 prima
649 2301 749 2355 barte
762 2310 914 2355 Ephefini
928 2311 1075 2346 Concilii
1090 2335 1098 2343 .

209 2357 396 2392 Dioscorus
424 2356 503 2392 item
526 2369 664 2394 noverat
687 2360 772 2396 Aeta
792 2363 839 2395 sui
860 2361 1099 2396 Praedecessoris

209 2405 400 2451 Theophili
414 2431 424 2448 ‚
453 2408 510 2451 qui
531 2409 573 2443 ad
594 2410 748 2444 Sanctum
767 2411 928 2453 Ioannem
954 2411 1098 2454 Chryso-

210 2458 355 2492 stomum
368 2481 384 2497 ,
405 2456 468 2491 suae
487 2459 590 2492 causae
605 2460 841 2503 cognoscenda»,
857 2462 1043 2505 delegatum
1057 2458 1098 2494 ab

211 2510 410 2551 Imperatore
422 2507 568 2542 Arcadio
579 2533 591 2548 ,
599 2508 721 2553 scripsit
732 2522 740 2542 :
771 2510 903 2544 Arbitror
913 2520 944 2544 te
954 2522 1011 2543 non
1021 2518 1099 2554 igno.

211 2566 279 2592 rare
293 2582 305 2598 ,
331 2559 407 2601 quid
410 2562 597 2601 praeclpiant
610 2564 735 2593 Nicaeni
746 2563 885 2593 Canones
896 2585 906 2600 ,
930 2560 1098 2604 sancientes

210 2606 394 2650 ,Episcopum
414 2621 472 2642 non
476 2610 620 2650 judicare
642 2609 762 2653 causam
773 2612 851 2644 citra
860 2618 999 2644 terminos
1004 2610 1074 2653 [ἕως
1085 2637 1092 2644 .

213 2657 244 2691 Si
255 2667 352 2692 autem
363 2665 483 2702 ignoras
495 2683 507 2701 ‚
533 2658 629 2702 disce:
657 2662 702 2693 Et
719 2660 833 2694 libellos
844 2671 945 2695 contra
956 2672 1002 2694 me
1009 2659 1099 2704 susci-

209 2716 281 2751 pere
304 2708 417 2751 define.
445 2709 490 2745 Et
506 2708 642 2743 sanetus
666 2711 809 2753 Joannes
832 2712 996 2754 acquievit
1021 2736 1028 2743 .
1056 2712 1100 2745 Et

215 2759 328 2793 eadem
349 2759 548 2803 exceptione
571 2759 746 2802 postmodo
767 2762 841 2795 usus
865 2763 928 2796 fuit
951 2761 1101 2796 adversus

207 2807 404 2852 ·Theophili
434 2808 608 2844 Attentata
633 2810 668 2843 in
690 2810 830 2853 synodo
851 2812 892 2848 ad
915 2810 1101 2859 Qercum.

216 2855 279 2892 Ista
292 2859 427 2902 epistola
448 2858 552 2893 exstat
574 2860 610 2894 in
622 2860 772 2905 Dialogo
791 2861 937 2896 Palladii
949 2862 1103 2896 Heleno-

209 2908 360 2951 *politani
381 2909 536 2953 Episcopi
559 2921 634 2944 cum
657 2910 846 2945 Theodoro
866 2912 1021 2947 Diacono
1033 2912 1104 2946 Ro·

215 2966 322 2991 manae
334 2953 482 2991 Ecclefiae
494 2983 501 2990 .
527 2958 684 2995 Similiter
700 2961 870 3004 Eutyches
884 2973 1018 2999 noverat
1032 2985 1046 3002 ,
1070 2963 1103 2996 &

217 3008 283 3041 suis
302 3007 409 3040 oculis
422 3007 544 3042 viderat
557 3033 571 3048 ‚
593 3011 684 3054 quod
698 3012 846 3046 laudatus
857 3013 937 3056 Joan
944 3023 999 3046 nes
1013 3013 1102 3046 suam

217 3056 260 3091 ad
286 3055 379 3090 mille
390 3075 394 3078 v
405 3057 586 3102 Episcopos
612 3060 812 3104 interjetstam
848 3063 1101 3106 appellationem

217 3104 395 3151 postmodo
407 3105 627 3143 introduxerit
636 3121 745 3146 coram
759 3113 830 3147 solo
842 3112 929 3156 Papa
940 3114 1103 3147 Innocen-

218 3157 267 3190 tio
295 3181 301 3188 .
331 3156 444 3191 Etiam
471 3168 608 3193 noverat
631 3183 643 3198 ,
667 3160 701 3194 ἃ.
727 3163 851 3197 viderat
880 3162 1101 3197 patriarcham

215 3206 412 3241 Nestorium
423 3207 517 3241 fuiffe
529 3207 722 3243 damnatum
742 3209 761 3243 a
775 3213 846 3246 solo
861 3212 904 3246 Pa
910 3225 948 3256 pa
961 3212 1102 3247 Caelesti-

219 3268 267 3291 no
279 3282 286 3289 .
314 3256 358 3291 Et
369 3256 541 3292 damnatos
553 3257 594 3292 ab
605 3259 676 3301 ipso
689 3259 835 3296 Clericos
844 3264 884 3298 ad
895 3261 984 3298 hunc
996 3264 1102 3297 solum

221 3307 427 3350 provocasse,
452 3307 488 3341 &
500 3308 595 3341 fuiffe
614 3308 803 3345 solemniter
815 3335 828 3352 ‚
852 3324 890 3347 ac
911 3313 1005 3357 plene
1018 3325 1104 3357 repa<

220 3363 307 3391 ratos
330 3381 338 3390 .
368 3356 515 3392 Noverat
541 3355 724 3393 primatum
749 3360 909 3396 Rornanae
937 3363 1099 3398 Ecclesiae.

221 3405 368 3445 Noverat
387 3407 658 3443 &averfiffimum
680 3408 804 3446 Leonis
826 3413 846 3448 a
859 3411 1013 3449 Nestorio
1034 3414 1098 3449 ani·

326 3454 430 3496 Christ.
442 3461 521 3502 Lupa·
536 3463 632 3502 Opera
652 3462 686 3492 T.
698 3463 780 3494 Vm.

1112 309 1119 368 l

1158 275 1260 298 manae
1275 264 1421 299 Ecclefiae
1433 289 1444 305 ,
1468 265 1585 309 jurium
1599 266 1737 306 Ioannes
1749 270 1916 304 Caffianns
1932 269 2043 309 ‚Con-

1156 314 1454 358 stantinopolitanae
1476 315 1560 349 olim
1573 313 1719 351 Ecclefiae
1738 319 1794 352 sub
1808 322 1925 355 Sancto
1936 319 2041 362 Joan-

1159 376 1200 398 ne
1213 364 1451 407 Chrysostomo
1462 364 1636 407 Presbyter
1647 388 1658 404 ,
1684 371 1905 410 composuerat
1917 370 2039 413 septem

1158 414 1393 450 eruditissimos
1413 415 1513 450 libros
1534 424 1650 450 contra
1675 414 1861 452 Nestorium
1876 433 1886 452 .·
1914 420 2041 462 Etpro-

1158 475 1226 507 pter
1248 466 1333 509 ipsos
1360 466 1432 500 Leo
1453 465 1546 499 illum
1566 490 1577 505 ,
1597 465 1616 498 a
1636 464 1931 510 Semi-pelagianis
1943 469 2039 502 avul-

1158 516 1226 548 sum
1237 537 1248 553 ,
1275 515 1459 550 reddiderat
1477 517 1578 559 plenae
1589 515 1697 560 gratiae
1710 515 1938 551 Romanorum
1951 519 2040 552 Pon-

1157 567 1283 598 tificum
1296 590 1303 597 .
1333 565 1499 608 Eutyches
1511 566 1590 600 item
1604 577 1672 599 non
1685 564 1856 599 dubitabat
1879 566 1919 599 de
1931 567 2041 603 Sancti

1157 614 1282 648 Leonis
1293 616 1327 649 in
1342 617 1374 649 se
1386 617 1612 650 benevolentia
1623 641 1630 648 .
1656 615 1795 657 Propter
1811 626 1947 658 nuperas
1958 617 1997 649 ad
2010 618 2041 650 se

1158 663 1296 698 litteras.
1323 666 1433 699 Etiam
1447 677 1580 699 noverat
1596 665 1780 710 generalem
1793 665 1966 708 synodum
1978 666 2043 700 effe

1157 725 1224 747 rem
1246 716 1360 759 magni
1387 716 1569 750 moliminis
1594 728 1605 747 .·
1631 715 1829 750 Faciliorern
1866 715 2041 756 invocari,

1156 763 1255 805 quum
1274 766 1455 808 impetrari.
1485 766 1548 799 Hae
1570 766 1671 809 igitur
1694 766 1770 798 sunt
1791 765 1933 800 rationes
1958 790 1970 806 ‚
1995 764 2042 800 ob

1157 824 1236 855 quas
1259 815 1425 858 Eutyches
1445 815 1560 850 debuit
1573 839 1583 855 ‚
1611 826 1648 847 ac
1671 815 1787 848 maluit
1801 817 1889 850 suam
1902 815 2045 859 appella·

1157 865 1283 898 tionem
1303 866 1509 900 introducere
1532 864 1572 900 ad
1584 864 1752 898 Tribunal
1774 866 1873 899 solius
1895 866 2041 900 Leonis.

1157 914 1308 956 Sperabat
1319 916 1353 949 &
1366 917 1398 950 se
1407 941 1418 956 ‚
1446 916 1480 950 δε
1493 915 1688 950 Flavianum
1701 913 1743 949 ab
1752 914 1822 957 ipso
1833 916 2017 949 tractandos
2028 939 2042 955 ‚

1156 964 1325 1004 quomodo
1347 966 1381 1002 &
1405 965 1617 1006 Nestorium,
1643 965 1676 999 δε
1700 963 1874 999 damnatos
1900 965 1941 998 ab
1972 965 2042 1008 ipso

1159 1011 1304 1048 Clericos
1315 1016 1437 1049 trastari
1450 1015 1572 1050 viderat
1583 1015 1601 1048 a
1613 1015 1733 1050 Sanno
1744 1014 1920 1050 Caelestino
1931 1039 1938 1047 .
1961 1015 1986 1049 P
1994 1026 2047 1048 or-

1157 1061 1195 1095 τό
1216 1061 1409 1098 Romanum
1437 1064 1622 1099 Primatum
1650 1065 1797 1109 profiteri
1824 1073 1954 1110 oportet
1973 1076 2043 1099 non

1158 1110 1258 1147 verbo
1269 1113 1425 1158 &lingua
1437 1138 1449 1154 ,
1477 1113 1531 1149 sed
1540 1126 1635 1158 opere
1658 1114 1693 1148 <Sc
1703 1116 1836 1149 veritate
1846 1140 1854 1147 .
1878 1114 1971 1161 Qid
1984 1114 2045 1149 fibi

1159 1162 1274 1196 volunt
1285 1162 1353 1197 haec
1367 1163 1462 1196 verba
1476 1165 1493 1195 ,ἓ
1518 1167 1577 1198 Leo
1587 1164 1737 1198 eminebat
1750 1163 1812 1205 fine
1826 1163 2042 1206 controversia.

1159 1213 1251 1254 quue
1266 1214 1338 1252 jure
1359 1212 1533 1255 multiplici.
1560 1213 1692 1247 Tenebat
1705 1216 1874 1247 Primatum
1887 1214 2022 1255 Ecclefiae
2035 1239 2044 1248 .

1158 1265 1240 1296 Erae
1251 1271 1341 1304 caput
1353 1268 1444 1294 totius
1461 1264 1583 1299 synodi.
1612 1262 1753 1296 Etenim
1768 1261 1791 1295 fi
1818 1263 1836 1296 a
1847 1262 1990 1305 Synodis
2003 1264 2046 1298 ad

1158 1311 1283 1355 Papam
1293 1311 1446 1355 appellari
1459 1321 1528 1346 non
1541 1312 1636 1355 poffic
1647 1336 1657 1351 ‚
1683 1311 1795 1354 &ipse
1806 1314 1901 1355 super
1910 1322 1963 1346 eas
1977 1324 2046 1347 non

1157 1359 1276 1396 habeat
1302 1363 1506 1405 potentiam,
1529 1360 1575 1395 est
1598 1360 1725 1395 Primas
1745 1361 1780 1395 ὅ(
1791 1360 1900 1404 Caput
1914 1362 1981 1396 fine
1991 1374 2047 1397 au-

1158 1411 1333 1447 thoritate:
1361 1412 1488 1449 primas
1509 1411 1664 1455 &Caput
1687 1410 1758 1444 solo
1781 1411 1858 1445 loco
1880 1412 1915 1445 &
1940 1411 2055 1447 hono--

1159 1474 1214 1497 re.
1245 1462 1290 1496 Et
1316 1460 1380 1496 hoc
1406 1462 1452 1496 est
1480 1461 1615 1506 Dogma
1643 1459 1834 1495 Eusebianae
1858 1461 2046 1503 Factionis,

1159 1511 1320 1551 photiani
1342 1510 1523 1548 schismatis
1537 1535 1550 1553 ,
1574 1511 1730 1548 &Marci
1752 1511 1898 1546 Antonii
1922 1511 1964 1546 de
1976 1513 2048 1547 Do·

1161 1576 1259 1600 minis
1272 1590 1280 1597 .

1209 1614 1395 1650 Paschasius
1406 1614 1604 1663 Qesnellus
1614 1612 1836 1657 prosequitur:
1865 1616 1948 1646 Licet
1967 1614 2049 1648 idem

1162 1665 1304 1707 Pontifex
1325 1675 1419 1699 totam
1442 1666 1529 1710 adse
1552 1663 1672 1707 causam
1688 1666 1864 1707 pertraxisse
1885 1664 2048 1704 videatur,

1160 1726 1226 1748 cum
1252 1718 1287 1749 (9
1314 1716 1352 1749 de
1373 1715 1489 1758 lingulis
1498 1714 1601 1755 instrui
1616 1714 1766 1756 postulat,
1792 1715 1827 1746 (9·
1848 1715 1886 1746 de
1899 1715 2052 1747 Flaviani

1153 1764 1267 1808 filontio
1275 1772 1481 1808 conqueritur,
1508 1766 1625 1799 nonita
1636 1774 1737 1797 tamen
1746 1762 1784 1803 est
1795 1774 1829 1795 re
1843 1760 1908 1806 ipsa
1929 1786 1936 1794 .
1963 1766 1983 1796 5
1986 1768 2051 1796 imi-

1160 1818 1230 1849 liter
1252 1821 1331 1849 enim
1353 1818 1478 1848 aliorum
1501 1814 1707 1858 Episcoporum
1729 1813 1872 1856 quilibet,
1897 1813 1942 1845 ad
1960 1815 2048 1854 cujus

1156 1864 1339 1909 sententiam
1357 1874 1412 1907 per
1431 1868 1639 1908 appellationis
1661 1863 1793 1898 libellum
1811 1872 2025 1904 provocaretur
2036 1887 2049 1904 ‚

1162 1917 1197 1948 (5
1208 1917 1245 1947 do
1255 1921 1366 1957 negotio
1376 1914 1479 1953 instrui
1487 1916 1647 1957 postularet
1662 1938 1674 1954 ,
1701 1917 1735 1948 (τ
1746 1916 1783 1946 de
1789 1913 1903 1955 filentio
1914 1913 2051 1955 querelas

1164 1974 1294 1998 moveret
1307 1989 1314 1996 .
1344 1966 1448 1997 Merito
1459 1968 1526 2009 ergo
1554 1967 1705 2005 &potiori
1718 1965 1791 2003 jure
1800 1970 1888 1996 totius
1900 1963 1992 1996 Fac‘li
2001 1975 2052 1997 ra-

1162 2021 1271 2047 tionem
1297 2024 1331 2046 ac
1340 2020 1478 2047 notitiam
1488 2015 1607 2048 volebat
1611 2013 1669 2055 fibi
1681 2016 1743 2047 Leo
1761 2012 1875 2054 deferri
1889 2038 1895 2045 .
1923 2016 1971 2046 Et
1988 2018 2052 2056 qui-

1163 2065 1229 2095 dem
1234 2064 1381 2104 primitus
1393 2076 1405 2096 .·
1430 2067 1538 2105 Utpore
1552 2067 1684 2096 Primati
1694 2087 1706 2102 ,
1730 2068 1776 2106 cut
1786 2064 1823 2095 dc
1833 2075 1866 2096 eo
1889 2074 1955 2095 cum
1967 2072 2051 2096 caete-

1162 2116 1206 2144 ris
1217 2137 1228 2152 ,
1254 2123 1289 2145 ac
1309 2119 1378 2152 prae
1397 2120 1515 2146 caeteris
1525 2113 1744 2147 decernendum
1765 2121 1831 2144 erat
1845 2135 1856 2151 ,
1875 2110 1906 2152 fi
1918 2113 2061 2153 appella-e

1163 2167 1237 2195 tioni
1248 2163 1325 2195 locus
1336 2162 1486 2196 dabatur.
1513 2163 1682 2210 Qoniam
1693 2186 1704 2201 ,
1726 2167 1824 2203 inquit
1834 2160 1896 2203 ipse
1909 2161 2052 2203 Pontifex

1163 2214 1208 2244 ad
1219 2214 1425 2254 Flavianum,
1453 2225 1513 2248 nos
1522 2214 1578 2258 qui
1592 2211 1801 2247 Sacerdotum
1813 2211 1956 2245 Domini
1981 2224 2055 2246 ma·-

1163 2272 1235 2295 tura
1247 2263 1400 2296 volumus
1421 2260 1484 2298 effe
1512 2263 1656 2307 judicia,
1682 2261 1769 2297 nihil
1793 2263 1979 2304 possumus,
2005 2263 2057 2296 in-

1164 2313 1311 2355 cognitis
1323 2312 1417 2346 rebus
1429 2336 1440 2352 ‚
1467 2314 1501 2346 in
1512 2313 1700 2356 cujusquam
1720 2312 1819 2355 partis
1832 2312 2055 2355 praejudicium

1163 2361 1318 2402 definire,
1346 2362 1530 2405 priusquam
1555 2364 1702 2397 universa
1716 2386 1727 2401 ‚
1753 2373 1824 2405 quae
1846 2362 1935 2406 gesta
1956 2364 2055 2403 sunt,

1165 2411 1319 2446 veraciter
1342 2412 1532 2445 audiamus.
1561 2418 1634 2448 Ηώς
1655 2411 1749 2445 verba
1764 2410 1838 2453 sunt
1847 2411 1974 2445 hominis
1997 2422 2055 2446 non

1157 2462 1213 2503 fibi
1226 2467 1277 2494 ani
1292 2463 1351 2501 jus
1369 2461 1511 2502 ferendae
1519 2461 1678 2503 sententiae
1690 2467 1862 2503 arrogantis
1876 2485 1886 2501 ,
1907 2460 1966 2503 sed
1980 2470 2055 2503 pru-

1164 2513 1290 2552 dentis,
1315 2511 1447 2552 oculati,
1473 2513 1674 2553 aequifflmique
1688 2513 1839 2555 sumtis,
1863 2518 1915 2551 qui
1939 2509 2053 2552 suum,

1164 2559 1251 2604 causa
1277 2568 1427 2603 incognita
1443 2585 1454 2600 ‚
1481 2563 1588 2595 temere?
1608 2563 1680 2594 nolit
1700 2560 1831 2601 conferre
1853 2559 2050 2605 suffraqum.

1165 2615 1183 2645 5
1185 2614 1224 2645 td
1239 2613 1312 2653 quid
1317 2610 1471 2653 solvendis
1482 2610 1650 2654 hujusmodi
1661 2615 1840 2654 argumentis
1854 2622 1892 2643 ex
1904 2609 1968 2654 ipfh
1981 2616 2054 2645 Leo-

1165 2672 1201 2695 m·
1218 2667 1323 2703 petius
1344 2670 1461 2702 tempus
1494 2663 1645 2695 terimur?
1670 2666 1744 2693 Non
1755 2666 1917 2703 quaerimus
1940 2666 1973 2694 in
1997 2661 2055 2694 hac

1160 2709 1305 2755 prasenti
1331 2709 1419 2754 causa
1439 2736 1449 2751 ,
1475 2724 1516 2744 an
1540 2716 1598 2744 Leo
1618 2711 1674 2752 fibi
1701 2714 1943 2754 Praerogatt'vam
1969 2712 2055 2749 illam

1165 2763 1333 2796 vindicarit
1344 2785 1355 2801 ‚
1377 2760 1433 2804 sed
1445 2771 1545 2795 utrum
1557 2765 1595 2795 de
1607 2762 1700 2795 Fac‘io
1713 2760 1859 2801 Eutyches
1870 2762 2053 2802 appellarit?

1165 2816 1211 2845 Et
1223 2822 1321 2845 utrum
1334 2813 1379 2844 ad
1385 2810 1479 2854 solum
1489 2815 1653 2845 Romanum
1666 2812 1837 2853 Pontificem
1849 2812 1862 2845 ἒ
1888 2814 1983 2855 ,Quod
1990 2815 2055 2854 qui-

1166 2864 1233 2895 dem
1237 2861 1266 2904 fi
1271 2861 1365 2904 egisset
1377 2886 1388 2902 ,
1415 2871 1449 2895 ut
1459 2863 1554 2895 atium
1568 2864 1617 2904 effe
1629 2863 1667 2893 ab
1678 2874 1709 2895 eo
1719 2862 1903 2901 existimavit
1924 2864 1944 2894 5
1946 2862 2052 2894 andus

1167 2916 1226 2946 Leo
1236 2923 1274 2944 ex
1285 2913 1348 2951 ejus
1361 2913 1467 2945 callido
1478 2914 1669 2954 mendacique
1682 2913 1779 2946 libello
1790 2936 1801 2951 ‚
1826 2923 1886 2945 non
1897 2912 1962 2953 effer
1976 2912 2056 2953 quod

1166 2969 1341 2995 miraremur
1353 2962 1543 3001 Eutychetem
1554 2966 1719 2995 Romanam
1733 2963 1838 2995 Sedem
1848 2963 2054 3003 appellantem

1165 3016 1185 3045 ὰ
1198 3016 1328 3045 Romano
1344 3012 1485 3053 Pontifice
1497 3013 1575 3045 ultro
1585 3013 1636 3055 effe
1661 3010 1850 3054 susceptum:
1877 3009 2053 3054 Praesernm

1166 3075 1230 3096 cum
1242 3064 1277 3095 de
1288 3065 1418 3094 Nicaena
1429 3061 1486 3103 fide
1498 3069 1547 3105 agi
1559 3064 1712 3095 videretur
1724 3086 1741 3102 ‚t
1761 3069 1806 3095 cui
1829 3064 1893 3094 tarn
1904 3060 2051 3101 Eutyches

1166 3111 1228 3156 ipsis
1241 3137 1251 3152 ,
1281 3113 1370 3154 qusim
1383 3113 1448 3152 ejus
1460 3110 1613 3154 Accusator
1623 3136 1632 3151 ,
1655 3110 1689 3154 [ἓ
1701 3112 1853 3146 indivulse*
1859 3112 2051 3153 profitebimur

1167 3162 1308 3197 inhaerere
1321 3186 1328 3193 .
1356 3164 1484 3194 Romani
1504 3168 1582 3195 enim
1608 3161 1753 3205 Praesulis
1766 3186 1777 3203 ,
1804 3165 1948 3204 tanquam
1962 3166 2053 3202 Capi-

1167 3219 1208 3246 tis
1230 3210 1414 3254 Episcopalis
1439 3215 1585 3252 Corona,
1611 3211 1742 3254 baesunt
1761 3220 1912 3254 pmcipuq
1920 3220 2024 3253 partes
2040 3235 2051 3252 ,

1168 3271 1201 3297 ut
1218 3264 1235 3297 ἑ
1243 3268 1342 3305 prima
1353 3260 1509 3295 Catbedra
1519 3285 1530 3301 ‚
1557 3264 1704 3304 tanquam
1715 3265 1730 3296 ἐ
1736 3263 1853 3305 specula
1864 3285 1874 3300 ‚
1899 3261 2051 3302 confirma·

1169 3319 1239 3346 rioni
1263 3317 1418 3346 canonum
1439 3313 1602 3356 invigilet,
1625 3312 1939 3356 fideique.Catb0licae
1958 3311 2050 3351 custoa-

1167 3365 1347 3407 demagat.
1515 3398 1517 3400 ,
1590 3392 1594 3395 .
1642 3372 1644 3377 ’
1773 3377 1831 3382 ···

1218 3413 1346 3449 Errores
1358 3411 1458 3448 varii.
1482 3411 1612 3451 Primus
1621 3412 1687 3455 est,
1714 3411 1804 3456 quod
1824 3411 1957 3446 Sanctus
1977 3408 2053 3454 Leq

1594 3462 1626 3497 C
1652 3475 1670 3496 c
1722 3474 1744 3500 2.
1942 3467 1998 3493 to·-
