2326 3718
371 161 469 206 330
779 154 846 187 DE
882 140 1150 188 ROMANA
1184 142 1650 187 Appumnomz

283 238 384 283 cere
419 227 607 278 velimus
640 262 653 275 .
726 228 795 277 Sic
830 225 1142 277 irrationabilis
1179 222 1295 290 apud
1332 241 1414 272 nos
1448 229 1537 290 ejus
1574 225 1847 276 mutabilitas
1881 228 1992 279 fa<9ta
2026 230 2089 280 est
2117 264 2131 290 ,

281 307 326 352 δε
372 297 603 350 manifesta
650 296 914 363 transgressio
955 332 967 355 ,
1015 299 1059 346 δε
1108 295 1306 362 proditio
1363 299 1567 347 veritatis
1600 334 1613 358 ,
1665 315 1763 364 quae
1797 316 1849 346 ex
1885 301 2119 367 improviso

280 372 507 438 completa
542 370 603 420 est
624 405 638 431 ‚
686 370 770 418 five
817 371 990 434 peraeta
1021 400 1033 413 .
1111 367 1191 415 Ille
1240 369 1356 417 enim
1397 402 1410 425 ‚
1464 371 1570 434 quia
1604 366 1844 436 antequam
1880 374 2120 422 veniremus

279 442 337 492 ad
373 439 590 511 Ephesum
624 477 637 500 ‚
677 441 926 487 haereticam
964 438 1275 505 Capitulorum
1312 440 1476 504 reperit
1513 438 1704 491 fraudem
1742 477 1755 500 ,
1814 442 2012 507 plurimis
2044 461 2118 508 'per

278 513 450 564 litteras
485 510 701 562 indicavit
736 543 750 555 .
823 511 906 557 Per
941 512 1128 576 primam
1164 508 1496 576 Cappadociam
1527 545 1541 569 ,
1583 508 1924 578 secundamque,
1964 515 2009 561 &
2044 529 2119 582 pet

274 582 467 635 diversos
502 584 622 630 locos
644 615 656 639 ‚
696 595 746 629 ut
780 577 838 627 ab
872 578 944 627 eis
970 577 1012 627 se
1046 576 1324 631 observarent
1348 617 1362 640 ,
1399 579 1627 629 admonuit
1665 617 1679 641 ,
1716 582 1836 649 quasi
1874 586 2120 644 Eunomio,

272 657 319 703 δε
353 657 464 703 Ario
488 687 502 711 ‚
538 655 582 699 &
616 650 899 720 Apollinario
933 647 1273 701 consonarent.
1347 654 1406 699 Et
1453 653 1533 717 qui
1580 652 1708 705 acuti:
1742 670 1794 707 ac
1831 651 1997 703 fervide
2034 657 2121 705 in...

273 725 440 791 Cyrilli
474 720 803 773 damnationem
839 719 1054 788 prosilivit
1080 757 1093 781 ,
1130 725 1173 775 &
1210 720 1266 769 ad
1303 721 1387 770 hoc
1422 738 1573 771 omnes
1600 723 1799 776 hortatus
1833 724 1895 777 est
1922 744 1934 772 :
1973 727 2133 795 Qip*

269 811 329 874 pe
365 792 478 842 adiit
513 796 558 842 &
592 790 729 864 ipsam
764 794 950 854 Regiam
986 793 1220 846 civitatem
1244 828 1257 852 ‚
1295 806 1346 843 ut
1382 792 1483 844 huic
1519 795 1739 860 impietati
1774 794 1979 847 refisteret
2004 831 2015 842 .
2034 797 2037 799 ’
2058 799 2119 847 Et

270 861 393 918 idem
441 862 570 915 nobis
618 861 783 931 scripsit
833 861 976 911 adhuc
1022 862 1179 930 Ephesi
1217 862 1464 915 ,constitutis
1491 900 1505 924 ‚
1553 863 1672 931 prius
1721 864 1903 932 quidem
1937 863 2115 916 dicens.

270 936 392 1003 Qa
426 935 552 983 illum
584 969 599 994 ,
648 933 697 982 id
732 933 793 982 est
818 969 831 993 ‚
880 932 1136 985 Nestorium
1182 930 1401 982 dimiffum
1448 932 1763 997 cognoscentes
1815 936 1871 989 ab
1908 934 2077 1002 Epheso
2101 973 2117 997 ,

272 1004 403 1060 valde
441 1003 678 1054 doluerunt
723 1006 880 1056 animae
915 1003 1067 1057 nostrae
1096 1024 1109 1053 t
1164 1002 1232 1057 Εὸ
1268 1003 1390 1071 quod
1425 1005 1503 1053 illa
1540 1040 1555 1066 ,
1607 1022 1706 1071 quae
1751 1004 1838 1059 fine
1871 1005 2038 1072 judicio
2072 1009 2118 1060 δι

265 1074 422 1143 inique
459 1073 556 1125 sunt
591 1074 708 1139 gesta
740 1111 755 1136 ,
802 1073 1036 1129 videantur
1070 1076 1247 1124 interim
1282 1075 1480 1124 roborari
1515 1111 1528 1124 .
1602 1074 1777 1125 Deinde
1814 1112 1828 1137 ,
1889 1080 1997 1142 quia
2035 1074 2116 1130 etfl

264 1147 344 1201 illa
378 1144 635 1215 blasphema
670 1146 881 1213 Capitula
916 1145 1113 1213 Cyrillus
1148 1144 1360 1209 abjecerit
1396 1181 1413 1205 ‚
1463 1162 1562 1194 eum
1599 1162 1653 1194 ne
1688 1161 1794 1194 tunc
1829 1145 2010 1212 quidem
2046 1145 2115 1200 su,

264 1215 427 1285 scipere
473 1235 551 1285 per
597 1214 863 1270 sacramenta
911 1215 1181 1281 promisimus
1218 1233 1231 1262 ε
1294 1213 1363 1266 Εὸ
1397 1212 1522 1280 quod
1570 1216 1776 1281 Princeps
1833 1214 1923 1282 ipse
1957 1216 2010 1264 fit
2043 1216 2112 1267 fa„

262 1291 356 1339 stus
391 1287 554 1351 iniquae
590 1286 754 1338 haeresis
790 1319 804 1332 .
876 1282 1008 1333 Unde
1043 1285 1228 1339 alterum
1263 1301 1343 1333 cor
1376 1285 1604 1351 accipiens
1640 1287 1890 1346 ignoramus
1918 1321 1931 1346 ,
1967 1287 2114 1335 omni„

263 1356 347 1408 bus
382 1354 577 1409 motibus
611 1352 696 1402 suis
727 1352 792 1402 vest
826 1352 1072 1408 adversatus
1096 1391 1110 1415 ‚
1144 1359 1189 1404 δε
1214 1355 1389 1423 Cyrilli.
1404 1357 1758 1409 communicator
1785 1353 1959 1405 efferans
1974 1392 1988 1415 ,
2019 1373 2115 1409 non

262 1426 517 1494 repellentis
551 1441 651 1492 quae
686 1423 801 1480 malie
836 1422 1144 1493 conscripserat
1168 1462 1182 1486 ,
1236 1428 1316 1493 qui
1349 1443 1450 1480 eum
1484 1423 1710 1492 nunquam
1747 1423 2112 1493 suscepturum,

260 1498 334 1547 vel
368 1495 402 1546 si
434 1512 490 1550 ea
524 1492 744 1547 refutasset
779 1497 826 1549 in
864 1497 1037 1565 Scripto
1060 1532 1074 1556 ,
1108 1501 1330 1563 juraverat
1365 1532 1378 1544 .
1452 1499 1511 1547 Et
1547 1494 1659 1548 solus
1695 1498 1920 1550 vinculum
1956 1494 2112 1557 solvit9'

258 1565 384 1635 quod
418 1583 522 1621 cum
559 1568 694 1624 tantis
731 1566 910 1634 Cyrillo
956 1571 1002 1617 ὅτ,
1035 1570 1265 1621 Memnoni
1328 1568 1470 1621 noxiis
1505 1565 1818 1634 consequenter
1865 1568 2074 1618 intulerat
2093 1599 2110 1628 ,

259 1641 320 1695 Et
356 1638 522 1693 nullam
557 1638 835 1693 lecuritatem
872 1637 940 1686 his
964 1673 977 1698 ,
1012 1639 1092 1704 qui
1129 1656 1209 1711 pro
1244 1640 1412 1706 pietate
1437 1637 1607 1687 fuerant
1629 1635 1783 1687 offensi
1806 1674 1820 1697 ,
1855 1653 2110 1706 procurans,

258 1706 349 1776 ipsc
385 1707 569 1775 quidem
604 1709 918 1761 reconciliatus
953 1708 1014 1758 est
1048 1710 1090 1757 ei
1127 1744 1141 1766 ,
1194 1726 1328 1776 quem
1351 1707 1543 1776 quidem
1579 1708 1636 1757 fic
1671 1707 1818 1758 amare
1848 1723 2112 1760 *notaverat-

258 1779 459 1829 Permifit
495 1779 600 1828 vero
636 1778 854 1832 Ecclefias
890 1777 1133 1846 perturbari
1172 1815 1186 1840 ‚
1235 1784 1278 1829 &
1315 1777 1515 1834 Praesules
1551 1777 1764 1846 quosdam
1799 1777 1982 1847 quidem
2016 1793 2113 1830 ma»

256 1866 359 1900 nere
396 1848 598 1917 depulsos
628 1886 641 1910 ,
689 1850 797 1902 alios
835 1865 982 1902 autem
1017 1847 1165 1899 adhuc
1211 1850 1521 1919 multipliciter
1568 1849 1787 1900 exturbari
1823 1886 1836 1903 ,
1910 1847 1998 1902 Sed
2042 1863 2114 1900 et*

257 1922 345 1972 iam
366 1922 554 1970 ,litteras
594 1919 815 1973 mirabiles
853 1919 964 1974 fecit
1005 1954 1019 1978 ‚
1070 1923 1118 1970 in
1153 1920 1315 1984 quibus
1351 1923 1415 1967 ait
1450 1920 1707 1971 damnatum
1743 1918 1784 1967 se
1818 1918 1979 1970 habere
2013 1922 2112 1970 Neo

256 1990 477 2053 florium„
514 1993 557 2040 &
592 1990 964 2037 anathematizare
997 1987 1222 2054 quidquid
1256 1988 1393 2056 impie
1427 1987 1544 2039 dixit
1578 2003 1656 2038 aut
1691 1986 1832 2056 sapuit
1865 2023 1880 2037 .
1952 1991 2029 2039 Sic
2064 1992 2112 2039 δε

256 2059 534 2116 accusatione
569 2075 620 2105 ac
656 2057 1028 2107 demonstratione
1063 2055 1228 2109 defecit
1253 2092 1267 2115 ,
1302 2073 1352 2105 ut
1387 2075 1468 2106 nec
1503 2057 1694 2106 diceret.-
1730 2056 1847 2105 Illam
1882 2057 1948 2106 vel
1981 2057 2112 2119 illam,

252 2132 337 2199 five
373 2128 485 2182 illam
521 2125 806 2188 anathematizq
829 2124 1059 2194 fintentt'am
1095 2162 1108 2175 .
1181 2124 1262 2175 Sed
1297 2128 1362 2176 ait
1391 2147 1405 2176 t
1443 2126 1641 2194 Qidquid
1674 2128 1725 2175 ab
1760 2148 1797 2175 eo
1830 2125 1945 2198 impii
1967 2126 2116 2176 dmum

256 2201 313 2252 eft
347 2237 360 2249 .
434 2204 556 2251 Dum
606 2198 724 2250 certe
772 2196 922 2266 aperte
958 2195 1105 2252 dicere
1141 2195 1354 2251 debuiss'et
1392 2234 1405 2258 ,
1454 2214 1504 2247 ut
1540 2197 1598 2251 ab
1645 2214 1700 2247 eo
1733 2195 1854 2252 seusu
1887 2195 2112 2265 quisque..

257 2274 432 2322 cautior
468 2269 725 2326 redderetur
769 2288 781 2317 e
833 2271 952 2318 Sicut
998 2268 1114 2318 clare
1151 2267 1457 2316 abominamur
1506 2284 1586 2316 nos
1631 2268 1799 2333 Cyrilli
1833 2269 2128 2334 Capitulaa,

257 2347 303 2392 &
338 2339 581 2407 quaesumus
617 2337 838 2393 universos
877 2373 891 2398 ‚
943 2353 992 2388 ut
1027 2336 1070 2387 se
1107 2337 1164 2386 ab
1199 2337 1327 2385 inlita
1373 2338 1490 2386 illius
1526 2337 1802 2399 malignitate
1837 2336 2113 2398 custodiant,

258 2412 662 2480 praeconvincentes
697 2425 771 2463 eas
810 2444 824 2468 ,
872 2424 970 2474 quae
1005 2409 1053 2455 in
1087 2407 1187 2475 ipsis
1222 2405 1318 2462 sunt
1360 2443 1374 2468 ,
1428 2405 1715 2474 blasphemias
1738 2441 1754 2468 ‚
1801 2408 1845 2455 &
1882 2423 1957 2459 eas
1993 2407 2111 2460 clar&

258 2481 463 2533 omnibus
491 2479 794 2547 publicantes.
1569 2484 1572 2487 ’

331 2556 440 2600 Haec
489 2567 629 2618 pauca
675 2548 734 2598 de
782 2548 981 2617 plurimis
1029 2565 1130 2599 cum
1182 2549 1320 2601 multa
1371 2546 1709 2601 abbreviatione
1747 2545 2073 2615 conscripsimus
2092 2579 2110 2609 ,

260 2621 447 2679 scientes
483 2620 605 2688 quod
642 2621 796 2669 horum
835 2619 1047 2667 malorum
1085 2622 1288 2674 nimietas
1324 2636 1414 2667 non
1449 2616 1589 2667 solum
1625 2620 1860 2668 Hieremiae
1894 2620 2108 2669 lamenta·

260 2693 459 2744 tionibus
494 2691 629 2755 digna
665 2690 717 2740 fit
742 2726 755 2750 ,
792 2687 863 2739 sed
899 2694 942 2739 &
978 2688 1222 2739 universam
1257 2686 1532 2753 Tragaediam
1579 2686 1843 2757 superaverit
1875 2724 1888 2741 .
1961 2692 2108 2751 Roga*

259 2781 359 2817 mus
383 2762 491 2818 vero
516 2799 531 2824 ‚
567 2766 611 2812 &
649 2760 803 2810 sanctis
843 2775 928 2810 tuae
968 2760 1288 2823 Religiositatis
1335 2760 1638 2828 provolvimur
1663 2759 1846 2828 pedibus
1872 2796 1886 2820 ,
1922 2775 1972 2808 ut
2014 2776 2106 2809 ma.-

262 2853 368 2889 num
407 2835 605 2902 porrigas
644 2830 873 2882 salutarem
897 2867 912 2891 ,
947 2835 991 2881 &
1029 2830 1198 2884 auferas
1236 2830 1394 2886 Mundi
1437 2830 1709 2894 naufragium
1734 2867 1747 2891 ‚
1781 2831 2106 2895 omniumun

262 2906 420 2957 horum
447 2901 775 2972 inquisitionem
799 2901 947 2968 jubeas
970 2900 1061 2952 fieri
1087 2939 1101 2962 ,
1135 2906 1179 2954 δε
1205 2903 1273 2950 his
1297 2902 1466 2958 illicitis
1497 2901 1715 2951 coelestem
1752 2897 1976 2966 superduci
2003 2916 2104 2953 cor,

264 2979 501 3026 refflonem
530 2999 541 3022 .·
577 2978 644 3024 Ut
668 2988 931 3024 revocentur
983 2971 1164 3040 quidem
1206 2975 1349 3027 Saneti
1375 2971 1569 3025 Pastores
1591 3008 1605 3032 ‚
1639 2973 1718 3037 qui
1754 2968 1908 3034 injuste
1946 2967 2044 3018 sunt
2074 2967 2103 3019 Ta

264 3044 351 3095 suis
375 3046 552 3101 ovibus
577 3043 759 3108 effugati
781 3081 796 3105 ,
831 3047 875 3094 ἅτ
901 3041 1109 3095 reddatur
1132 3043 1354 3107 Gregibus
1384 3042 1584 3112 pristinus
1620 3038 1730 3091 ordo
1757 3076 1771 3100 ‚
1808 3042 1852 3091 &
1877 3041 2105 3107 antiqua-0

265 3116 501 3167 concordia
538 3152 552 3165 .
627 3120 687 3165 Et
745 3130 794 3169 ut
832 3131 922 3169 non
956 3115 1072 3164 ultra
1109 3114 1372 3163 lamentatus
1413 3118 1457 3166 &
1483 3112 1672 3174 mugitus
1712 3128 1794 3178 pro
1834 3112 1954 3163 votis
1993 3106 2104 3161 offe«

266 3199 418 3241 rantur
462 3191 505 3237 &
529 3184 713 3236 Psalmis
742 3205 755 3236 z
794 3190 918 3235 Dum
946 3186 1074 3240 multi
1096 3183 1272 3252 dispersi
1311 3183 1407 3234 sunt
1431 3218 1444 3231 .
1504 3185 1563 3230 Et
1592 3198 1648 3230 ne
1683 3178 1900 3248 quiquam
1926 3180 2101 3248 pericli*-

267 3270 417 3310 tentur
442 3256 559 3305 circa
583 3274 636 3308 ea
659 3293 672 3317 ,
711 3273 810 3324 quae
840 3259 1062 3324 praecipua
1097 3252 1193 3305 sunt
1217 3291 1231 3315 ‚
1266 3254 1371 3309 dum
1400 3254 1549 3304 vitant
1584 3251 1642 3301 ab
1673 3252 1886 3302 haereticis
1915 3252 1992 3303 vel
2018 3254 2101 3299 La*

267 3341 446 3383 vacrum
475 3327 837 3387 Regenerationis
861 3364 875 3388 ‚
917 3328 991 3378 vel
1028 3326 1261 3394 Mysticam
1299 3325 1668 3375 Communionem
1710 3325 1915 3391 accipere
1946 3358 1962 3382 ‚
2001 3335 2101 3386 quae

266 3396 327 3447 ab
353 3392 628 3454 ,orthodoxis
656 3393 821 3448 sumere
849 3396 907 3449 ad
941 3396 1120 3451 salutem
1148 3394 1328 3452 minime
1357 3397 1670 3470 permittuntur
1697 3427 1713 3448 -
1921 3465 2004 3530 Q

1968 3478 2031 3510 uae
