2326 3718
718 160 1000 207 ROMANIS
1036 159 1612 204 APPELLA‘HONIBUS.

261 249 379 287 hatum
390 248 489 284 uitam
502 247 569 284 istis
583 246 894 294 Carthaginensibus
906 245 1047 291 Synodi's
1059 245 1138 285 sem·

264 312 321 346 per
350 298 486 334 adfuiffe
510 325 518 332 .
555 299 659 334 Porro
694 298 759 333 istae
792 296 918 339 Synodi
951 308 1020 331 non
1054 296 1138 330 sem·—

250 345 321 394 xiper
331 348 531 395 Carthagine
543 376 555 392 ,
580 348 684 384 immo
703 359 772 382 non
785 348 906 391 semper
922 347 957 381 in
968 345 1139 390 Carthagi-

261 399 352 433 nensi
364 399 541 435 Provincia
555 424 567 441 ,
591 399 644 436 fed
660 398 763 434 modo
774 397 894 433 fiebant
915 399 951 431 in
963 395 1044 435 hac,
1070 406 1139 429 mo·

262 447 308 483 dd
331 450 366 483 in
376 449 435 485 ista
449 475 456 483 .
481 451 575 485 Hinc
598 449 749 485 existimo
771 446 1000 485 Provinciam,
1024 446 1059 478 in
1085 457 1138 479 cu-

261 498 312 544 jus
329 501 456 544 gremio
488 501 586 535 fiebat
601 498 754 542 Synodus
775 523 786 540 ‚
811 497 955 533 habuisie
979 495 1138 539 singulare

263 549 471 596 privilegium
482 575 494 590 ‚
505 563 547 584 ex
559 560 625 594 quo
638 551 763 592 possent
776 548 879 591 plures
890 545 1042 592 Episcopi
1053 544 1139 579 ades-

260 601 294 634 se
305 624 313 631 ·
341 601 397 635 Ad
408 601 516 635 minus
528 611 592 633 una
604 609 709 633 turma
723 613 735 632 .-
761 599 907 633 Forsitan
920 606 990 631 tota
1002 594 1139 629 Provin-

262 649 313 687 cia
325 674 332 682 .
361 650 495 685 Etenim
507 649 626 693 quinto
639 646 887 693 Carthaginensi
900 645 1056 682 Concilio
1067 654 1139 687 prz-

261 709 311 735 ter
320 698 492 734 Aurelium
506 698 674 734 Ptaesidem
685 697 936 741 subscripserunt
957 695 1140 739 septuagin—

261 759 298 786 ta
308 749 375 783 duo
390 749 565 793 Episcopi,
591 750 739 792 adeoque
764 748 931 793 sexaginta
944 770 955 786 ,
980 755 1036 779 aut
1047 743 1138 787 quin·

256 798 419 844 quaginta
455 810 575 834 novem
601 797 851 833 Proconsulares
871 823 878 830 .
914 795 1016 830 Haud
1043 792 1140 829 dubie

259 848 403 893 ipsorum
430 850 587 893 aliquiex
611 848 711 884 caufis
722 847 895 884 abfuerunt
909 870 920 887 ‚
946 844 1086 889 ideoque
1098 845 1139 877 vi-

259 899 356 933 detur
368 899 503 934 adfuisse
516 899 677 943 reliquum
700 910 815 941 corpus
830 897 931 934 totius
941 895 1121 929 Provinciae
1132 918 1139 924 .

263 948 344 982 Erat
353 950 457 983 revera
469 949 630 993 singulare
642 948 851 991 privilegium
869 971 875 977 .
902 945 1036 978 Etenim
1056 941 1141 986 apud

261 996 460 1033 Ferrandum
473 998 663 1031 Diaconum
683 994 838 1045 habemus
855 994 944 1028 hunc
968 994 1140 1028 Canonem

259 1045 475 1081 Thusdritani
499 1046 663 1080 Concilii:
693 1043 855 1086 Episcopus
870 1069 882 1084 ,
907 1047 959 1086 qui
980 1054 1038 1076 non
1047 1041 1142 1086 susce·

237 1125 242 1130 ,
253 1102 314 1138 pta
339 1098 499 1140 Legatione
523 1093 686 1137 universali
707 1096 839 1127 Concilio
858 1093 986 1136 intereffi’
1002 1091 1142 1136 presum—

252 1142 366 1187 pserit,
393 1144 484 1179 abeis
501 1145 654 1188 ἔρι’-[τομὴ
666 1169 677 1185 ,
700 1151 749 1186 qui
762 1148 952 1188 Legationem
956 1141 1141 1185 suscipiunt,

258 1195 303 1227 ad
317 1193 414 1237 ipsum
425 1196 588 1228 Concilium
607 1207 665 1228 non
685 1197 877 1228 admittatur.
906 1195 1026 1228 Canon
1049 1193 1144 1227 debet

256 1244 403 1288 intelligi
424 1245 464 1278 de
477 1245 645 1288 Episcopis
661 1244 911 1280 provinciarum
925 1269 937 1286 ‚
962 1253 1052 1279 extra
1066 1253 1145 1287 quas

256 1293 480 1332 celebrabatur
495 1295 649 1338 Synodus
661 1319 668 1326 .
898 1335 901 1337 ,

309 1344 517 1390 Qapropter
538 1344 573 1379 hi
586 1344 767 1388 Synodales
789 1345 905 1390 Legati
918 1344 1080 1384 debebant
1092 1346 1150 1387 Syv-

258 1394 424 1429 nodaliter
434 1394 512 1439 eligi
525 1420 531 1427 .
559 1395 654 1428 Hinc
664 1395 698 1428 in
711 1393 959 1439 Carthaginensi
971 1419 982 1435 ,
1008 1405 1078 1439 quae
1090 1394 1148 1429 sub

256 1443 444 1479 Theodosii
470 1456 509 1479 ac
523 1444 709 1479 Rumorodi
721 1444 903 1479 Consulatu
925 1444 1084 1480 celebrata
1103 1445 1150 1479 di-

256 1494 364 1534 citur,
390 1494 530 1537 Synodo
552 1494 593 1528 ad
605 1493 770 1528 Proesidem
781 1494 955 1528 'Aurelium
969 1495 1054 1529 dixit
1074 1496 1150 1530 Sau-

258 1545 327 1579 &us
339 1543 470 1588 Alipius
499 1544 680 1589 Episcopus
701 1543 925 1589 Tagastensis:
953 1549 1021 1578 Nos
1033 1546 1151 1588 quidem

257 1595 296 1628 de
307 1595 458 1628 Numidia
470 1599 608 1628 venimus
621 1619 632 1636 ‚
658 1596 692 1629 ό·
705 1594 806 1628 sandi
830 1598 959 1628 Fratres
982 1595 1151 1640 Augustinus

255 1645 293 1678 ὁ
316 1645 458 1684 Pqffidius
472 1668 484 1684 ,
504 1643 564 1687 sed
580 1645 618 1677 de
642 1646 794 1677 Numidia
805 1648 928 1688 Legatio
938 1650 1018 1677 mitti
1037 1657 1095 1678 non
1102 1654 1151 1687 po-

256 1696 337 1733 tuit,
364 1695 444 1736 quod
452 1693 547 1728 adbuc
556 1694 684 1727 tumultu
700 1698 841 1733 'tyronum
860 1692 999 1736 Episcopi
1017 1700 1151 1737 propriis

256 1743 471 1784 neceffitatibus
491 1751 526 1778 in
547 1744 721 1778 civitatibus
740 1743 805 1787 suis
830 1753 881 1777 aut
902 1745 1040 1786 impediti·
1061 1769 1073 1785 ,
1097 1754 1153 1778 aut

255 1798 390 1836 occupati
404 1793 465 1836 fini
480 1818 488 1826 .
514 1798 601 1828 Nam
623 1801 715 1830 ettam
738 1794 958 1829 Trallaeioriam
972 1795 1152 1829 Sanffltatis

254 1852 324 1877 aeuae
343 1854 408 1877 cum
429 1846 473 1877 ad
493 1844 633 1878 Samium
656 1847 757 1879 Senem
770 1848 962 1888 xantippum
982 1845 1129 1888 deferrem
1141 1870 1152 1886 ‚

253 1892 446 1936 inpraesinti
457 1894 600 1929 Ttaliam
612 1894 663 1929 boc
671 1894 767 1939 visum
772 1895 877 1936 fuerat
889 1919 900 1935 ,
928 1905 962 1930 ut
990 1898 1153 1930 Concilium

255 1944 436 1977 indiceretur
447 1969 457 1985 ‚
483 1955 540 1987 quo
549 1945 691 1988 instrudla
702 1949 825 1990 Legatio
831 1947 922 1989 paffet
933 1946 978 1979 ad
986 1949 1152 1980 Concilium

256 1993 400 2034 destinari
413 2018 424 2035 ‚
442 1993 500 2037 sed
526 2006 591 2029 cum
606 1994 808 2038 posterioribus
820 1996 940 2031 'litteris
959 1998 1152 2043 adJungerem

255 2045 297 2077 de
317 2046 526 2086 impedimento
549 2048 712 2087 Tyronum,
738 2046 902 2090 Refer-ipris
924 2048 1055 2090 propriis
1068 2059 1149 2082 excu-

253 2090 359 2135 savit.
388 2094 433 2128 Et
458 2094 614 2128 Aurelius
634 2095 756 2129 directo
780 2096 821 2130 ad
852 2106 956 2131 totam
977 2096 1150 2140 synodum

253 2141 406 2178 sermone
418 2143 604 2186 respondit:
630 2148 703 2177 Non
712 2144 837 2178 dubium
859 2145 920 2186 est,
945 2148 1023 2188 qaod
1037 2148 1151 2188 praedi-

254 2191 300 2224 aqi
311 2196 439 2226 Fratres
449 2193 483 2227 ὁ*
499 2192 695 2237 CoEpifiwpi
706 2194 791 2235 nostri
801 2196 959 2230 Numidiae
971 2219 982 2238 ,
1006 2207 1072 2230 eum
1095 2200 1150 2231 Ge-

251 2239 302 2282 sta
312 2241 437 2274 concilii
451 2248 613 2283 acceperint
624 2267 635 2283 ‚
661 2245 696 2277 er
705 2242 767 2285 suos
778 2244 961 2279 adhibebunt
975 2244 1127 2289 consensus
1139 2270 1149 2286 ‚

251 2291 292 2324 et
312 2294 345 2323 tn
365 2289 499 2331 effeHum
519 2292 662 2326 deducere
682 2293 874 2327 maturabant
894 2306 1086 2337 quaecumque
1117 2300 1149 2329 in

256 2339 411 2373 Placitum
432 2346 569 2374 venerint
579 2366 587 2374 .
614 2346 698 2375 Cura
720 2345 786 2386 ergb
797 2343 879 2384 iflius
891 2345 975 2378 Sedis
987 2345 1038 2379 hoc
1051 2343 1148 2388 ipsum

259 2396 294 2422 ut
303 2394 346 2422 eis
356 2394 507 2424 intimetur
521 2415 532 2430 ,
554 2391 655 2434 neceffe
667 2391 704 2432 est
713 2394 885 2434 provideri.
915 2394 1044 2437 Alipius
1057 2419 1068 2435 ,
1080 2395 1148 2429 Au·
1167 2388 1169 2392 ¹

254 2438 407 2484 gustinus
420 2462 431 2478 ‚
455 2451 494 2474 ac
517 2439 678 2475 Poffidius
702 2442 852 2477 videntur
861 2443 879 2477 a
891 2443 1062 2487 Xantippo
1074 2445 1147 2478 Pri-

257 2499 348 2524 mate
368 2490 539 2524 transmissi
550 2490 590 2524 ad
611 2491 785 2534 Synodum
798 2516 806 2524 .
832 2493 934 2540 Qod
946 2504 1055 2528 tamen
1076 2506 1144 2528 non

255 2539 362 2576 essent:
383 2539 596 2582 Synodaliter
620 2540 713 2575 eiecti
737 2553 807 2576 non
831 2544 1095 2587 praesumpserunt
1116 2546 1147 2579 se

258 2589 407 2633 ingerere
421 2614 432 2629 ‚
443 2590 497 2624 sed
509 2592 636 2625 causam
651 2615 662 2631 ‚
688 2602 728 2626 ex
741 2603 804 2635 qua
816 2602 884 2626 non
899 2594 975 2627 efflet
985 2595 1066 2628 faeta
1078 2595 1146 2629 ele-

257 2639 349 2680 ffio,
374 2650 574 2682 exponentes
597 2641 786 2676 obtulerunt
809 2643 975 2686 sejudicio
995 2644 1142 2687 Synodi.
1164 2652 1167 2655 ‘

256 2690 304 2723 Et
315 2688 469 2731 synodus
480 2690 621 2735 gratiose
631 2703 669 2725 ac
677 2692 911 2736 dispensatorie
932 2704 988 2728 eos
998 2694 1138 2729 admisit.

254 2738 315 2773 Ob
326 2740 428 2774 varias
440 2740 547 2775 causas
561 2766 568 2773 .
601 2739 716 2775 Primo
730 2765 741 2782 ,
767 2741 1058 2788 quodintermiffe,
1085 2756 1146 2789 que

254 2789 376 2834 eligere
386 2788 538 2825 debuerat
551 2814 562 2830 ,
588 2790 714 2834 Synodi
727 2794 821 2826 causa
835 2795 910 2827 esset
922 2796 1144 2838 peremptoria.

252 2838 412 2873 Secundo
426 2864 438 2881 ,
463 2839 552 2883 quod
573 2841 825 2884 persanassent
846 2845 939 2878 omni
952 2845 1146 2888 exceptione

259 2889 416 2930 majores,
441 2901 479 2924 ac
502 2890 605 2934 plena:
629 2891 706 2928 fidei
730 2916 739 2924 .
763 2892 907 2934 Tertio,
935 2893 1024 2938 quod
1043 2894 1144 2929 essent

259 2936 420 2972 ordinarii
446 2941 508 2974 suae
530 2939 712 2975 Provinciae
744 2941 861 2986 Legati
897 2943 936 2978 ad
970 2944 1144 2988 Synodos.

254 2986 391 3032 Qarto
404 3011 415 3027 ,
441 2988 530 3031 quod
550 2990 676 3033 Synodi
701 2991 804 3032 Adia,
829 2992 979 3036 adeoque
999 2995 1034 3028 ἀ
1055 2994 1144 3029 suam

261 3035 488 3072 admissionem
499 3063 510 3078 ,
535 3040 728 3083 sponderent
741 3044 928 3077 ratificanda
939 3066 950 3082 ,
967 3044 1146 3087 probanda,

263 3097 303 3120 ac
324 3086 578 3123 admittendaab
603 3092 760 3125 omnisua
772 3091 964 3129 Provincia.
993 3093 1144 3141 Qimd,

255 3135 354 3179 quod
378 3136 473 3170 istam
495 3148 606 3172 cutam
630 3140 782 3177 Aurelius
801 3141 922 3177 diceret
949 3145 1081 3187 spectare
1103 3145 1144 3178 ad

263 3185 354 3220 fliam
366 3186 588 3221 primatialem
599 3189 711 3224 Sedem
723 3216 733 3231 ‚
760 3203 854 3237 atque
869 3193 913 3227 ita
927 3194 963 3227 in
980 3194 1011 3228 se
1023 3194 1144 3238 recipe-

262 3245 313 3270 ret
323 3261 330 3268 .
357 3234 460 3269 Porro
472 3236 530 3270 ista
542 3237 681 3282 Legatio
701 3241 781 3286 eligi
791 3243 906 3277 debuit
917 3255 984 3277 non
1004 3243 1022 3277 a
1033 3244 1145 3288 plena·-

258 3285 312 3323 ,ria
324 3309 335 3326 ,
361 3284 413 3319 sed
427 3286 598 3321 dumtaxat
608 3288 649 3321 ab
671 3289 831 3326 ordinaria
852 3293 1033 3328 Provincia
1044 3296 1147 3337 Syno-

264 3333 327 3375 do,
352 3346 494 3378 quaeerat
508 3337 612 3371 unius.
622 3338 826 3375 solummodo
839 3353 950 3377 turmae
961 3369 969 3376 .

314 3385 440 3419 Eadem
464 3387 498 3420 in
508 3387 647 3428 synodo
657 3388 828 3426 defuerunt
848 3393 966 3437 Legati
991 3394 1147 3428 Maurita-

260 3434 326 3471 nia:
348 3434 558 3470 Caesaraeenfis
580 3461 591 3477 ‚
630 3448 668 3471 ac
698 3438 914 3481 Tripolitanae
945 3441 1141 3484 Provinciae.

368 3484 476 3526 christ.
488 3490 566 3530 Lupi
576 3492 675 3530 opera
685 3491 719 3522 T.
731 3493 813 3522 Vm.

1916 175 2014 220 207

1199 242 1293 279 Hinc
1311 242 1446 288 quidam
1467 243 1622 287 Episcopi
1644 244 1846 287 haesitat-unt,
1872 256 1980 283 utrum
2001 250 2079 284 esset

1199 293 1369 338 aperienda
1382 293 1555 337 Synodus,
1581 293 1734 338 &inipsa
1744 297 2003 340 procedendum.
2031 301 2080 335 At

1201 342 1277 378 vero
1298 344 1465 379 Lucianus
1487 344 1521 378 &
1542 343 1724 386 sylvanus,
1749 348 1903 382 Sitifensis
1921 349 2080 388 Maurita-

1202 394 1262 428 niae
1281 393 1398 440 Legati
1421 417 1433 434 ,
1458 394 1687 438 reposuerunt:
1713 395 1781 427 Ser&
1805 398 1849 429 ad
1865 397 2080 442 Caesaraeenses

1202 447 1329 478 Fratres
1342 443 1450 485 nostros
1460 444 1613 478 TraHoria
1623 449 1726 478 venit.
1753 448 1840 478 Nam
1845 448 1914 485 jam
1924 450 1957 482 Θ·
1974 450 2082 483 illive-

1201 500 1322 528 nirent.
1342 498 1456 528 Tamen
1479 494 1585 537 neceffe
1602 494 1661 534 est,
1685 503 1719 528 ut
1728 500 1871 528 ventam.
1899 499 1943 530 Et
1961 498 2082 541 confidi-

1202 556 1267 577 mus
1289 545 1326 578 de
1338 550 1448 578 animis
1467 543 1614 588 ipsorum,
1640 549 1712 586 quia
1731 542 1762 585 fi
1766 545 1843 586 quid
1850 549 1883 577 in
1895 545 1946 578 hoc
1956 548 2084 580 Concilio

1196 594 1307 638 gestum
1320 594 1439 637 fuerit,
1464 594 1565 637 &ipfi
1579 594 1640 635 fine
1652 594 1741 628 dubio
1744 592 1815 637 suos
1833 592 1987 637 consensus
1997 598 2084 630 adbi-

1202 644 1312 677 bebunt
1326 669 1333 676 .
1359 645 1495 690 Rogant
1520 645 1703 679 &suadent
1713 644 1856 689 Legatos
1869 644 1946 678 istos
1966 647 2084 680 tantis-

1204 703 1258 735 per
1269 696 1427 738 expediari
1442 718 1454 734 ‚
1477 705 1575 738 atque
1599 694 1643 728 ita
1661 694 1782 729 differri
1793 694 1983 738 Synodum:
2010 695 2086 730 Pro-

1203 742 1333 777 fitentur
1344 754 1453 779 tamen
1467 768 1478 783 ,
1504 745 1526 777 si
1547 744 1604 779 diu
1616 755 1804 784 morentur,
1829 745 1917 789 posse
1935 745 2083 789 procedi.

1205 792 1251 827 At
1271 794 1348 831 vero
1370 794 1412 829 de
1433 794 1653 838 Tripolitanae
1665 795 1847 829 Provincia:
1857 796 1984 839 Legato
2000 795 2088 830 dixit

1204 843 1244 876 ad
1255 844 1437 890 ‚synodum
1471 843 1587 878 Praeses
1608 843 1760 878 Aurelius
1781 858 1792 878 .-
1819 848 1866 878 De
1891 847 2088 887 Tripolitanis

1206 893 1368 926 Fratribus
1389 894 1491 933 nastris
1514 894 1565 927 hoc
1582 900 1666 937 potui
1677 893 1837 937 condiscere
1848 918 1859 934 ‚
1886 897 1967 937 quod
1984 897 2089 929 Dulci-

1204 948 1281 976 tium
1301 948 1446 978 Fratrem
1472 944 1598 984 nestrum
1615 945 1829 985 destinaverint
1839 947 2002 988 Legatum.
2028 947 2091 980 sed

1204 998 1275 1033 quia
1289 1004 1346 1025 non
1354 1000 1452 1035 potuit
1461 1005 1604 1029 occurrere
1614 1020 1625 1036 ‚
1651 994 1702 1028 hoc
1711 995 1950 1039 affeveraverunt
1962 997 2091 1038 quidam

1162 1059 1163 1062 =
1200 1040 1258 1082 filii
1268 1042 1376 1083 nostri,
1402 1050 1553 1077 venientes
1561 1046 1599 1078 de
1604 1044 1782 1088 supradida
1801 1048 1986 1086 Provincia,
2013 1046 2093 1088 quud

1205 1099 1384 1125 memoratus
1405 1099 1482 1127 navi
1488 1092 1523 1135 se
1535 1093 1708 1136 commiserit
1720 1119 1732 1135 ‚
1757 1096 1976 1130 &credendum
1993 1095 2032 1136 est
2045 1107 2095 1129 ac-

1206 1141 1494 1184 cidiffe‘nonttullam
1509 1144 1553 1177 ,de
1567 1144 1786 1185 tempestatibus
1808 1157 1921 1180 moram
1932 1170 1942 1186 ,
1969 1156 2038 1188 qaae
2048 1156 2095 1180 re-

1198 1191 1342 1224 'tardarit
1361 1193 1426 1232 ejus
1451 1193 1636 1225 adventum.
1662 1196 1775 1226 Tamen
1797 1200 1888 1226 etiam
1904 1200 1983 1229 circa
1996 1194 2095 1238 ipsos,

1201 1240 1232 1283 fi
1248 1240 1402 1278 Charitati
1426 1241 1530 1281 vestrae
1544 1243 1646 1284 placet
1659 1266 1670 1282 ,
1696 1240 1759 1275 baec
1771 1241 1876 1283 forma
1898 1242 2096 1290 J'ervpbitur,

1166 1288 1168 1319 ’-
1199 1300 1244 1335 με
1267 1292 1385 1324 Placita
1407 1293 1532 1325 Concilii
1558 1293 1604 1327 ad
1628 1290 1740 1334 eosdem
1761 1291 2005 1335 transmittantur
2018 1318 2025 1325 .
2052 1295 2099 1329 Et

1166 1363 1170 1378 ς
1201 1339 1366 1384 {Synodus
1387 1341 1547 1385 reposuit:
1575 1347 1649 1380 Haec
1669 1352 1737 1384 quae
1759 1341 1868 1382 statuit
1888 1343 2038 1376 Sanaitas
2048 1355 2099 1378 ve·

1168 1386 1169 1389 ’
1202 1387 1292 1431 '‘stra,
1318 1391 1451 1424 omnibus
1468 1394 1608 1434 placent·
1632 1391 1778 1429 Proinde
1799 1394 2010 1436 quantumvis
2032 1405 2101 1429 ma·

1210 1440 1265 1484 jor
1284 1440 1484 1486 Legatorum
1506 1454 1599 1486 pars,
1614 1443 1722 1478 etiam
1745 1454 1785 1476 ex
1814 1443 1935 1484 caufis,
1960 1442 2101 1483 abesset,

1202 1489 1364 1532 synodus
1375 1502 1502 1535 poterat
1515 1503 1646 1538 pergere
1658 1517 1670 1533 ‚
1696 1493 1730 1528 ἃ
1742 1490 1883 1528 habebat
1893 1493 2025 1535 plenam
2044 1505 2103 1528 au-

1213 1539 1420 1577 thoritatem.
1448 1542 1668 1591 Quodipsum
1692 1544 1866 1578 confirmat
1883 1543 2102 1579 Honorati&

1215 1589 1372 1632 Urbani,
1397 1592 1599 1629 sitifensium
1621 1592 1821 1636 Legatotum
1834 1616 1845 1632 ,
1871 1592 1912 1627 ad
1932 1592 2103 1639 Carthagi-

1215 1641 1347 1675 nensem
1359 1642 1530 1684 synodum
1543 1642 1774 1677 interlocutio:
1796 1645 1829 1687 J
1831 1654 1881 1675 am
1891 1642 2004 1676 dudum
2014 1668 2024 1684 ‚
2036 1654 2102 1677 curn

1204 1692 1298 1731 apud
1306 1691 1500 1725 sanititatem
1514 1692 1643 1731 vestram
1653 1692 1847 1735 allegaremus
1858 1694 1975 1734 Scripta
1986 1717 1997 1733 ‚
2023 1694 2102 1726 dila-

1214 1746 1239 1775 ti
1246 1738 1352 1782 sumus
1379 1752 1414 1774 ea
1425 1741 1685 1783 contemplatione,
1713 1740 1854 1784 quousque
1866 1745 1996 1778 Fratres
2014 1742 2102 1784 nostri

1203 1785 1358 1827 jadvenire
1375 1791 1486 1835 poffent
1509 1792 1546 1826 de
1567 1792 1720 1827 Numidia
1730 1793 1852 1835 Legati.
1882 1792 1943 1825 Sed
1960 1794 2031 1834 quia
2043 1803 2104 1826 nan

1210 1843 1374 1884 pauctdies
1381 1840 1476 1885 sum,
1502 1841 1607 1884 quibus
1620 1840 1915 1885 exspec‘iatiminime
1937 1851 2103 1884 venerunt,

1213 1893 1294 1925 ultra
1311 1899 1563 1934 ptaetermittere,
1590 1903 1658 1934 quae
1681 1891 1762 1924 nobis
1774 1892 1920 1925 mandata
1939 1889 2106 1933 funtana-

1203 1942 1281 1984 ⁵ffris
1302 1941 1534 1985 Co-Episcopis,
1561 1953 1618 1977 non
1639 1950 1773 1983 oportet,
1798 1950 1887 1984 atque
1911 1942 1974 1974 idei
1986 1965 1998 1982 ,
2026 1946 2106 1976 Fra-

1213 2000 1274 2027 tres
1287 2017 1299 2035 ,
1318 1990 1531 2037 suggestionem
1552 1992 1679 2034 nostram
1698 1990 1827 2029 libenter
1852 1992 2003 2028 admittite
2024 2017 2032 2025 .
2059 1993 2106 2030 Et

1216 2043 1370 2085 Synodus
1393 2042 1520 2077 admisit
1533 2054 1572 2077 ac
1583 2044 1733 2086 proceffit
1744 2069 1752 2077 .

1264 2091 1368 2126 Porro
1391 2093 1510 2137 Legati
1532 2093 1690 2127 adducere
1702 2093 1883 2127 debuerunt
1896 2092 2025 2127 vat-iasa
2037 2095 2100 2127 sua:

1213 2141 1396 2176 Provinciae
1416 2141 1554 2185 Synodo
1574 2143 1713 2177 litteras.
1742 2142 1855 2177 Primo
1865 2142 2100 2176 testimoniales

1214 2192 1275 2227 suae
1293 2192 1486 2237 Legationis
1507 2192 1627 2227 litteras
1646 2217 1659 2234 ‚
1683 2193 1747 2227 sive
1775 2193 1985 2233 Trastoriam
2006 2218 2013 2224 .
2054 2193 2100 2226 Et

1214 2242 1294 2285 ipsas
1321 2241 1572 2284 examinandas,
1600 2242 1802 2286 probandas,
1829 2242 1936 2277 Gestis
1959 2244 2101 2276 inseren-

1211 2291 1267 2326 das
1274 2290 1428 2327 exhibere
1438 2292 1575 2336 Synodo
1585 2318 1592 2325 .
1605 2293 1698 2327 Hinc
1710 2294 1751 2328 ad
1760 2295 1850 2327 suam
1860 2292 2101 2336 Carthaginen-

1210 2343 1276 2376 sem
1287 2367 1299 2383 ‚
1311 2340 1495 2377 Theodosii
1505 2355 1542 2377 ac
1554 2342 1742 2377 Rumorodi
1753 2343 1940 2376 Consulatu
1957 2342 2101 2376 celebra·

1212 2403 1303 2433 tam,
1330 2393 1502 2436 Synodum
1523 2392 1674 2437 praefatur
1700 2392 1855 2427 Aurelius
1876 2406 1883 2425 :
1910 2393 1990 2426 ordo
2000 2403 2100 2426 rerum

1209 2441 1335 2485 deposcit
1349 2467 1360 2482 ,
1385 2451 1419 2475 ut
1442 2444 1584 2484 primitus
1596 2444 1634 2476 de
1647 2442 1811 2476 Fratribus
1822 2441 1926 2482 nostris
1944 2444 1977 2476 &⁴
1990 2441 2102 2484 Consa-

1208 2492 1371 2526 cerdotibus
1383 2517 1393 2532 ,
1419 2497 1472 2534 qui
1492 2493 1538 2525 ad
1555 2492 1717 2527 Concilium
1739 2493 1790 2525 vel
1807 2493 1845 2526 de
1867 2494 1991 2530 eracIo
2004 2516 2014 2532 ,
2043 2494 2097 2526 vel

1207 2544 1284 2576 certe
1294 2543 1332 2575 de
1353 2544 1541 2576 Mauritania
1563 2549 1781 2582 convenerunt,
1805 2552 1975 2583 quaeramus
1997 2554 2101 2584 quem-

1209 2592 1367 2625 admodum
1378 2591 1445 2625 huic
1458 2592 1591 2625 concilio
1601 2592 1788 2626 decreverint
1802 2591 1931 2635 intereffi
1940 2618 1947 2623 .
1975 2594 2020 2623 Et
2031 2591 2099 2633 offe·

1208 2642 1340 2684 rentibus
1363 2640 1543 2685 philologio,
1569 2644 1668 2680 Geta,
1694 2640 1889 2682 Venustiano,
1915 2642 1949 2675 ὀ·
1973 2642 2101 2675 Felicia.

1208 2703 1267 2732 no,
1292 2690 1447 2735 EpiftopIs
1460 2694 1630 2726 Provinciae
1639 2693 1801 2730 Byzacenae
1813 2715 1824 2732 ‚
1853 2695 2023 2735 Legationis
2047 2694 2097 2725 lita

1208 2752 1314 2783 teras,
1337 2742 1371 2775 Θ
1396 2746 1527 2776 recitatis
1546 2753 1556 2784 3
1583 2741 1770 2782 offerentibus
1793 2748 1884 2776 etiam
1912 2745 2042 2774 Luciano
2062 2743 2097 2776 (π

1207 2794 1333 2831 sylvano
1344 2816 1355 2832 ,
1383 2795 1505 2836 Legatis
1518 2795 1713 2826 Mauritaniae
1732 2789 1874 2833 Sitifensis
1886 2816 1897 2833 ,
1923 2795 2097 2836 Legationis

1205 2846 1343 2882 litteras,
1373 2843 1408 2876 ὁ·
1434 2847 1567 2876 recitatis
1593 2854 1607 2884 ;
1635 2843 1770 2875 Aurelius
1799 2840 1966 2886 Episcopus
1992 2843 2096 2875 dixit:

1209 2898 1318 2926 Horum
1343 2893 1523 2933 Scriptorum
1545 2901 1646 2926 textus
1663 2889 1838 2934 servabitur
1864 2891 1957 2931 Gestis
1975 2916 1983 2925 .
2010 2892 2096 2927 Sunt:

1207 2952 1346 2985 quatuor
1371 2941 1532 2984 Byzaceni
1556 2966 1567 2983 ,
1592 2942 1659 2976 duo
1680 2941 1850 2976 dumtaxat
1870 2941 1991 2985 Legati
2022 2941 2098 2979 Siti,

1206 2992 1326 3026 fenses.
1354 2992 1479 3028 Contra
1492 2992 1657 3037 regulam.
1683 2991 1862 3029 Rationem
1874 2991 2012 3036 ignoro.
2039 2992 2097 3026 Su·

1208 3042 1310 3086 spicor
1320 3041 1382 3076 effe
1393 3042 1571 3076 mendum.-
1598 3041 1720 3076 Unum
1743 3036 1927 3080 Sitifensem
1952 3040 2095 3085 Scripto-

1208 3104 1278 3127 rum
1300 3092 1381 3126 vitio
1402 3092 1552 3136 migrasse
1575 3091 1616 3126 ad
1642 3090 2014 3134 Byzacenos.—1,nterim
2033 3090 2094 3128 ista

1208 3143 1384 3177 Traaoriae
1418 3141 1583 3176 exhibitio
1619 3153 1687 3176 non
1714 3142 1777 3176 fuit
1815 3140 1904 3175 Afris
1940 3141 2068 3186 propria
2081 3164 2094 3181 ,

1208 3193 1262 3228 sed
1297 3193 1340 3227 est
1363 3202 1540 3226 commune
1561 3191 1612 3234 jus
1637 3191 1739 3226 totius
1767 3191 1910 3226 Ecclesiae
1935 3217 1943 3224 .
1972 3192 2091 3225 Praeter

1208 3243 1282 3278 istas
1306 3242 1428 3276 litteras
1452 3242 1567 3285 Legati
1594 3240 1776 3276 habuerunt
1802 3243 1881 3282 sua,
1907 3252 1978 3285 quae
2002 3251 2091 3286 egre·

1206 3293 1240 3328 di
1267 3304 1335 3327 non
1363 3300 1513 3334 poterant
1539 3316 1549 3333 ,
1588 3293 1649 3326 suae
1674 3291 1801 3335 Synodi
1835 3291 1996 3328 Mandata
2017 3313 2028 3330 ,
2052 3300 2089 3337 ac

1205 3344 1261 3378 sua
1292 3341 1556 3377 Commonitoria
1577 3365 1585 3372 .
1618 3343 1699 3376 item
1726 3340 1873 3385 quaedam
1897 3341 1968 3375 solo
1992 3338 2089 3374 verbo

1205 3394 1286 3429 citra
1318 3393 1481 3436 Scriptum
1509 3390 1687 3426 Mandata.
1714 3391 1848 3427 Etenim
1862 3390 1984 3433 praefati
2010 3389 2089 3421 Hoa

1206 3451 1338 3479 notatus
1363 3442 1398 3477 δε
1424 3441 1583 3478 Urbanus
1609 3441 1724 3526 dietgnt
1749 3439 1790 3479 ad
1812 3439 2086 3520 Synodurttllszt

1741 3501 1764 3528 2
1963 3498 1973 3519 ι
1996 3497 2013 3520 u
