2326 3718
122 1894 210 1936 Epist·
227 1905 254 1932 7·

99 2773 184 2813 Epist-
194 2776 256 2811 263.

380 113 480 157 250

308 182 389 216 nullo
402 182 485 215 modo
507 176 563 221 ipfi
579 181 613 212 in
626 178 732 222 Αρια
753 182 851 222 talia,
871 184 979 226 qualia
990 184 1062 225 jam
1070 191 1198 216 comme-

306 242 422 266 morare
433 228 571 262 nolebant
582 253 594 270 ,
620 232 745 265 tolerare
753 241 919 277 cogerentur
933 258 941 266 .

355 278 492 315 Relatio
512 276 583 314 haec
604 281 794 317 commiscet
807 295 879 318 vera
892 281 994 316 falsis.
1022 278 1138 317 Primo
1150 281 1196 315 af-

303 331 412 364 firmat
423 354 435 370 ‚
461 330 552 375 quod
565 332 676 366 omnis
689 331 757 367 haec
769 333 941 370 contentio
954 331 1122 376 originem
1133 330 1193 365 du-

302 381 389 415 xerit
407 392 452 415 ex
466 380 594 425 Apiar-ii
606 381 757 416 Siccenfis
778 381 984 423 Presbyteri,
1007 383 1026 416 ὲ
1044 383 1102 416 suo
1115 381 1191 425 Epi-

791 115 801 118 ··
825 98 916 146 DE.
940 94 1278 147 Armenium
1314 99 1620 150 Eccmzsim
1667 107 1671 111 '

1255 181 1339 215 rebat
1363 205 1376 222 ‚
1400 183 1434 216 Si
1453 187 1487 218 in
1506 184 1605 227 nostra
1623 183 1766 229 potestate
1783 185 1824 230 ιβ
1841 198 1901 224 iton
1921 196 2044 234 peceare
2068 191 2082 234 ἦ
2104 194 2140 229 Θ

1254 237 1288 265 tn
1313 231 1412 272 nostra
1435 234 1579 276 potestate
1605 236 1644 278 est
1675 247 1776 273 omnes
1804 248 1986 282 peccaturam
2005 247 2144 278 tentatio-

1254 291 1308 315 nes
1330 279 1402 325 solis
1427 284 1592 320 voluntatis
1619 285 1722 327 nostrae
1746 289 1862 324 viribus
1881 289 2044 334 siverat,
2067 305 2142 338 qua-

1253 342 1285 365 re
1311 334 1376 366 Deo
1400 334 1527 372 dicimus
1550 361 1563 379 ,
1589 337 1644 372 Ne
1668 348 1732 372 nos
1755 337 1877 374 inferas
1908 341 1948 377 in
1981 344 2142 379 tentatio-v

1253 392 1330 416 nem
1354 382 1376 414 ἑ
1415 385 1506 427 ,Quid
1539 397 1605 421 eum
1640 393 1765 430 putatis
1800 388 1973 434 respondit&
1995 394 2025 426 ἒ-
2039 397 2144 439 Roga-

302 433 403 476 scopo
428 431 594 471 damnati,
621 432 840 475 appellatione
863 432 903 465 ad
925 431 1126 473 Zozimum,
1153 442 1191 474 ac
1250 442 1316 465 mus
1342 456 1356 473 ,
1376 438 1477 476 inquit
1500 459 1512 476 ,
1538 439 1636 473 Deum
1656 463 1672 479 ,
1708 437 1765 473 Ne
1783 449 1846 474 nos
1865 439 1987 476 inferat
2010 441 2045 478 in
2068 456 2139 480 ten-

299 482 372 525 ejus
393 493 447 526 per
462 481 609 517 'eundem
632 481 830 528 Pontificem
855 482 1061 525 reparatione
1084 483 1118 517 in
1139 480 1189 516 sui
1250 482 1412 518 tationem
1438 508 1450 524 ‚

299 532 420 577 gradus
441 532 734 566 communionem.
763 531 806 565 Et
828 529 893 565 hoc
916 532 960 565 est
977 542 1103 567 verum,
1135 531 1189 568 Se·

298 582 412 617 cundo
433 583 571 617 affirmat
582 581 759 614 Zozimum
781 581 821 615 ad
836 579 904 616 haec
928 581 1084 616 tentanda
1096 582 1189 616 fuiss'e

296 631 508 676 subreptione
527 639 723 674 praeventum
735 655 743 662 .
773 631 818 664 Et
829 629 894 665 hoc
908 631 953 665 est
966 632 1083 667 falfiim
1096 653 1103 664 ·
1132 632 1187 667 Et-

296 684 387 718 enim
399 682 556 716 Zozimus
567 680 636 724 egit
649 690 688 713 ex
701 691 788 715 certa
809 679 941 716 scientia
952 707 962 722 ,
987 693 1028 716 ex
1041 682 1181 717 Canoni-

293 732 355 773 bus
374 731 521 771 Nicaenis
539 741 581 770 ac
599 730 864 774 Sardieensibus,
891 742 933 765 ex
952 733 1099 781 ,genqrali
1111 743 1182 767 om-

293 785 387 817 nium
414 779 631 815 Ecclefiarum
654 779 910 823 consuetudine,
936 782 1022 826 apud
1046 784 1182 828 quasin—

291 833 391 866 ferior
403 833 503 866 etiam
516 830 631 866 Clerus
642 832 707 866 fuit
728 832 849 876 semper
861 833 1028 877 permissus
1037 834 1180 868 Romam

291 893 487 926 provocare.
515 881 677 925 Etipsum
691 882 830 926 *strenue
851 883 1059 925 animavit-ac
1073 882 1182 924 stimu-

289 933 370 967 lavit
388 944 467 975 tunc
477 943 674 971 concurrens
689 932 839 968 Romana
860 934 994 968 Celestii
1008 934 1180 975 Haeresiar·

288 982 358 1018 chae
385 983 562 1029 appellatio
574 1008 585 1025 ‚
613 983 763 1018 adversus
783 993 882 1030 quam
897 985 1007 1035 nullus
1019 988 1177 1021 Afrorum

289 1034 473 1080 Episcopus
493 1033 669 1072 interceffit
694 1059 702 1068 .
730 1035 792 1071 ille
811 1036 946 1071 censuit>
960 1038 1023 1071 esse
1043 1037 1177 1081 parifor·

285 1095 375 1119 mem
397 1085 573 1128 utrobique
595 1085 780 1124 rationem,
812 1087 896 1135 Qae
907 1087 1019 1122 omnia
1032 1087 1177 1123 attende-

282 1144 361 1168 runt
373 1135 442 1179 ejus
454 1136 536 1169 item
560 1134 762 1170 Successores
774 1136 965 1172 Bonifacius
990 1138 1025 1172 &
1037 1137 1174 1172 Caelesti-

283 1195 346 1219 nus
375 1209 386 1226 ‚
413 1186 554 1228 ideoque
575 1187 702 1219 causam
727 1188 802 1220 sunt
823 1187 972 1222 animose
991 1188 1173 1232 prosecuti.

282 1234 442 1270 zozimus
470 1236 511 1268 in
534 1235 682 1270 Africam
717 1237 802 1271 misit
829 1248 971 1279 quatuor
995 1237 1174 1280 Capitula,

280 1285 342 1320 tria
366 1286 474 1329 priora
499 1286 660 1319 mandans
683 1285 836 1328 deinceps
859 1286 1039 1319 observari.
1068 1285 1174 1332 Q-uar-

280 1343 354 1369 tum
380 1335 557 1369 mandabat
582 1333 761 1370 Urbanum
782 1334 1007 1378 Episcopum,
1036 1336 1095 1369 nifi
1108 1337 1173 1370 Ro·

277 1394 411 1419 manam
431 1383 557 1427 Apiarii
577 1384 813 1428 reparationem
833 1385 1020 1420 admitteret
1039 1397 1078 1421 ac
1102 1398 1172 1420 exe·

277 1445 451 1479 queretur,
479 1434 595 1478 privari
617 1435 857 1469 communione
881 1460 893 1476 ‚
920 1435 1026 1470 immo
1047 1437 1080 1470 ἀ
1105 1437 1173 1470 Ro·

276 1492 364 1520 mam
390 1485 431 1520 ad
441 1486 570 1519 causam
594 1484 770 1519 dicendam
783 1487 931 1520 evocari.
960 1485 1172 1522 Mandatira-

275 1534 623 1570 dicem‘Duziacenfis
654 1534 807 1576 synodus
836 1534 974 1571 obscure
995 1537 1169 1580 exprimit.

273 1586 389 1621 Radix
409 1595 477 1619 erat
494 1609 505 1626 ,
528 1585 618 1628 quod
646 1583 806 1620 Urbanus
830 1595 1024 1629 provocaret
1043 1587 1085 1622 ad
1109 1587 1173 1621 avi.

273 1646 342 1670 tam
365 1636 529 1670 Africanae
544 1634 697 1670 Ecclefiae
708 1635 982 1671 consuetudinem
994 1661 1005 1677 ,
1034 1636 1173 1681 ideoque

276 1685 322 1719 Pa
329 1687 391 1729 pali
405 1687 550 1721 Decreto
571 1687 802 1730 refragaretur.
830 1687 866 1720 N
869 1686 979 1721 olebat
988 1697 1170 1730 reparatum

274 1736 395 1771 Roma:
409 1736 581 1780 Apiarium
596 1737 631 1770 in
641 1736 781 1780 gradum
793 1748 966 1779 reponere.

326 1787 461 1822 Urbani
487 1786 640 1821 Siccensis
654 1787 807 1830 Episcopi
824 1788 1010 1831 frequenter
1018 1787 1170 1823 meminit

272 1838 409 1872 Sanctus
435 1836 660 1882 Augustinus.
688 1837 727 1870 ln
749 1836 918 1872 litterisad
936 1838 1093 1874 Sanstum
1106 1838 1172 1874 Co·

273 1889 388 1924 mitem
413 1899 452 1922 ac
473 1887 658 1930 Martyrem
681 1886 916 1930 Marcellinum
939 1901 947 1921 :
975 1888 1030 1928 Ille
1058 1889 1170 1922 litterae

273 1946 357 1981 nm,
381 1949 457 1981 quas
470 1938 625 1975 Presbyter
633 1936 773 1971 Urbanus
782 1938 905 1971 attulit.
934 1937 1071 1981 Utique
1081 1936 1170 1972 Pres-

272 1991 369 2033 byter
380 1989 602 2032 Hipponensis
616 1986 764 2022 Ecclesiae
776 2011 787 2028 ,
811 1988 847 2021 in
866 1987 975 2021 Sancti
990 1987 1169 2032 Augustini

270 2039 501 2075 Monasterio.
527 2038 569 2071 ln
591 2037 707 2071 litteris
727 2038 768 2071 ad
792 2038 947 2072 Sanctum
968 2037 1168 2071 Paulinum:

271 2093 497 2123 con-Diaconus
509 2087 602 2127 noster
627 2089 824 2130 Peregrinus,
851 2088 988 2129 eat-quob
1009 2098 1057 2120 me
1062 2086 1169 2130 profe·-

271 2140 338 2174 Hus-
362 2138 422 2179 est,
447 2149 510 2172 cum
533 2137 640 2171 sancio
650 2140 762 2170 Fratre
773 2136 865 2177 nostro
881 2137 1022 2176 Urbano,
1047 2139 1169 2180 quando

271 2189 470 2233 Episcopatus
488 2187 640 2232 sarcinam
657 2185 759 2230 subire
777 2192 934 2229 perrexit,
961 2187 1092 2221 nondum
1117 2199 1168 2220 re-

270 2246 386 2275 meavit
396 2246 564 2282 Hipponem
575 2263 582 2270 .
612 2237 773 2272 Urbanus
787 2237 888 2282 igitur
904 2249 945 2272 ex
959 2237 1166 2281 Hipponensi

269 2291 479 2326 clericorum
503 2287 707 2323 Monasterio
729 2287 774 2320 est
788 2291 959 2330 promotus
971 2288 1012 2320 ad
1031 2288 1168 2330 Episco-

268 2336 382 2385 patum
395 2365 402 2372 .
430 2339 582 2372 Succeffit
596 2338 836 2371 Fortunatiano
849 2361 860 2378 ‚
871 2337 911 2372 ad
921 2347 1019 2380 quem
1032 2337 1167 2371 sanctus

271 2442 408 2474 stolam.
437 2439 489 2472 Ex
501 2449 569 2482 quo
582 2437 670 2470 lucet
683 2437 999 2482 Augustinianarum
1016 2437 1167 2481 'epistola-

271 2502 344 2526 rum
356 2489 508 2523 ordinem
521 2498 588 2521 non
602 2487 665 2520 esse
675 2486 838 2532 digestum
849 2486 888 2520 ad
901 2487 1060 2525 rationem
1081 2497 1167 2522 tern-

270 2541 362 2586 poris
387 2565 394 2573 .
423 2539 558 2573 Etenim
593 2538 849 2572 Fortunatianns
881 2547 949 2571 erat
974 2537 1167 2578 defunctus,

271 2585 448 2635 antequam
473 2587 677 2634 Augustinus
705 2587 853 2622 scriberet
863 2588 1166 2633 quinquagesimam

274 2653 400 2677 nonam
425 2640 595 2684 epistolam
618 2663 624 2670 .
653 2638 805 2672 Eundem
831 2637 1011 2672 Urbanum
1032 2638 1167 2673 Sanstus

273 2691 373 2726 Pater
398 2689 509 2725 laudat
529 2691 563 2724 in
587 2687 724 2733 epistola
753 2688 795 2722 ad
816 2688 957 2721 Darium
976 2689 1166 2722 Comitem:

274 2741 427 2775 Urbanum
438 2738 752 2782 apudcimhagmem
763 2744 795 2770 in
810 2736 959 2778 Hilarensi
968 2740 1083 2780 Oppido
1096 2763 1106 2778 ,
1134 2740 1168 2772 (a

274 2794 360 2827 modo
383 2798 415 2824 in
441 2789 561 2832 siccensi
580 2800 607 2823 te
620 2788 691 2832 nosse
696 2794 860 2831 pervenit.
889 2788 1045 2822 Etiamin
1060 2791 1167 2832 primo

275 2845 407 2878 suorum
428 2842 614 2875 sermonum
627 2841 813 2883 fragmento
825 2838 934 2873 scribit
952 2839 1088 2872 Sanstus
1099 2841 1167 2872 Au-

276 2893 425 2939 gustinus
439 2903 446 2923 :
479 2893 546 2924 Alia
559 2892 616 2924 duo
629 2914 640 2930 ,
667 2889 813 2923 Dimitte
823 2889 919 2923 nobis
927 2889 1037 2923 debita
1050 2889 1169 2929 nostra,

277 2946 357 2979 sicut
369 2944 402 2977 &
415 2953 475 2976 nos
484 2941 682 2975 dimittimus
691 2938 893 2973 debitoribus
906 2940 1021 2973 nostris
1032 2965 1042 2980 ,
1070 2941 1104 2974 Θ
1115 2940 1168 2973 Ne

279 3005 339 3027 nos
364 2993 500 3027 inducas
523 2990 802 3026 intentationem
813 3015 821 3030 ‚
848 2991 967 3031 quando
995 2991 1166 3033 Pe'lagianis

280 3043 474 3082 objiciuntur,
503 3043 580 3085 quid
598 3053 646 3075 eas
668 3046 787 3083 putatis
809 3039 979 3082 respondere
997 3042 1018 3072 ?‘
1036 3045 1165 3079 Hormi,

283 3097 411 3126 Fratres
433 3098 488 3124 mci
501 3116 510 3131 ,
538 3092 654 3134 quando
676 3092 800 3124 audivi.
834 3093 900 3133 Ego
910 3092 1028 3132 quidem
1038 3100 1095 3123 non
1108 3101 1165 3122 itu-

283 3143 350 3176 divi
362 3143 481 3179 auribus
493 3148 565 3175 meis
581 3166 591 3183 ,
610 3140 669 3184 sed
677 3141 801 3174 sanctus
814 3144 927 3173 Frater
943 3142 977 3174 (Β
989 3138 1167 3182 Go-Epifto-

278 3200 338 3235 pus
349 3201 428 3222 meus
441 3191 575 3224 Urbanus
587 3216 597 3231 ,
625 3191 715 3230 noster
728 3197 776 3233 qui
795 3189 843 3222 bic
858 3189 1082 3231 Presbyterfuit
1095 3212 1107 3228 ,
1132 3192 1166 3223 (π

283 3242 366 3275 modo
374 3239 415 3280 est
425 3240 554 3279 Siccenfis
566 3240 729 3283 Episcopus
742 3266 752 3281 ,
778 3252 844 3274 cum
855 3241 1013 3283 remeasset-i
1027 3239 1073 3279 ab¹
1090 3239 1166 3272 Urbe

285 3295 380 3326 Roma
403 3314 414 3330 ,
441 3291 474 3322 (9·
496 3288 537 3320 ibi
571 3301 635 3322 cum
657 3291 785 3332 quodam
809 3292 886 3324 talia
902 3290 1049 3334 sentiente
1064 3290 1164 3327 confli-

279 3350 364 3387 geret
375 3364 386 3381 ‚
412 3341 464 3372 vel
468 3336 500 3382 se
520 3338 671 3380 conflixiffe
681 3341 804 3380 referret
815 3365 825 3380 ,
852 3352 917 3373 cum
925 3348 1076 3384 urgeretur
1090 3347 1165 3380 pon-

284 3393 353 3427 dere
364 3394 506 3425 orationis
528 3392 689 3422 Dominicae
701 3411 713 3428 ‚
738 3390 860 3432 urgebat
869 3397 949 3425 enim
957 3402 1044 3432 eum,
1068 3389 1102 3422 δ’
1119 3391 1165 3422 di-

270 2389 480 2434 Augustinus
502 2388 621 2430 scripsit
640 2387 848 2421 centesimam
873 2387 1082 2422 undecimam
1096 2398 1136 2430 ep

1483 496 1520 519 ne
1539 488 1655 530 aliquid
1672 489 1744 523 mali
1756 494 1913 531 patiamur·
1941 515 1953 531 ,
1974 493 2059 534 qaod
2078 505 2137 531 non

1247 531 1392 567 habemus
1412 538 1445 567 in
1466 535 1609 577 potestate
1630 553 1642 573 .-
1668 543 1721 573 Ne
1746 551 1831 573 ruam
1853 542 1892 574 de
1916 553 1989 584 equo
2005 565 2019 582 ‚
2044 543 2079 576 Θ
2102 555 2139 577 ne

1241 581 1394 627 frangam
1410 586 1540 627 pedem,
1570 588 1742 634 &nejano
1753 591 1968 634 meinterficiat
1982 616 1992 632 ‚
2018 593 2139 635 &quil

1246 632 1431 677 hujusmodi.
1458 636 1610 672 Eandem
1632 638 1887 683 disputationem
1913 643 2046 676 Sanctus
2069 641 2138 683 Au,-

1245 685 1396 728 gustinus
1418 686 1530 720 laudat
1550 688 1585 722 in
1607 688 1694 723 libro
1705 689 1747 724 de
1758 690 1850 726 dono
1872 693 2135 736 perseverantiae:

1244 738 1282 767 In
1293 735 1490 777 confffanum
1503 737 1590 771 librir
1613 739 1682 772 dlxi
1694 742 1757 772 Deo
1768 741 1858 781 noJIro
1869 766 1879 782 ,
1907 743 2035 787 &saepc’
2047 743 2116 777 dixi
2124 767 2132 776 .
2159 758 2230 798 Cap.
2245 771 2261 789 ι
2268 773 2294 792 ⁰·

1245 785 1301 818 Da
1312 785 1403 829 quod
1414 787 1504 829 jubes
1517 811 1528 827 ‚
1554 787 1679 830 &jube
1696 789 1784 831 quod
1798 792 1862 826 vis.
1888 794 1969 836 ,ραι
1989 804 2057 827 mea
2066 803 2136 826 ver·

1242 835 1283 868 ba
1296 836 1438 880 Pelagius
1451 840 1554 871 Romae
1564 862 1576 878 ,
1601 849 1667 872 cum
1684 840 1706 871 ἃ
1725 841 1852 883 quodam
1869 846 1982 876 Fratre
2003 846 2136 887 001Ep1-

1237 883 1323 928 scopo
1345 898 1408 920 meo
1414 886 1542 930 suffint
1562 900 1596 922 eo
1613 887 1763 931 praesente
1780 901 2028 932 commemorata,
2046 893 2131 935 ferre

1243 947 1306 969 non.
1315 941 1418 978 *potuit
1441 961 1453 978 ,
1477 939 1511 970 (5
1533 941 1924 984 contradicenswltquanta,
1938 944 2133 986 commotius,

1235 987 1314 1028 pene*
1334 996 1401 1021 cum
1425 998 1479 1027 eo,
1503 992 1556 1031 qut·
1579 990 1632 1023 illa
1643 1001 1922 1026 commemoraverat
1933 1017 1944 1034 ,
1969 993 2108 1037 litigavit
2121 1017 2130 1027 .

1240 1036 1382 1078 Ioannes
1406 1038 1584 1072 Garnerius
1614 1038 1702 1075 hanc
1724 1042 1980 1085 disputationem
2017 1044 2131 1078 scribit
2188 1056 2191 1059 ·
2228 1054 2257 1067 ''‘

1238 1087 1415 1131 contigisse
1437 1099 1527 1122 anno
1554 1089 1680 1132 quintox
1693 1101 1750 1125 aut
1773 1093 1866 1126 sexto
1876 1093 2122 1136 quintisaeculi.

1238 1135 1377 1170 Labitur
1388 1163 1395 1170 .
1423 1139 1558 1172 Etenim
1572 1151 1662 1175 anno
1675 1141 1853 1175 undecimo
1865 1142 2127 1178 Fortunatianus

1238 1186 1392 1220 Siccensis
1404 1188 1581 1230 Episcopus
1605 1190 1638 1221 in
1665 1190 1913 1234 Carthaginensi
1932 1192 2128 1228 Collatione

1238 1235 1302 1268 fuit
1319 1245 1405 1268 unus
1417 1234 1435 1267 ἐ
1446 1235 1627 1270 Catholicae
1640 1238 1787 1272 Eccleflae
1797 1238 2013 1281 primatibus,
2028 1242 2129 1286 atquo

1239 1284 1283 1318 ita
1297 1283 1459 1319 Urbanus
1481 1286 1581 1331 longe
1591 1285 1699 1322 adhuc
1722 1287 1832 1324 aberat
1851 1288 1892 1323 ab
1918 1288 1981 1323 isto
1995 1290 2130 1333 Episco«

1239 1344 1334 1378 patu.
1359 1336 1456 1370 Facta
1480 1335 1631 1371 videntur
1652 1337 1712 1371 ista
1734 1338 1793 1373 sub
1805 1337 2008 1374 Pontificatu
2028 1340 2130 1375 Zozi«

1238 1386 1284 1419 mi
1300 1408 1312 1426 ,
1336 1385 1356 1419 ὲ
1368 1396 1436 1430 quo
1455 1385 1649 1429 Urbanus‚*
1660 1387 1777 1426 defuis
1797 1389 1832 1422 in
1845 1388 2018 1432 Apiarium
2031 1389 2134 1433 Actis,

1236 1435 1421 1469 redditurus
1447 1437 1590 1471 rationes
1615 1462 1628 1479 ,
1665 1439 1729 1472 suit
1767 1438 1913 1474 Romam
1950 1449 2127 1481 evocatus.

1235 1483 1409 1534 Qidquid
1435 1486 1494 1527 sit,
1523 1487 1668 1531 ejusdem
1691 1487 1826 1523 Urbani
1845 1489 1891 1523 est
1917 1487 2126 1531 honorifica,

1235 1536 1268 1570 δε
1280 1536 1434 1580 frequens
1441 1538 1569 1572 mentio
1580 1537 1615 1572 in
1629 1537 1794 1573 Africanis
1805 1539 1949 1582 Synodis
1962 1564 1970 1572 .
1995 1540 2124 1576 Paffim

1235 1586 1327 1620 enim
1347 1585 1411 1620 fuit
1437 1588 1500 1621 suae
1523 1587 1713 1623 Provincias
1735 1588 1880 1634 Legatus
1905 1589 1948 1624 ad
1969 1588 2125 1636 synodos,

1236 1636 1397 1681 plenarias
1409 1662 1417 1669 .
1446 1637 1491 1672 Et
1503 1637 1600 1672 isthic
1624 1639 1702 1685 saepe
1713 1650 1752 1673 ac
1770 1638 1898 1674 erudite
1908 1639 1973 1674 fuit
1986 1640 2124 1675 interlo-

1234 1696 1345 1722 cutus,
1373 1687 1445 1731 lpse
1456 1688 1556 1732 igitur
1567 1688 1757 1724 damnando
1778 1689 1871 1725 suum
1887 1689 2120 1733 Presbyterum

1236 1737 1410 1782 Apiarium
1423 1761 1435 1778 ,
1459 1738 1494 1772 ἀ
1509 1740 1573 1772 suae
1593 1741 1705 1784 gentis
1722 1738 1994 1774 consuetudinem
2003 1741 2122 1777 acriter

1235 1787 1447 1831 defendendo
1459 1789 1607 1823 adversus
1621 1789 1799 1824 Zozimum
1811 1784 2032 1831 Pontificem}
2057 1788 2123 1825 fuit

1234 1837 1357 1880 author
1379 1835 1476 1882 hujus
1497 1840 1628 1874 famosae
1646 1851 1685 1874 ae
1706 1840 1850 1875 infelicis
1871 1840 2100 1874 controverfiae
2113 1863 2124 1873 .

1235 1888 1280 1923 Et
1289 1899 1330 1922 ex
1341 1886 1404 1922 hac
1421 1890 1488 1923 sola
1504 1889 1657 1923 novimus
1668 1888 1841 1934 Apiarium
1851 1914 1858 1921 .
1886 1890 1964 1924 Sine
1975 1890 2043 1934 ipsa
2058 1899 2129 1925 emt

1235 1938 1423 1979 latitaturus
1437 1939 1472 1972 in
1483 1939 1632 1973 altiffima
1643 1939 1829 1974 oblivione.

1283 1988 1355 2022 Ista
1367 1988 1534 2022 Africanae
1558 1989 1707 2024 Ecclefiae
1729 1989 1904 2033 disciplina
1925 1988 2027 2035 usque
2046 2001 2126 2026 tunc

1232 2037 1405 2072 constabat
1442 2039 1511 2073 sola
1536 2040 1775 2074 consuetudine
1801 2064 1814 2080 ‚
1846 2040 1938 2075 nullo
1964 2041 2124 2076 Canone.

1236 2087 1374 2121 Sanetus
1394 2088 1530 2132 quidem
1540 2088 1730 2133 Cyprianus
1749 2090 1862 2125 laudat
1876 2090 2072 2125 Africanum
2083 2090 2127 2126 de

1236 2137 1295 2172 ista
1305 2136 1482 2181 disciplina
1491 2138 1657 2173 Statutum
1671 2163 1683 2180 ,
1709 2149 1855 2175 attamen
1867 2139 1994 2185 nullum
2007 2140 2128 2185 produ-

1234 2189 1282 2222 cit
1308 2187 1500 2222 Canonem.
1526 2189 1621 2224 Hinc
1646 2189 1739 2224 illam
1759 2200 1891 2234 propter
1913 2189 1972 2224 has
1995 2201 2129 2226 contro-

1235 2238 1348 2272 versias
1370 2239 1529 2272 munituri
1555 2239 1711 2281 Episcopi
1733 2240 1767 2272 in
1789 2240 1884 2282 plena
1904 2235 2130 2274 ducentorum‘

1233 2286 1511 2328 &septemdecim
1526 2287 1739 2331 Collegarum
1757 2286 2006 2332 Carthaginensi
2017 2290 2125 2332 Syno-

1232 2336 1279 2370 do
1290 2335 1465 2370 ediderunt
1477 2336 1562 2371 duos
1572 2336 1727 2371 canones
1739 2349 1747 2370 z
1778 2339 1897 2371 Placuit
1908 2346 1942 2370 ut
1952 2339 2124 2380 quicumque

1233 2398 1291 2419 non
1309 2392 1502 2419 communicat
1524 2392 1558 2419 in
1581 2389 1743 2419 Provincia
1759 2393 1885 2428 propria
1903 2410 1915 2427 ‚
1941 2388 1975 2420 (⁸5
1987 2391 2031 2422 uin
2053 2388 2124 2422 aliis

1234 2439 1406 2469 Provinciis
1425 2438 1475 2470 vel
1491 2434 1713 2478 Transmarinis
1731 2435 1874 2478 partibus
1905 2437 1951 2470 ad
1965 2438 2122 2472 commun?-

1231 2488 1361 2519 candum
1369 2483 1552 2528 obrepserit,
1571 2486 1730 2528 jacturam
1738 2491 1945 2520 communionis
1967 2488 2022 2521 vel
2031 2487 2124 2522 clert-

1231 2547 1317 2571 catus
1329 2542 1474 2578 accwiat.
1502 2535 1623 2571 Canon
1646 2536 1790 2571 omnino
1812 2537 1882 2581 agit
1906 2537 2123 2582 adver-susep-

1230 2586 1443 2631 pellationem
1467 2586 1673 2621 Romanam.
1699 2587 1809 2630 Ipsum
1832 2598 1974 2630 namque
1993 2588 2122 2632 respicit

1233 2638 1267 2671 in
1278 2636 1423 2672 secundo
1435 2638 1583 2670 sermone
1593 2636 1637 2671 de
1650 2637 1824 2671 communi
1837 2637 2040 2672 clericorum
2054 2636 2120 2673 vito

1232 2688 1367 2721 Sanetus
1383 2687 1607 2731 Augustinus:
1636 2685 1783 2730 ,Quisquis
1805 2698 1955 2722 meorum
1974 2686 2119 2729 Clerico-

1236 2749 1309 2771 rum
1321 2744 1462 2771 inventus
1475 2736 1579 2778 fuerit
1596 2736 1708 2771 babens
1718 2743 1876 2780 proprium
1888 2761 1900 2778 ‚
1925 2750 1984 2772 non
1993 2738 2039 2771 illi
2047 2745 2118 2780 per-

1232 2794 1318 2821 mitto
1332 2812 1342 2827 ,
1362 2795 1396 2820 ut
1417 2788 1487 2821 inde
1506 2786 1609 2829 faciat
1631 2787 1855 2828 testamentum,
1872 2785 1937 2833 sed
1947 2787 2044 2821 delebo
2051 2797 2120 2820 eum.

1233 2838 1398 2871 desubula
1414 2839 1591 2872 clericorum
1613 2863 1620 2869 .
1648 2838 1818 2880 Interpellet
1836 2846 1939 2870 contra
1963 2848 2011 2870 me
2034 2837 2114 2870 mille

1233 2889 1387 2929 concilia,
1413 2893 1537 2934 naviget
1561 2897 1665 2921 contra
1677 2899 1745 2928 tue,
1771 2895 1826 2928 quo
1837 2887 1980 2927 voluerit,
2001 2884 2115 2927 ficertt‘

1230 2939 1281 2971 ubi
1296 2943 1448 2980 potuerit,
1474 2936 1640 2979 adjuvabit
1660 2947 1705 2973 me
1723 2938 1826 2976 Deus,
1852 2945 1885 2969 ut
1908 2936 1959 2970 ubi
1979 2948 2029 2980 ego
2039 2939 2114 2979 Epi,-

1227 2989 1331 3031 scopus
1348 2987 1441 3032 sum,
1466 2990 1527 3022 illic
1541 2987 1674 3020 Clericus
1692 2987 1742 3029 effe
1766 2997 1823 3019 non
1841 2986 1943 3028 pofflt.
1970 2986 2060 3031 Agit¹
2074 2987 2113 3022 in

1229 3041 1416 3073 communis
1438 3039 1511 3072 vitae
1534 3037 1641 3071 osores
1662 3035 1832 3077 Clericos,
1857 3035 2007 3070 adversus
2027 3035 2113 3071 istud

1230 3089 1471 3132 san-{tissimum
1489 3087 1556 3129 ejus
1567 3084 1752 3120 institutum
1764 3095 1980 3129 provocantes
1991 3084 2031 3120 ad
2044 3086 2113 3123 Ro-

1230 3150 1359 3173 manam
1373 3135 1552 3172 Ecclesiam
1564 3160 1572 3168 .
1601 3137 1671 3170 Aut
1697 3135 1997 3183 certeppminitantes
2009 3134 2111 3181 coap-

1229 3189 1347 3232 pellare
1360 3215 1367 3223 .
1383 3185 1524 3230 .Nempe
1546 3185 1700 3229 Apiarius
1723 3186 1818 3220 istam
1839 3196 1970 3230 portam
1981 3194 2108 3230 aperue-

1228 3249 1278 3272 rat
1304 3253 1315 3271 :
1344 3238 1387 3271 Et
1405 3237 1559 3271 Romana
1582 3236 1723 3270 Ecclesia
1749 3235 1927 3272 sustinebat
1946 3244 2106 3280 apertam.

1228 3287 1331 3323 Porro
1355 3286 1621 3332 Carthaginensis
1643 3285 1796 3328 Synodus
1816 3286 1909 3321 istam
1921 3283 2108 3329 appellatio

1228 3350 1302 3372 nem
1325 3348 1394 3372 non
1417 3337 1482 3371 fine
1503 3336 1722 3372 fundamento
1740 3336 1918 3381 appellavit
1935 3333 2106 3376 obreptio-

1227 3392 1302 3424 nem
1318 3413 1326 3422 .
1351 3387 1455 3437 Qod
1478 3386 1596 3433 nempe
1618 3386 1818 3433 appellantes
1841 3383 1960 3420 Clerici
1986 3383 2107 3426 suppri-

1450 3450 1453 3453 ’
1929 3442 2056 3469 merent
