2326 3718
40 2476 119 2513 ΕΜ.
137 2481 161 2504 c.
173 2481 197 2510 5.

655 157 935 206 Rouanrs
970 144 1553 204 api-summatis.

196 250 279 284 bens
291 240 434 295 decanta
447 242 555 281 Attici
567 244 722 291 Episcopi
736 269 748 286 ‚
771 242 790 278 a
809 253 875 287 quo
887 240 1073 278 Anastasius

195 297 544 341 limilem'sponfionem
553 303 726 342 exegeram
751 292 871 328 dixerit
892 294 927 327 in
946 304 984 327 ea
995 300 1073 326 con·

196 348 295 392 tincti
305 347 432 392 signum
443 346 581 390 injuriae.
608 342 805 389 Respondeo
826 343 919 377 istam
939 342 1074 378 exactio-

197 408 273 436 nem
284 395 425 431 omnino
435 397 530 434 fuisse
543 396 727 440 injuriostm
739 418 747 430 .
780 393 935 429 Pontifex
948 401 1017 426 non
1028 400 1072 426 ta·

195 446 436 483 cetrationemt
467 447 634 491 Legebatur
644 451 678 482 in
687 444 794 478 litteris
804 449 881 484 tuit,
908 443 987 488 quod
996 443 1076 474 Fra-

1848 167 1937 213 193

1303 278 1655 359 caput
1735 313 1836 361 ΧΠ.

195 505 243 533 ier
254 502 371 531 Atticus
394 496 618 541 Theffalonicam
629 494 772 538 venffet,
799 495 931 537 quodque
954 489 1075 533 consen·
1135 484 1196 529 An
1230 476 1465 526 Patriarchae
1487 514 1501 541 2
1538 474 1780 546 Autocephall'
1809 478 1988 527 >Exarcloi
2000 518 2012 541 ,

190 547 262 594 fiam
269 547 357 591 suum
367 554 460 582 etiam
464 544 619 591 scripturo.-
625 544 796 588 profeffione
806 543 940 589 fignaffet
949 567 960 583 ,
985 549 1019 575 ut
1040 541 1076 573 de

195 599 245 631 illo
265 610 323 633 non
345 599 430 632 aliud
448 599 468 633 ἃ
489 597 573 630 nobis
588 595 679 639 poffet
694 595 837 637 intelligi,
861 605 953 637 quam
962 595 1076 634 proprii

197 642 317 682 arbitrii
344 650 378 682 Θ·
387 635 556 691 spont³oneae
569 648 735 681 devotionis
743 644 834 689 fuisse
844 644 923 686 quod
932 649 1056 675 venerat
1066 663 1076 678 ‚

197 700 334 742 quodque
342 697 509 740 chartulam
521 698 558 730 de
567 697 741 729 obedientiae
747 692 894 738 sponfione
911 687 1078 735 conscrspse·

197 758 249 783 rat
265 774 276 790 ,
302 755 336 784 in
344 749 426 788 cujas
437 755 539 781 tamen
549 745 693 780 chartula
703 746 849 778 mentione
851 740 966 787 fignum
974 741 1078 783 prode‘

198 799 286 834 batur
305 799 449 839 injuria.
475 797 610 831 Atticus
623 801 690 830 non
715 803 784 829 erat
805 790 880 828 talis
891 788 995 837 qualis
1005 788 1079 832 Epi-

198 851 316 892 scopus
335 860 342 879 :
359 846 450 881 <Erat
472 847 561 881 enim
582 844 798 888 Metropolim
825 842 942 879 veteris
956 840 1080 884 Epiri,

197 899 243 933 Et
256 906 332 932 cum
346 895 515 931 Anastasio
528 896 638 932 nescio
650 894 782 940 quasue
794 891 995 937 Apostolicis
1006 889 1080 923 vici·

198 948 279 988 bus,
304 948 338 981 δε
360 947 498 990 ipsarum
528 944 745 988 amplitudine
757 941 946 986 quaestiones
965 938 1083 973 habue-

201 1008 251 1032 rat
263 1021 270 1029 .
296 994 432 1031 Interim
443 995 612 1029 novellum
625 992 799 1028 vicarium
808 991 998 1024 reveritums
1009 1011 1020 1027 ,
1030 986 1084 1021 ad-

200 1056 334 1081 venerat·
345 1043 638 1083 Thessalonicam,
664 1042 698 1075 &
721 1039 854 1076 dederat
873 1039 1084 1084 spontaneam

201 1092 432 1141 profeffiouem
443 1092 658 1126 obedientie.
686 1089 813 1136 Verum
824 1089 892 1125 sola
911 1095 996 1123 voce
1015 1097 1084 1122 non

201 1151 375 1181 contentus
388 1141 577 1179 Anastasius
590 1141 702 1186 coegit
712 1140 753 1175 ad
766 1140 916 1186 scriptam
938 1137 1086 1182 sponflo-

198 1203 295 1231 εεωι
321 1193 366 1229 Et
391 1192 433 1228 de
454 1190 516 1228 hac
539 1191 709 1226 exastione
721 1189 831 1224 scribit
844 1189 1025 1225 Pontifex:
1050 1192 1089 1221 In

201 1247 285 1287 cujus
297 1251 399 1278 tomen
420 1242 565 1278 chartula·
576 1246 722 1275 mentione
730 1239 846 1285 fi‘gnum
853 1238 1035 1282 prodebatur
1045 1243 1089 1271 in-

194 1298 312 1341 juria.
343 1292 387 1328 Et
413 1293 582 1337 subjungit
602 1292 730 1327 causam
745 1303 756 1323 ι
783 1294 857 1323 Non
875 1295 954 1323 enim
972 1288 1090 1332 neceffa-

201 1351 284 1381 rium
292 1342 395 1386 fuerat
408 1367 419 1383 ,
448 1352 484 1379 ur
491 1342 667 1388 obligaretur
677 1342 791 1382 scripto
800 1364 812 1381 ,
832 1344 884 1382 qui
893 1338 1091 1374 obedientiam

202 1395 293 1440 suam
307 1392 372 1439 ipso
380 1413 382 1416 ·
387 1396 459 1434 jam
479 1392 642 1426 voluntarii
660 1391 813 1424 adventus
824 1388 974 1430 probabat
984 1388 1071 1431 officio
1084 1409 1091 1421 .

201 1445 299 1480 Hinc
312 1440 470 1480 Pontifex
478 1442 616 1477 'affirmat
633 1440 735 1484 ipsam
759 1438 874 1473 chartae
886 1437 1093 1473 mentionem

201 1495 267 1529 effe
280 1492 490 1529 manifestum
506 1492 637 1536 signum
653 1489 780 1533 injuriae
795 1513 803 1521 .
829 1489 904 1523 Nec
930 1488 1093 1532 profeffio-

200 1553 263 1579 net
276 1568 288 1585 ,
314 1554 375 1577 nec
386 1544 527 1590 ipsarum
539 1539 760 1577 additamenta
772 1538 862 1588 exigi
887 1538 1005 1587 poffint
1027 1539 1094 1572 {ine

201 1593 363 1640 legitimis
374 1591 555 1629 rationibus
562 1617 570 1626 .

255 1642 416 1679 Notanda
438 1642 539 1677 etiam
562 1642 636 1676 sunt
648 1640 716 1676 haec
738 1640 880 1677 Domini
894 1639 1095 1684 Archi-Epi·

204 1693 296 1737 scopi
308 1692 406 1727 verba
418 1700 426 1724 t
455 1692 515 1725 ma
527 1691 718 1725 nihilominus
728 1692 896 1726 obedientia
908 1692 953 1724 ad
961 1690 1096 1734 observa·

205 1749 316 1777 tionem
341 1748 497 1776 canonum
520 1749 682 1775 coercetur.
712 1742 794 1776 Sunt
811 1741 949 1785 suspeaa
961 1765 972 1782 ,
991 1740 1031 1775 ’δε
1051 1739 1097 1773 vi-

207 1794 327 1828 dentur
347 1791 475 1836 prodire
486 1801 528 1826 ex
551 1791 685 1826 officina
697 1791 872 1826 Hincmari
887 1788 1076 1826 Rhemenfis
1088 1815 1095 1822 .

202 1843 344 1878 Etenim
357 1841 394 1876 H
397 1842 556 1877 inemarus
566 1841 772 1885 pertinaciter
783 1841 898 1876 docuit
913 1841 931 1874 ὲ
941 1841 1095 1875 Romana

204 1892 353 1929 Ecclesia
377 1891 491 1927 sanciri
514 1903 583 1926 non
605 1894 694 1935 poste
714 1902 820 1926 novos
841 1892 1016 1932 Canones,
1043 1890 1096 1925 sed

204 1954 296 1978 nova
306 1940 476 1978 dumtaxat
488 1942 630 1977 Decreta
642 1966 650 1974 .
678 1938 722 1975 Et
743 1953 812 1976 non
825 1941 1074 1985 qualiacumque
1086 1965 1096 1981 ,

207 1991 263 2028 sed
276 1992 342 2028 sola
357 1992 470 2029 hausta
494 1999 593 2035 atque
608 1992 800 2036 deprompta
825 2003 868 2025 ex
891 1991 1098 2036 generalibus

206 2042 357 2078 Ecclesiae
366 2042 560 2078 Canonibus
573 2068 580 2074 .
609 2042 743 2090 Qaevis
754 2042 817 2076 alia
831 2042 956 2075 censuit
967 2053 1009 2077 ex
1021 2042 1098 2075 San-

208 2092 252 2126 ἂὶ
263 2093 351 2127 Petri
367 2092 520 2137 Apostoli
533 2091 706 2136 privilegio
720 2102 789 2126 non
803 2090 973 2134 procedere
988 2115 999 2131 ,
1011 2090 1100 2125 ideo-

210 2151 274 2185 que
298 2151 358 2175 nec
374 2139 575 2184 recipienda.
604 2140 750 2183 Etipse,
774 2140 861 2174 &ab
884 2141 957 2183 ipso
976 2138 1100 2173 instru-

210 2193 280 2226 &us
292 2191 367 2225 Rex
388 2189 527 2225 Carolus
538 2189 664 2225 Calvus
685 2189 771 2223 istud
783 2190 918 2233 Dogma
943 2189 1099 2223 sustinue-

209 2250 288 2275 runt
313 2240 347 2274 in
368 2240 482 2282 multis
490 2240 533 2274 ad
546 2239 722 2274 Romanos
731 2238 829 2273 etiam
842 2239 1021 2273 Pontifices
1031 2239 1099 2282 epi-

209 2289 321 2324 stolis.
350 2288 393 2323 Et
417 2289 522 2332 ipsum
545 2289 716 2322 finnarunt
737 2287 908 2331 praesettim
927 2299 970 2322 ex
991 2288 1098 2322 Sancti

210 2338 336 2374 teonis
357 2337 494 2382 epistola
518 2337 559 2372 ad
584 2337 768 2382 Episcopos
789 2348 846 2381 per
856 2337 1076 2380 Campaniam
1090 2362 1100 2377 ,

211 2389 395 2428 Picenum,
423 2387 629 2427 Thusciam,
655 2387 796 2431 aliasque
808 2387 1001 2422 Urbicarias
1024 2386 1099 2420 Pro·

213 2437 339 2474 vincias
348 2437 561 2472 constitutos:
591 2441 702 2470 omnia
720 2439 891 2470 Deci-etalio
914 2436 1101 2476 Constimta,

214 2498 280 2524 tam
305 2489 399 2522 beatae
423 2487 631 2520 recordationis
657 2491 818 2519 Innocentii
828 2511 839 2527 ‚
867 2497 958 2528 quam
975 2491 1103 2519 omnium

212 2539 396 2582 Decessorum
416 2536 574 2577 nostrorum
587 2561 597 2576 ‚
624 2547 693 2579 quae
701 2534 957 2576 de-Ecclefiasticis
969 2537 1096 2569 Ordini-

212 2591 268 2624 bas
280 2615 290 2630 ‚
316 2590 350 2622 <9
362 2591 516 2620 canonum
523 2587 713 2630 promulgata
720 2584 795 2630 sunt
807 2584 973 2629 disciplinis
982 2610 992 2626 ‚
1018 2585 1103 2627 custo-

215 2642 276 2672 diri
298 2638 400 2673 debere
424 2638 622 2670 mandamus.
654 2637 871 2670 Affirmarun‘t
894 2647 960 2670 non
986 2635 1104 2680 quaevis

215 2691 447 2724 Romanorum
458 2687 658 2720 Pontificum
686 2686 871 2720 Decretalia
891 2686 1079 2720 Constituta
1094 2709 1105 2725 ‚

215 2739 270 2774 sed
295 2739 468 2773 dumtaxat
491 2735 572 2776 illa,
597 2748 666 2780 quae
686 2747 726 2769 ex
749 2738 912 2770 sacrorum
926 2736 1104 2771 Canonum

217 2788 399 2832 disciplinis
412 2786 532 2821 fuerint
544 2785 748 2830 promulgata
761 2811 771 2826 ,
797 2787 858 2820 effe
873 2787 1055 2821 veneranda
1070 2787 1104 2820 ἀ

219 2837 420 2872 admittenda
435 2862 442 2869 .
471 2836 527 2870 Est
553 2837 687 2880 Dogma
712 2836 931 2871 Eusebianum
960 2849 998 2872 ac
1019 2835 1104 2871 Pho—

221 2888 349 2921 tianum
361 2912 368 2919 .
395 2886 474 2929 Ejus
485 2887 661 2920 Sestatores
671 2885 757 2920 aliud
771 2897 838 2920 non
850 2897 994 2931 crepant,
1006 2887 1104 2931 quam

221 2936 346 2979 Papam
356 2937 492 2980 obligari
504 2936 544 2970 ad
561 2937 716 2970 Canones
730 2960 740 2976 ,
769 2936 909 2980 ideoque
921 2948 1008 2971 extra
1024 2938 1106 2980 ipso-

222 2989 296 3020 ru'm
322 2995 421 3018 metas
441 2985 523 3019 nihil
537 2987 622 3029 poffe
634 2987 775 3020 sancire.
804 2986 971 3020 Blaterant
985 2988 1105 3020 Roma-

224 3045 288 3070 nos
299 3034 499 3073 Pontifices,
526 3037 684 3070 &ornnes
707 3037 780 3079 ipsis
802 3035 1000 3071 adhaerentes
1020 3034 1106 3070 Lati·

224 3095 311 3123 nos,
336 3084 398 3126 jam
420 3085 543 3127 pridem
558 3096 611 3128 per
621 3087 743 3120 diversa
758 3111 769 3126 ,
796 3087 899 3120 immo
924 3087 957 3120 ὃς
978 3097 1033 3130 per
1055 3087 1105 3120 ad-

224 3136 311 3171 versa
324 3134 464 3170 Decreta
474 3134 536 3167 esse
549 3135 802 3177 praevati'catores
814 3137 1007 3177 Canonum,
1021 3137 1106 3172 ideo·

226 3196 292 3229 que
315 3194 421 3217 veram
441 3183 615 3217 Ecclesiam
639 3186 677 3219 ad
691 3187 721 3219 se
733 3187 818 3221 solos
829 3187 1020 3221 decrevisse.
1049 3187 1104 3221 An

226 3233 360 3277 quidam
386 3232 484 3267 hodie
506 3232 652 3268 laborent
664 3235 724 3270 ista
745 3237 871 3279 scabie,
901 3239 960 3272 suo
971 3238 1048 3273 loco
1060 3238 1106 3273 di-

228 3284 399 3320 scutietur.
552 3330 583 3345 m
636 3331 667 3346 N

331 3483 437 3525 Cbmst.
451 3488 527 3529 Lupi
536 3487 633 3528 Opera
645 3486 678 3518 T.
700 3487 785 3518 Vm..

1204 569 1266 600 ac,
1283 547 1502 598 nominatim
1526 544 1827 614 Carthaginenfis
1862 551 1948 596 Pri-

1275 638 1355 670 νῆας
1382 618 1477 667 olim
1500 623 1700 686 acceperim
1710 615 1879 667 Pallio-m

1414 688 1442 737 ὰ
1469 694 1645 748 Romana
1668 693 1745 738 Ec.

1509 755 1649 826 costa?

1213 956 1221 962 ·
1243 942 1404 978 Ationem
1427 940 1602 976 dubitandi
1626 941 1706 976 facit
1725 940 1914 975 Innocentii
1941 939 2028 974 tertii
2093 956 2099 960 ·

1268 993 1389 1027 Canon
1399 1016 1410 1032 ,
1436 992 1543 1026 editus
1561 992 1596 1026 in
1609 991 1753 1037 generali
1766 990 1924 1025 Concilio
1936 989 2030 1023 Late·

1144 1041 1292 1075 ranenfi:
1320 1045 1453 1083 Antiqua
1475 1040 1727 1076 patriarchalium
1740 1040 1859 1076 sedium
1866 1041 2029 1085 privilegia
2049 1051 2118 1080 cm,
2139 1057 2164 1083 5„

1144 1096 1322 1128 renovantes
1333 1114 1344 1131 ‚
1366 1089 1455 1134 saera
1465 1090 1632 1133 universali
1643 1093 1750 1130 synodo
1762 1092 1946 1134 approbante
1953 1089 2036 1133 san-⁴·

1144 1145 1237 1175 amus
1247 1164 1258 1181 ‚
1283 1140 1383 1182 uepost
1395 1144 1564 1173 Romanam
1575 1140 1732 1181 Ecclefiam
1746 1165 1757 1181 ,
1785 1150 1852 1183 quae
1862 1140 2035 1184 disponente

1147 1196 1273 1226 Domino
1278 1189 1370 1238 super
1381 1200 1480 1223 omnes
1490 1191 1570 1223 alias
1585 1189 1907 1232 ordinariaeporestatis
1926 1191 2038 1224 obtinetv

1150 1244 1356 1284 Principatum
1368 1264 1380 1280 ,
1405 1237 1730 1282 constantinopolitana
1734 1244 1869 1281 primum
1881 1263 1895 1279 ,‚
1911 1241 2038 1272 Alexan·-

1148 1293 1240 1327 drina
1252 1290 1432 1337 fheundum,
1460 1288 1640 1324 Antioc-bena
1670 1294 1790 1324 tertium
1803 1311 1814 1328 ‚
1839 1287 2039 1331 Hierosohmi-

1151 1352 1227 1376 tana
1237 1349 1380 1384 quartum
1401 1340 1491 1373 locum
1512 1338 1644 1375 obtineat
1657 1361 1669 1380 ‚
1688 1336 1814 1383 servata
1835 1339 1950 1372 cuilibet
1970 1348 2041 1381 pro·

1146 1396 1220 1434 pria
1230 1392 1383 1435 dignitate
1394 1412 1405 1429 ,
1432 1395 1477 1423 ita
1492 1387 1731 1433 quodpostquam
1741 1399 1843 1424 earum
1855 1389 2006 1429 Antissires
2018 1390 2041 1422 ἂ

1151 1445 1281 1475 Romano
1294 1439 1437 1483 Pontifice
1446 1445 1607 1483 acceperint
1628 1441 1780 1480 Polliam,
1806 1441 1888 1482 quod
1896 1439 1934 1479 est
1943 1439 2042 1481 pleni·

1152 1493 1267 1527 tudinis
1279 1492 1362 1534 officii
1373 1489 1556 1532 Pontificalis
1569 1488 1680 1535 Infigne
1695 1515 1706 1532 ,
1725 1489 1860 1532 praeflito
1877 1488 1930 1532 sibi
1947 1487 2045 1530 fideli-

1152 1547 1228 1578 tatis
1256 1541 1475 1576 &obedientie
1487 1542 1682 1582 juramento,
1709 1541 1826 1574 licenter
1853 1541 1888 1574 ό·
1906 1537 1961 1583 ipfi
1974 1537 2042 1583 suis

1153 1591 1356 1637 Suffraganeis
1382 1590 1512 1624 Pallium
1532 1590 1723 1635 largiantur,
1749 1595 1919 1632 recipientes
1936 1597 1993 1631 pro
2007 1587 2042 1631 se

1149 1643 1349 1686 profefflonem
1373 1644 1554 1678 Canonicam
1575 1662 1585 1680 ,
1611 1642 1646 1675 (9
1666 1649 1720 1683 pro
1741 1642 1878 1673 Romana
1916 1637 2043 1680 Ecclesia

1150 1692 1327 1737 sponsionem
1337 1691 1509 1725 obedientiae
1519 1691 1558 1723 ab
1571 1689 1698 1732 eisdem.
1730 1691 1840 1724 Sancit
1853 1690 1939 1723 varia
1958 1687 2043 1724 ben&

1157 1741 1302 1777 notanda
1318 1766 1325 1774 .
1361 1739 1477 1775 Primo
1501 1739 1913 1782 constantinopolitanum
1935 1739 2043 1772 Cano-

1158 1803 1232 1828 nem
1245 1817 1256 1833 ,
1275 1802 1341 1837 quo
1353 1789 1498 1835 ejusdem
1508 1789 1649 1827 civitatis
1662 1789 1825 1833 Episcopo
1836 1788 1958 1833 primus
1970 1786 2044 1830 post

1159 1844 1349 1878 Romanum
1373 1840 1568 1875 Pontificem
1593 1840 1686 1874 iocus
1698 1840 1862 1879 defertur,
1889 1840 1923 1874 ὅ(
1944 1847 2045 1883 quem

1158 1895 1279 1937 semper
1292 1892 1447 1927 Romana
1457 1890 1715 1925 constantiffime
1726 1889 1877 1925 refutavit
1889 1888 2047 1929 Ecclesia,

1158 1943 1291 1977 tandem
1312 1941 1456 1976 admittit
1481 1940 1660 1985 &probat.
1687 1940 1835 1986 Qidam
1855 1938 2046 1974 existimant

1158 1991 1242 2028 istud
1263 1992 1368 2036 ipsum
1380 1990 1472 2026 fuisse
1483 2002 1579 2026 antea
1590 1991 1752 2026 sancitum
1771 1990 1789 2024 a
1801 1990 1932 2025 decimo
1953 1988 2047 2032 septi-

1159 2054 1216 2078 mo
1238 2043 1378 2077 Canone
1398 2041 1680 2077 odiaviConcilii.
1709 2039 1757 2076 At
1773 2041 1840 2075 fine
1852 2039 2047 2075 fundamen-

1160 2104 1212 2127 to.
1240 2092 1424 2138 Quomodo
1444 2093 1535 2125 enim
1558 2093 1670 2125 ostava
1683 2090 1836 2133 synodus
1861 2089 2048 2124 circumdu-

1162 2142 1254 2176 xiffet
1265 2141 1399 2175 Nicolai
1413 2142 1507 2184 primi
1528 2141 1685 2183 judicium
1698 2159 1711 2180 ς
1735 2141 1859 2174 summa
1881 2149 1957 2173 cum
1968 2150 2047 2173 con-

1160 2192 1351 2226 fideratione
1364 2191 1573 2235 perscriptum
1588 2190 1628 2225 ad
1640 2190 1801 2235 Bulgaros
1814 2192 1826 2224 ?
1839 2191 1968 2226 octava
1989 2188 2048 2232 igi·

1162 2240 1350 2284 turSynodi
1364 2242 1483 2276 Canon
1497 2241 1597 2276 unico
1623 2251 1782 2275 contextu
1803 2240 1944 2274 involvit
1965 2239 2056 2273 anti-¹

1161 2301 1258 2334 quam
1285 2292 1319 2324 &
1334 2302 1452 2325 novam
1465 2291 1609 2325 Romam
1623 2315 1633 2330 ,
1659 2291 1693 2324 &
1716 2291 1952 2324 Alexandriam
1975 2300 2055 2333 prae-¹

1162 2341 1344 2376 termittens
1368 2365 1378 2380 ,
1405 2339 1574 2384 subjungit
1597 2338 1833 2374 Antiochiam.
1862 2340 1980 2374 Studio
2003 2339 2051 2372 itui

1162 2390 1324 2424 involvit:
1351 2389 1407 2424 Ne
1429 2389 1589 2424 vetustum
1614 2390 1774 2424 Romanae
1796 2389 1946 2424 Ecclefiae
1966 2388 2050 2432 judi-

1163 2442 1252 2475 cium
1264 2440 1407 2477 laederet,
1434 2439 1468 2472 ec
1482 2450 1522 2473 ne
1537 2439 1668 2472 Graecos
1681 2464 1691 2480 ,
1720 2441 1891 2482 praesertim
1912 2439 2050 2481 Impera-

1164 2500 1267 2524 torem
1289 2488 1442 2522 Bafilium
1468 2488 1502 2522 &
1522 2487 1682 2522 afflictum
1706 2487 1929 2522 patriarcham
1955 2488 2054 2532 lgna⁴

1163 2542 1246 2575 tium
1259 2564 1271 2580 ,
1297 2537 1478 2572 offenderet
1491 2562 1498 2570 .
1526 2537 1739 2571 innocentius
1749 2539 1862 2571 tertius
1881 2538 1974 2581 poffit
1992 2549 2049 2572 no·

1165 2601 1210 2624 vae
1231 2591 1291 2623 suae
1313 2588 1487 2622 sanstionis
1510 2587 1590 2621 duas
1613 2585 1756 2622 habuisse
1782 2589 1911 2622 causas.
1942 2588 2047 2635 Qod

1166 2638 1473 2682 Constantinopolis
1496 2647 1577 2672 tunc
1599 2648 1761 2671 teneretur
1780 2638 1798 2672 ὲ
1820 2637 1948 2671 Latinis
1967 2651 1974 2670 :
2003 2637 2047 2672 Et

1164 2690 1253 2735 quod
1274 2690 1406 2732 reliquae
1436 2686 1670 2722 patriarchales
1692 2689 1788 2722 Sedes
1810 2687 2050 2733 gemerentsub

1165 2739 1347 2775 Saracenis.
1375 2738 1455 2773 Secu
1462 2737 1527 2772 ndo
1537 2737 1749 2772 Innocentius
1760 2738 1975 2773 circumducit
1988 2737 2047 2772 Pa-

1166 2789 1280 2825 schalis
1292 2789 1423 2824 secundi
1437 2789 1614 2822 Decretum
1626 2813 1636 2829 ,
1662 2788 1753 2832 quod
1772 2788 2048 2830 Hierosolymita-

1166 2852 1246 2875 num
1257 2838 1476 2873 patriarcham
1491 2838 1706 2873 Antiocheno
1720 2840 1948 2882 praeposuerat:
1978 2842 2048 2870 An-

1165 2890 1322 2925 tiocheno
1348 2888 1483 2922 restituit
1505 2890 1689 2932 primaevam
1719 2887 1914 2933 dignitatem
1947 2888 1980 2921 &
2002 2888 2050 2920 lo-·

1165 2952 1240 2976 cum
1264 2965 1270 2971 .
1307 2939 1349 2972 Et
1376 2938 1544 2972 restiffime
1570 2949 1665 2982 atque
1692 2937 1886 2981 justissime.
1923 2935 2047 2971 Tertio

1166 2989 1299 3025 mandat
1310 3013 1321 3029 ,
1347 2999 1383 3024 ut
1404 2998 1521 3022 omnes
1533 2986 1723 3023 Patriarchae
1735 2987 1752 3020 a
1765 2986 1921 3022 Romano
1932 2985 2047 3020 Ponti-

1168 3043 1229 3075 fice
1253 3039 1417 3082 accipiant
1440 3038 1598 3079 Pallium,
1625 3039 1660 3073 ἀ
1681 3038 1877 3080 ipsumtunc
1888 3036 2046 3071 transmit-

1167 3100 1237 3125 tant
1248 3088 1385 3125 subditis
1404 3087 1628 3131 Metropolitis
1641 3111 1648 3119 .
1674 3087 1767 3121 Hinc
1789 3087 1961 3131 quaeritur,
1988 3085 2046 3119 An

1168 3141 1224 3175 ista
1235 3139 1362 3184 Papalis
1376 3138 1567 3172 transmissio
1583 3139 1619 3171 fit
1630 3137 1763 3181 antiqua
1777 3138 1794 3169 ?

1217 3188 1412 3234 Respondeo
1423 3199 1489 3221 non
1501 3187 1563 3222 effe
1573 3212 1580 3220 .
1610 3187 1712 3234 Qod
1725 3198 1841 3222 omnes
1855 3186 2046 3223 patriarchae

1168 3242 1289 3286 semper
1310 3238 1482 3273 debuerint
1501 3237 1519 3271 a
1532 3237 1862 3272 RomanoPontifice
1882 3240 2047 3273 consecra-

1168 3291 1267 3326 tionis
1293 3290 1326 3324 &
1338 3288 1509 3334 dignitatis
1521 3289 1583 3322 suae
1592 3288 1878 3323 confirmationem
1890 3287 2047 3335 supplica-

1168 3353 1220 3383 re,
1246 3341 1280 3375 &
1294 3349 1369 3375 ante
1383 3339 1482 3382 ipsam
1495 3337 1643 3382 legitime
1653 3349 1720 3372 non
1737 3339 1900 3383 potuerint
1912 3337 2016 3372 ledere
2035 3361 2047 3378 ‚

1167 3391 1211 3425 est
1220 3391 1320 3436 longe
1331 3387 1693 3424 certiffimum.Plurima
1704 3386 1768 3423 hoc
1778 3389 1935 3423 evincunt
1943 3397 2049 3422 exem·

1168 3442 1218 3488 pla
1235 3453 1273 3480 ac
1286 3439 1471 3477 testimonia
1484 3461 1494 3472 ,Δ
1519 3439 1567 3476 At
1579 3438 1667 3485 quod
1678 3438 1822 3474 Pallium
1835 3438 1928 3472 simul
1941 3435 2047 3477 postu·

1657 3489 1690 3524 R
1913 3486 1998 3529 lave-¹
