2326 3718
778 163 1009 219 RERUM,
1046 177 1108 205 ετ
1144 159 1501 205 Venno-itum.

279 251 386 289 niuno
397 238 403 244 ι
1032 241 1104 275 ibid.

226 288 393 339 Tfff'ria
411 293 633 329 damnationis
656 291 788 338 epistola
826 293 952 330 solebat
972 292 1014 328 ab
1041 292 1107 326 Ec-

274 347 364 382 clesia
385 344 540 381 Romana
551 344 639 380 mitti
666 344 708 383 ad
729 354 845 379 omnes
867 345 927 382 sub
943 344 1039 378 Coelo
1049 342 1108 377 Ec-

274 393 379 430 clefias
392 420 405 438 ‚
1006 404 1057 442 34.
1079 401 1105 427 1.

228 441 378 481 Traema
391 469 402 485 ,
429 446 484 480 seu
496 444 611 480 litterae
622 444 776 482 tmssoriae
786 445 865 489 quid
877 446 936 480 fint
950 445 967 477 ,ἶ
991 453 1108 490 204-2-

271 494 418 542 Qidam
432 495 576 530 Codices
589 494 672 530 male
685 496 799 540 legunt
810 496 994 529 tradatoria.
1005 499 1108 539 205-1-

275 545 382 583 Vocis
395 545 535 585 ιναέῖρνὶσ
550 546 644 578 variae
653 546 916 589 significationes.
931 545 1039 578 ibid&
1045 542 1109 587 seq.

225 595 462 633 Transmarina
476 595 618 630 Ecclefia
633 594 719 630 idem
733 596 779 630 est
793 596 884 630 Afris
894 622 904 636 ,
930 596 1018 639 quod
1040 595 1112 628 Ro-

276 657 374 681 mana
386 669 398 690 ‚
407 646 441 679 &
453 645 679 681 trasmatinum
688 646 850 689 judicium
862 647 951 681 idern
964 645 1009 680 est
1023 643 1112 690 quod

279 695 470 730 Romanurn
482 695 623 730 tribunal
637 722 647 736 ‚
674 705 903 745 225·2·230-1-
930 695 972 729 fic
990 693 1113 730 intelle-

278 747 330 780 xit
341 747 386 780 D.
400 745 607 791 Augustinus
617 772 627 787 ‚
652 747 686 781 &
699 746 864 780 Africanae
876 746 1016 790 Synodi,
1040 744 1113 783 ibid.

263 794 347 829 =Cur
370 796 650 841 DAugustinus,
675 807 749 830 curn
775 796 815 830 de
826 797 995 831 Caeciliani
1023 795 1114 828 causa

277 846 370 890 agit,
397 847 508 891 paffim
531 846 687 892 adjungat
699 858 813 882 ornnes
832 847 1042 894 Apostolicas
1061 845 1118 877 Ec-

280 895 390 930 clefias
404 921 412 930 .
1046 895 1117 932 ibid.

232 944 471 981 Tridentinum
495 947 557 980 fuit
581 948 737 981 veraciter
757 959 795 981 ac
819 946 911 990 plene
937 945 1118 981 OEcumeni-

281 1008 358 1031 cum
381 998 528 1040 quamvis
556 997 750 1031 Patriarchae
777 998 924 1033 Orientis
958 1007 1034 1031 cum
1059 995 1121 1027 suis

282 1047 456 1092 Episcopis
466 1047 629 1081 abfuerint
654 1058 709 1091 per
720 1047 873 1082 Haerefim
887 1072 898 1089 ‚
922 1058 960 1086 ac
972 1044 1121 1086 rebellio-

233 1106 442 1190 'Issrtdzrlliimus
466 1144 646 1189 Episcopus
666 1145 770 1190 lapsus
792 1154 922 1191 putatur
932 1105 1120 1195 91εέἕέΡέ-

285 1204 391 1233 ratus.
1018 1207 1074 1242 27‚
1095 1205 1122 1230 1-

235 1243 405 1283 Tuentius
428 1244 598 1279 ordinatus
620 1246 827 1289 praetermifl'o
860 1246 1123 1290 Metropolitano

286 1295 487 1328 Arelatenfi.
516 1306 570 1343 43.
583 1304 613 1331 2.
640 1295 716 1329 Fuit
729 1295 972 1335 Priscillianista
988 1321 999 1336 ,
1019 1297 1052 1329 &
1066 1296 1124 1337 Sy-

286 1344 448 1379 nodaliter
469 1345 641 1379 damnatus
663 1346 782 1390 refugit
795 1349 834 1381 ad
848 1347 965 1381 Sedem
986 1346 1124 1388 Aposto-

285 1395 384 1428 licam
398 1417 409 1434 ‚
432 1394 595 1440 poenitens
608 1396 766 1442 supplicat
787 1397 820 1437 ὃς
833 1397 954 1441 accipit
970 1395 1107 1442 gratiam
1120 1419 1127 1433 ,.

284 1443 356 1477 ibid.
669 1443 672 1446 “
971 1443 974 1447 “

235 1490 346 1528 Tunica
357 1519 366 1534 ‚
380 1494 458 1538 quid
471 1495 556 1539 apud
571 1494 817 1540 Theophanem
830 1497 974 1542 designet
986 1498 999 1531 ?
1023 1505 1124 1543 173-2-

286 1545 361 1578 Nos
383 1545 495 1579 Latini
509 1545 610 1586 hodie
620 1547 822 1590 appellamus
845 1546 1026 1585 Rocbetum,
1054 1547 1125 1579 ibid.

287 1594 478 1629 Graecorum
490 1596 641 1640 Episcopi
655 1608 724 1632 non
748 1608 885 1632 utuntur
897 1623 904 1631 .
1055 1596 1127 1629 ibid.

238 1644 382 1688 Typhus
395 1645 623 1681 Romanorum
635 1646 707 1693 quis
721 1648 817 1682 fuerit
829 1673 839 1688 ‚
852 1658 947 1692 quem
961 1646 1034 1681 Afri
1048 1658 1127 1689 pro-

288 1694 487 1730 testabantur
510 1698 543 1730 se
565 1697 656 1732 nulla
678 1698 804 1737 ratione
814 1699 974 1743 passuros,
1000 1706 1080 1744 255-
1096 1708 1127 1734 2·

642 1794 745 1891 V

346 1945 555 1980 Alentiniani
567 1946 774 1990 Imperatoris
783 1946 825 1981 de
837 1945 1132 1991 Appellationibus

370 1994 566 2033 constitutio
587 2022 598 2034 ,
626 2008 695 2026 non
720 1997 877 2037 impingit
898 1998 933 2025 in
959 1997 1132 2025 canones.

290 2038 346 2086 58-
367 2052 398 2077 2.
427 2041 692 2076 Commendatur
717 2041 760 2074 ab
794 2042 915 2076 Hilaro
944 2041 1134 2080 Pontifiee,

290 2091 467 2126 Ludovico
491 2091 554 2126 Pio
575 2093 610 2126 &
635 2091 676 2126 ab
699 2091 770 2134 ipso
791 2090 893 2126 Petro
927 2089 967 2127 de
995 2091 1134 2130 Marca,

292 2150 348 2188 59.
360 2151 380 2175 1.
407 2143 490 2179 Item
501 2142 541 2176 ab
552 2142 711 2177 Honorio
722 2141 889 2177 Pontifice
902 2166 909 2173 .
1060 2140 1133 2174 ibid.

243 2189 503 2226 Valentinianus
516 2193 696 2236 Imperator
717 2193 857 2226 affirmat
872 2192 1031 2226 Romanae
1045 2191 1136 2228 Sedis

292 2242 333 2274 de
354 2242 628 2285 appellationibus
651 2241 830 2286 privilegia
852 2244 914 2277 este
932 2242 1032 2287 longe
1054 2241 1137 2277 anti-

293 2290 442 2333 quissima
457 2314 467 2329 ,
496 2295 573 2326 16·1.
602 2292 657 2325 Ab
680 2304 720 2326 eo
734 2293 869 2326 Sanctus
892 2292 962 2326 Leo
986 2303 1054 2326 non
1080 2303 1138 2336 pov

293 2339 426 2373 stulavit
448 2339 529 2385 legis
556 2339 756 2383 adjutorium
769 2365 776 2373 .
804 2351 861 2377 20.
873 2352 902 2379 2·
932 2339 1138 2377 Valentinia-

295 2400 359 2423 nus
367 2388 462 2433 plene
470 2391 643 2425 confirmat
656 2390 831 2425 Pontificis
843 2389 1003 2434 judicium
1015 2418 1022 2425 .
1062 2392 1133 2426 ibid.

246 2439 504 2478 Valentinianus
517 2441 575 2475 111.
585 2442 671 2475 varia
684 2440 725 2475 de
736 2439 885 2475 Romani
898 2441 1071 2478 Pontificis
1084 2455 1137 2478 au·

296 2489 454 2525 thoritate
467 2491 577 2527 scribit
590 2491 741 2526 adversus
756 2489 984 2530 Theodosium
998 2493 1137 2537 impera-

296 2551 421 2575 torem.
452 2551 530 2588 320.
552 2551 586 2579 2-
611 2548 680 2590 32¹·
698 2553 725 2578 1.
754 2540 898 2583 Censet,
925 2543 1013 2586 quod
1037 2545 1137 2579 totius

296 2591 420 2626 Mundi
435 2592 614 2638 Episcopos
629 2603 847 2636 congregare,
873 2593 952 2629 &in
965 2592 1023 2627 ista
1036 2594 1138 2637 Syno-

297 2642 342 2676 do
354 2643 546 2676 sententiam
569 2641 774 2678 definitivam
785 2643 867 2677 ferre
890 2644 1007 2688 spestet
1018 2643 1058 2678 ad
1070 2645 1137 2681 Ro·

301 2704 438 2728 manurn
450 2691 647 2728 Pontificem
658 2718 667 2729 .
904 2691 907 2692 ⁷
1024 2704 1136 2742 321.1.

251 2743 454 2781 Valentinus
475 2742 640 2780 Numidiae
663 2742 810 2782 Primas,
837 2755 894 2779 cur
916 2745 951 2779 in
965 2744 1141 2791 Carthagi-

300 2794 391 2830 nensi
402 2791 540 2837 Synodo
561 2791 674 2829 sederit
696 2804 774 2829 ante
786 2795 814 2828 F
815 2794 978 2829 austinum
991 2795 1139 2831 Potenti-

302 2856 351 2878 nae
359 2843 511 2880 Ecclefiae
524 2843 722 2893 Episcopum
734 2844 896 2891 Legatum
909 2844 1068 2881 Romanae
1082 2846 1139 2883 Ec-

304 2893 428 2930 clefiae?
1021 2909 1030 2931 ι
1062 2894 1091 2933 8.
1111 2907 1137 2935 1.

255 2944 315 2980 Vel.
328 2942 491 2979 Particula
502 2941 568 2978 haec
586 2944 722 2981 sumitur
734 2956 793 2993 pro
806 2945 991 2992 copulativa
1003 2970 1014 2987 ,
1036 2909 1139 2984 {tiam

305 2993 391 3038 apud
404 2992 559 3029 Canones
571 3018 578 3025 .
1019 3005 1093 3048 157.
1111 3006 1138 3035 1.

260 3041 512 3080 Venethalensis
522 3052 668 3086 quaenam
681 3045 834 3087 synodus
842 3046 1045 3094 intelligatur
1054 3047 1139 3091 apud

307 3095 457 3130 Leonem
475 3092 687 3127 Acridensem
700 3105 768 3130 non
780 3097 907 3132 constat
916 3123 924 3130 .
1016 3107 1092 3146 107.
1105 3109 1137 3135 2.

257 3143 375 3179 ViCtor
398 3142 555 3180 Pontifex
577 3144 687 3187 primae
705 3144 864 3183 instantiae
884 3146 1042 3194 judicium
1052 3159 1139 3184 exer-

309 3195 378 3228 cuit
391 3193 424 3228 in
440 3190 639 3236 Ephefinum
651 3192 860 3237 Polycratem
874 3222 881 3230 .
1040 3209 1093 3246 37.
1110 3209 1138 3237 1-

260 3243 375 3330 Vistgr
402 3242 546 3280 Vitenfis
585 3244 648 3282 suit
685 3242 904 3287 Orthodoxus
939 3248 1120 3296 Episcopus
1134 3273 1140 3283 ,

310 3305 331 3330 2
357 3304 387 3340 4.
417 3304 444 3329 1.

260 3340 384 3387 Vigiui
393 3342 565 3388 Tapsenfis
578 3342 733 3391 Episcopi
749 3345 790 3384 de
803 3346 954 3385 Numero
966 3349 1141 3396 Episcopo.

1188 1443 1350 1482 Urbicariae
1378 1445 1547 1480 Provincia
1580 1467 1590 1483 ‚

1885 181 1983 228 401
2036 136 2040 140 ⁴

1217 249 1288 274 rum
1303 239 1440 274 Sardicae
1451 250 1727 286 congregatorum
1738 245 1917 281 sententia.
1940 258 2049 294 1252·

1167 289 1381 324 Vifitatorem
1392 290 1461 325 dari
1473 290 1626 330 Romano
1640 292 1796 329 Pontifici
1808 296 1962 331 Canones
1984 309 2052 341 pro-

1220 340 1335 375 hibent
1348 364 1356 373 .
1929 347 2004 392 163.
2020 360 2052 384 2·

1172 390 1334 431 Vifitator,
1361 390 1393 428 id
1414 391 1459 424 est
1485 391 1606 425 Restor
1629 391 1778 431 vicarius
1797 395 1893 431 datus
1905 398 2054 434 Ecclesiae

1225 441 1365 475 viduatae
1388 440 1463 489 163.
1479 453 1509 477 2.
1529 441 1761 485 Appellabatur
1779 446 1879 483 etiam
1901 451 2055 483 Interven-

1224 500 1293 531 tor‚
1318 491 1390 524 ibid.
1417 492 1496 525 Hoc
1508 503 1643 525 munere
1653 491 1764 535 paffim
1787 496 1913 531 functus
1930 498 2056 531 vicinus

1226 541 1405 624 Ebpaiscopus
1416 565 1426 581 ,
1438 541 1510 576 ibid.
1540 542 1632 581 Afris
1643 543 1736 578 datus
1747 567 1759 589 ,
1779 544 1879 582 etiam
1890 547 2037 582 Clericus
2047 571 2055 583 ,

1225 596 1236 624 i
1256 597 1267 624 ι’
1292 617 1298 623 .

1177 640 1299 680 Vitalis
1321 641 1397 678 licet
1418 640 1436 675 ὲ
1450 641 1540 677 nulla
1552 641 1688 685 synodo
1699 644 1871 683 damnatus
1881 669 1892 685 ,
1918 653 2026 682 ,tamen
2040 647 2059 684 a

1228 692 1340 725 multis
1361 691 1545 727 diffamatus
1565 694 1774 729 &accusatus
1794 694 1921 730 accedit
1944 694 2062 730 Dama-

1228 743 1424 797 sum-335·
1456 754 1483 778 1.
1507 743 1591 777 solus
1608 755 1683 778 eum
1705 744 1863 785 absolvit,
1890 745 1925 779 &
1948 754 2063 783 contra

1230 791 1314 825 istud
1326 793 1483 834 judicium
1506 803 1602 826 nemo
1625 804 1782 838 umquam
1796 796 1924 830 Graecus
1935 797 2065 840 excepit

1228 841 1275 879 ob
1285 843 1443 876 defectum
1457 841 1663 878 authoritatis
1676 840 1696 878 ,’
1946 857 2011 895 335
2033 858 2055 884 2

1181 889 1304 932 Vitalis
1317 893 1392 930 licet
1413 893 1578 934 detectus,
1604 893 1751 929 {Sanno
1765 895 1940 938 Cytilloin
1962 870 2066 933 Libro

1230 942 1270 981 ad
1286 943 1432 987 Reginas
1443 943 1616 979 adducitur
1637 945 1721 984 inter
1733 945 1921 980 authentica
1933 947 1986 983 SS.
2000 946 2068 981 PP.

1232 991 1418 1027 testimonia
1433 1018 1441 1029 ,
1997 998 2069 1035 ibid.

1185 1041 1318 1082 Urbani
1340 1043 1497 1083 Siccensis
1521 1030 1674 1088 Episcopi
1689 1046 1842 1086 Romana
1858 1046 2072 1091 Appellatio,

1234 1103 1315 1139 249.
1338 1105 1368 1130 2.
1392 1103 1471 1140 250.
1497 1105 1525 1130 1.
1554 1096 1606 1128 Ex
1628 1095 1835 1139 Hip‘ponenfi
1861 1096 2071 1136 Clericorum

1235 1141 1440 1177 Monasterio
1472 1155 1640 1186 promotus
1678 1141 1723 1185 est
1750 1146 1793 1184 ad
1819 1147 2069 1191 Episcopatum-

1235 1202 1354 1239 2501.
1384 1192 1461 1235 Ejus
1485 1193 1668 1236 frequenter
1691 1197 1842 1234 meminit
1863 1199 1994 1236 „Sanctus
2007 1198 2076 1232 Au-

1233 1243 1383 1284 gustinus
1399 1266 1409 1281 ,
1435 1242 1510 1278 ibid.
1536 1242 1691 1276 Succeffit
1715 1245 1970 1282 Fortunatiano.
2000 1249 2074 1284 ibid.

1236 1294 1312 1330 Fuit
1325 1289 1443 1326 author
1455 1293 1581 1328 famosae
1594 1316 1604 1332 ,
1632 1303 1669 1325 ac
1683 1293 1825 1327 infelicis
1847 1306 1923 1329 cum
1938 1297 2078 1340 Apiario

1236 1342 1461 1382 controverfiae
1472 1365 1483 1381 ,
1501 1351 1580 1392 250.
1596 1351 1626 1382 2.
1655 1341 1784 1387 jubetur
1794 1342 1835 1383 ab
1851 1344 1997 1381 Urbano
2009 1358 2079 1385 cor·

1237 1393 1340 1437 rigere
1358 1393 1425 1430 vias
1438 1394 1525 1427 suas.
1952 1408 2029 1444 253.
2044 1409 2077 1433 2.

1628 1443 1707 1485 quid
1731 1442 1892 1479 Romanis
1928 1447 2079 1484 fuerint?

1245 1504 1321 1530 120-
1335 1505 1363 1530 2·
1393 1492 1578 1528 Urbicariae
1590 1492 1773 1530 Provinciae
1791 1494 1904 1530 decem
1916 1498 2082 1531 recensen-

1243 1554 1296 1579 tur
1313 1568 1324 1584 ,
1349 1543 1421 1576 ibid.
1450 1544 1579 1577 Omnes
1592 1553 1727 1586 excepta
1741 1545 1887 1579 Sardinia
1911 1546 2081 1581 immedia-

1242 1604 1278 1628 to
1292 1593 1544 1639 Metropolitico
1554 1593 1621 1642 jure
1635 1592 1782 1632 suberant
1796 1593 1953 1633 Romano
1965 1597 2081 1631 Ponti-

1243 1644 1316 1678 fici.
2006 1647 2077 1680 ibid.

1197 1694 1274 1730 Urfi
1297 1694 1485 1729 &Tuentii
1499 1694 1667 1730 ordinatio
1688 1693 1840 1729 discuffa.
1981 1707 2035 1745 43.
2048 1709 2082 1734 2.

1197 1745 1347 1784 Ursicini
1372 1745 1571 1789 Antipapae,
1598 1745 1676 1780 licet
1697 1745 1877 1782 Coloniam
1890 1747 2024 1794 relegati
2039 1749 2083 1780 fa-

1246 1795 1312 1836 ‚stio
1322 1819 1334 1837 ‚
1359 1797 1501 1841 graviter
1513 1795 1642 1831 vexavit
1657 1795 1834 1834 Ecclesias,
1986 1808 2004 1846 3
2009 1808 2039 1845 5.
2052 1810 2086 1840 2,

1596 1895 1681 1983 X

1284 2038 1450 2083 Antippus
1460 2038 1546 2083 apud
1558 2037 1782 2082 Augustinum
1796 2041 1952 2078 mendose
1974 2046 2090 2085 scribi-

1308 2100 1361 2124 tur
1384 2089 1563 2134 Tagastenfis
1586 2088 1771 2134 Episcopus:
1797 2092 1973 2137 legendum
2002 2097 2092 2132 vide·

1249 2153 1302 2177 tur
1314 2144 1488 2182 Xantippus
1500 2138 1652 2184 Tigt‘senfis
1660 2165 1668 2173 .
1959 2147 2039 2185 206.
2061 2158 2087 2182 1-

1198 2192 1321 2236 Xystus
1332 2190 1489 2227 Pontifex
1512 2192 1545 2224 in
1559 2190 1653 2224 causa
1668 2190 1775 2226 Idduae
1797 2194 1999 2238 Smyrnenfis
2015 2197 2090 2243 Epi-

1249 2242 1336 2286 scopi
1348 2252 1414 2277 non
1428 2241 1473 2277 est
1485 2242 1559 2275 usus
1572 2240 1772 2285 Apostolico
1786 2246 1927 2286 pestere.
1964 2257 2038 2295 137⁴
2059 2259 2090 2287 1.

1250 2291 1439 2327 Anathema
1452 2291 1534 2325 dicit
1547 2290 1686 2335 Pelagio
1709 2292 1742 2326 ὃς
1756 2293 1906 2329 Caelestio
1921 2321 1927 2328 .
1981 2297 2058 2344 276.
2068 2312 2090 2330 ι.

1201 2344 1324 2387 Xystus
1337 2342 1394 2376 111.
1415 2351 1621 2389 comparatus
1646 2340 1863 2384 Patriarchae‚
1890 2358 1928 2379 ac
1947 2345 2089 2390 Prophe-

1251 2404 1291 2428 tae
1303 2392 1429 2436 Moysi.
1830 2403 1906 2443 327.
1919 2408 1939 2428 1.
1967 2407 2043 2443 331.
2060 2408 2089 2432 1.

1200 2445 1324 2489 Xystus
1338 2442 1396 2476 111.
1410 2440 1491 2485 quid
1506 2440 1727 2485 praestiteritin
1744 2445 1879 2488 negotio
1897 2447 2091 2487 appellatio-

1250 2494 1302 2529 nis
1324 2492 1366 2527 ad
1391 2493 1422 2526 se
1444 2493 1530 2526 fastae
1554 2502 1610 2535 per
1623 2490 1818 2527 Eutherium
1839 2491 2089 2537 Thianensem,

1250 2545 1285 2579 δε
1320 2541 1512 2581 Helladium
1547 2541 1765 2581 Tharsensem
1811 2543 2061 2589 Metropolitam
2080 2571 2088 2583 ‚

1253 2604 1330 2649 332.
1356 2601 1388 2631 2-

1346 2756 1349 2758 .
1602 2691 1689 2784 Ζ

1206 2843 1483 2934 ZEphyrinus
1511 2844 1634 2890 primus
1659 2841 1778 2883 author
1804 2843 1984 2882 clementiae
2009 2858 2086 2893 erga

1320 2892 1490 2930 Moechos.
1986 2908 2032 2940 72
2056 2908 2085 2936 1.

1203 2949 1347 2992 Zozymi
1370 2945 1505 2989 epistola
1527 2944 1567 2978 ad
1578 2945 1785 2988 Simplicium
1800 2945 2021 2981 Viennensem
2034 2958 2087 2991 per

1253 3000 1415 3044 Joannem
1434 2997 1452 3033 ,a
1464 2994 1568 3029 Bosco
1581 2995 1792 3034 Parifiensem
1806 2996 1939 3032 adducta
1952 3000 1996 3036 est
2012 2998 2088 3042 legi-

1253 3050 1334 3085 tima
1347 3072 1353 3080 -
1986 3050 2042 3093 46.
2055 3060 2086 3083 z.

1203 3095 1528 3143 ZozymiPontificis
1552 3094 1634 3132 Asta
1655 3097 1740 3132 cirea
1754 3096 1928 3141 Apiarium
1951 3097 2086 3139 Presby-

1253 3160 1382 3188 terum,
1408 3156 1529 3193 253.2.
1559 3146 1702 3181 Admifit
1728 3146 1903 3191 Apiarium
1925 3146 2086 3195 appellan-

1253 3210 1318 3234 tem
1331 3196 1543 3240 adjudicium
1556 3197 1833 3238 retrastatorium‚
1860 3199 1929 3233 ibid.
1958 3196 1995 3232 In
2011 3207 2086 3229 cau-

1252 3251 1282 3283 sa
1307 3246 1434 3293 Apiarii
1468 3257 1536 3280 non
1564 3247 1627 3281 fuit
1652 3246 1859 3292 subreptione
1882 3256 2084 3290 praeventus,

1250 3309 1329 3346 ²50·
1346 3310 1374 3335 1·
1403 3297 1494 3331 Mifit
1517 3297 1551 3331 in
1578 3296 1727 3332 Africam
1752 3306 1889 3341 quatuor
1910 3295 2084 3337 Capitula‚

1251 3348 1410 3391 mandans
1432 3346 1491 3385 tria
1512 3347 1620 3391 priora
1641 3348 1792 3391 deinceps
1815 3344 1984 3428 obervafii.
2010 3343 2082 3384 ibid,

1965 3403 2035 3437 epa-
