2326 3718
49 2329 174 2368 L.7·1ndi
179 2340 204 2360 c.

50 2381 68 2401 2
85 2374 147 2412 Epi·
158 2377 205 2407 65·

657 129 936 175 Romnms
973 129 1552 180 Appzumxomuus.

207 225 299 262 gatus
311 215 418 259 quippe?
425 216 592 255 Imperator
598 215 728 261 Judices
745 213 991 258 mifitEpiscopos
1001 236 1016 252 ,
1040 216 1091 254 qui

212 262 474 308 cumeofiderent,
503 266 584 298 &de
594 275 661 299 tota.
675 266 728 299 illa
749 262 860 305 nausa,
886 266 966 306 quod
980 262 1091 304 justum

213 318 384 355 videretur,
404 312 586 355 statuerent.
616 320 676 351 Hoc
696 314 855 357 probamus
872 313 1093 353 Donatistarum

208 364 366 411 precihus,
393 366 428 398 ὢ*
439 366 538 399 verbis
556 369 762 408 Iinperaeroris.

260 413 459 457 Respondeo
471 414 540 450 haec
548 416 662 449 omnia
685 415 773 448 effea
785 415 890 449 Sancti
914 412 1092 457 Augustini

211 464 304 498 sensu
330 464 538 500 alieniffima.
565 463 762 503 Melchiadis
781 467 820 499 de
834 467 898 499 suis
908 461 1092 506 Maioribus

211 513 371 557 judicium
395 516 578 550 Donatistae·
598 515 821 549 aversabantur
842 517 875 550 δε
889 513 1093 550 infamabant

211 575 253 598 ex
264 564 377 599 multis
387 566 547 609 capitibus
557 589 564 596 .
592 565 712 599 Unum
727 577 794 599 erat
806 592 816 606 ,
835 563 926 610 quod
936 564 991 606 ipsi
1005 564 1094 596 suam

211 614 340 649 causam
361 626 429 649 non
443 626 497 659 per
510 614 729 648 Melchiadem
742 641 752 655 ‚
781 616 834 650 sed
848 627 902 658 per
925 614 1009 647 solos
1020 611 1094 645 Gal-

212 664 330 700 liarum
352 665 527 708 Episcopos
551 666 759 708 postulassent
777 666 934 701 retrafflri
957 689 965 698 .
991 661 1094 708 Qod

212 713 419 749 Melchiades
443 716 477 747 in
496 714 574 755 hoc„
584 715 743 757 judicium
766 724 929 758 praevento
939 714 1050 747 animo
1066 714 1096 746 se

213 764 383 799 intrufiffet
404 789 411 796 .
437 764 531 798 Huic
552 766 723 803 calumniae
744 764 949 809 Augustinus
970 763 1095 805 respon-

213 816 268 850 det
278 838 289 855 ,
314 815 404 858 quod
414 814 570 850 Pontifex
581 826 650 850 non
665 816 862 858 usurpaverit
872 839 882 854 ,
904 814 935 848 id
948 813 991 847 est
1005 838 1014 853 ,
1027 824 1094 846 non

213 866 248 898 se
269 865 434 910 ingesserit
454 866 488 899 in
511 864 615 899 hocce
636 864 813 907 judicium3
843 863 897 898 sed
927 874 1060 908 rogatus
1079 864 1096 895 a

213 915 386 957 Principe,
413 915 704 957 ideoquenullum
725 916 763 948 fit
784 914 824 947 de
844 915 914 956 ipso
933 913 1098 957 perperam

216 963 394 1008 suspicandi
416 965 687 999 fundamentum.
715 962 817 996 Porro
838 963 927 1006 quod
955 963 1098 1005 potuerit

214 1015 348 1058 proprio
359 1015 468 1048 Marte
478 1014 573 1047 istam
583 1011 815 1048 authoritatem
827 1013 982 1046 assumere
990 1036 999 1051 ‚
1009 1011 1098 1054 quod

213 1064 263 1107 jus
273 1062 390 1096 habeat
411 1063 598 1097 retractandi
617 1061 775 1104 judicatas
798 1062 955 1097 Afrorum
970 1062 1101 1106 Episco-

214 1122 332 1157 porum
350 1112 479 1151 cautim
506 1111 596 1155 quod
616 1112 654 1145 fit
675 1113 841 1155 supremus
864 1111 1099 1155 Episcoporum

211 1161 342 1206 Judex,
367 1159 452 1195 adeo
460 1161 545 1196 clare
558 1161 764 1206 Augustinus
787 1163 821 1195 in
832 1161 947 1197 eadem
966 1161 1102 1206 epistola

212 1211 337 1253 docet,
362 1220 398 1245 ut
409 1211 481 1252 quis
501 1223 568 1246 non
593 1213 762 1247 temerarie
771 1213 947 1255 suspicetur
957 1213 998 1246 de
1012 1211 1103 1245 Ano-

215 1271 344 1304 nymo‚
371 1261 460 1304 quod
484 1261 552 1304 ipse
573 1260 681 1297 scribit
692 1260 733 1296 de
746 1263 873 1305 Joanne
883 1262 992 1296 David
1009 1275 1019 1295 :
1046 1263 1105 1295 5ed

217 1317 357 1354 quoniam
379 1313 535 1345 Davidius
557 1311 636 1346 banc
659 1312 809 1353 epistolam
833 1315 988 1355 nunquam
1010 1313 1104 1355 legit,

218 1373 312 1404 quam
324 1360 411 1404 forte
433 1366 509 1395 citat
530 1375 568 1397 ex
578 1362 635 1403 fibi
651 1361 855 1406 suppeditatis
873 1361 1105 1405 praescriptioni·

217 1412 297 1451 hus,
322 1416 437 1444 truncis
450 1422 484 1444 ac
501 1413 671 1453 mutilatis,
701 1418 814 1446 nemini
837 1411 987 1446 hominum
997 1417 1106 1445 mirum

218 1462 320 1496 videri
341 1459 450 1501 debet,
469 1460 499 1502 fi
515 1473 554 1496 ex
572 1473 608 1495 ea
622 1465 748 1504 prorsus
767 1466 866 1496 aliena
887 1462 1106 1506 abstugustim·

219 1519 319 1546 mente
334 1512 483 1554 intelligat
495 1535 507 1552 ,
534 1514 570 1546 Θ
592 1513 706 1552 inflatis
727 1514 867 1557 loquatur
887 1512 999 1546 buccis.
1031 1513 1107 1547 Pto·

221 1560 343 1597 feuda
357 1560 472 1606 legerit
487 1584 498 1600 ‚
522 1561 601 1607 legit
622 1564 756 1598 coecatis
789 1573 846 1598 aut
861 1562 947 1597 certe
970 1561 1106 1596 turbatis

221 1611 328 1646 oculis
349 1621 404 1654 per
423 1611 551 1646 crudele
561 1612 676 1646 odium
701 1614 735 1646 in
750 1614 866 1647 Sedem
878 1613 1106 1658 Apostolicam

219 1673 260 1695 ac
271 1661 422 1696 Ecclefiae
439 1661 601 1696 unitatem
616 1687 623 1693 .
651 1662 756 1709 Qod
777 1662 934 1697 Romano
945 1662 1104 1696 Pontifici

220 1712 257 1746 {it
279 1710 338 1745 ista
360 1710 515 1754 potestas,
542 1711 691 1746 altiffime
711 1712 832 1747 clamat
851 1713 918 1755 ipsa
941 1711 1009 1746 haec
1022 1712 1106 1746 Mel-

221 1759 347 1795 chiadis
356 1759 510 1803 synodus
523 1785 533 1801 ,
561 1762 650 1804 cujus
660 1763 818 1797 sententia
841 1762 887 1797 est
900 1772 1059 1806 concepta
1071 1763 1106 1796 in

221 1811 290 1854 ejus
301 1810 401 1846 solius
413 1822 553 1844 nomen.
583 1812 635 1846 Ex
657 1811 853 1856 Apostolico
865 1813 1003 1847 Canone
1013 1837 1025 1854 ,
1050 1813 1106 1856 qui

221 1861 380 1895 Romano
402 1860 558 1896 Pontifici
582 1863 619 1896 in
639 1864 694 1897 sua
716 1861 930 1897 patriarchali
969 1863 1108 1907 Synodo

222 1909 381 1954 permittit
391 1912 504 1946 omnia
517 1937 524 1944 .
553 1913 597 1946 Et
610 1913 717 1955 ipsum
726 1913 820 1947 fuiffe
830 1913 848 1946 ὲ
859 1913 992 1947 Nicaena
1004 1914 1108 1954 Syrio*

222 1960 269 2009 do
279 1962 510 1996 confirmatum
530 1972 568 1996 ac
579 1961 761 1999 stabilitum
782 1963 921 1998 affirmat
931 1963 970 1998 in
982 1963 1036 1997 sua
1050 1962 1106 1997 tali

227 2011 367 2054 synodo
386 2011 478 2046 Felix
489 2011 548 2046 111.

274 2060 391 2101 Absit,
418 2071 454 2095 ut
466 2061 670 2100 Melchiades
684 2063 895 2097 Cecilianum
917 2063 1109 2105 judicaverit

223 2119 265 2142 ex
288 2108 489 2144 authoritate
510 2111 691 2153 Imperialis
712 2112 947 2156 delegationis.
975 2112 1109 2146 Etenim

224 2159 261 2193 in
274 2157 335 2194 hac
346 2160 440 2193 causa
452 2160 691 2195 Constantinus
703 2163 772 2206 egit
781 2186 792 2202 ,
819 2160 989 2205 quomodo
1002 2159 1110 2205 postea

224 2209 310 2243 circa
337 2209 563 2244 Clementium
586 2211 719 2252 Byzacii
732 2212 910 2246 Primatem
930 2212 998 2256 egit
1010 2212 1112 2254 Impe-

224 2266 312 2291 rator
331 2257 534 2299 Mauricius,
560 2260 602 2292 de
622 2271 690 2303 quo
710 2261 751 2295 ad
763 2262 924 2303 Ioannem
947 2262 1112 2304 Syracusae

225 2307 425 2351 Episcopum
446 2307 565 2351 scripsit
586 2308 737 2354 Magnus
756 2311 955 2355 Gregorius:
981 2315 1019 2343 In
1044 2290 1126 2366 quo}

1150 217 1220 247 riter
1229 208 1460 244 deereaavimus
1471 233 1481 249 ‚
1491 223 1526 244 ne
1534 212 1653 256 causam
1659 214 1873 263 sastiperems
1885 221 2030 263 judicari·
2042 238 2044 241 ·

1151 262 1224 296 dam
1237 285 1244 293 .
1266 260 1398 294 Sanetus
1409 261 1550 304 Joannes
1561 264 1722 309 deleganti
1734 267 1881 313 Principi
1899 271 2033 314 respon·

1153 311 1203 345 dit
1215 310 1396 345 Thraciam
1406 311 1439 345 &
1449 311 1638 357 AEgyptum
1649 325 1714 349 uon
1728 318 1936 355 solummodo
1945 319 2031 364 apud

1156 360 1406 404 Rempublicam
1429 385 1440 401 ,
1465 363 1519 396 sed
1539 362 1639 397 etiam
1660 365 1745 405 apud
1769 368 1944 405 Ecclesiam
1967 370 2033 405 effe

1156 412 1329 455 disparatas
1351 412 1537 453 Dioeceses·,
1562 412 1705 455 ideoque
1728 414 1819 450 istam
1844 417 2035 464 Delegatio-

1158 472 1231 495 nem
1242 462 1304 496 effe
1317 463 1602 505 praevaricatoriam
1615 486 1624 495 .
1647 463 1776 500 Eodem
1788 468 1888 501 modo
1898 493 1908 507 ‚
1929 470 1949 503 si
1961 479 2036 503 cau·

1158 514 1187 545 sa
1201 512 1307 546 fuifl‘et
1327 512 1457 552 fimilis,
1483 513 1708 550 Constant-ino
1731 515 1941 557 respondiffet
1956 518 2037 552 Mel·

1157 559 1288 597 chiades
1301 587 1309 595 .
1337 562 1481 598 Proinde
1491 565 1524 597 in
1539 565 1665 606 praefata
1675 564 1810 607 epistola
1821 565 1955 601 sanstus
1969 568 2038 600 Au-

1158 613 1306 655 gustinus
1320 624 1387 646 non
1402 613 1470 647 vult
1487 614 1577 649 aliud
1590 638 1600 654 ,
1626 616 1724 658 quam
1736 614 1825 661 quod
1837 612 2042 651 Melchiades

1159 663 1285 711 capsam
1299 662 1381 696 hanc
1403 673 1469 697 non
1484 664 1614 706 proprio
1635 674 1730 701 motu
1745 689 1755 706 ,
1782 665 1832 702 sed
1855 665 1872 702 ὲ
1887 664 2041 712 Principe

1160 723 1293 756 rogatus
1304 713 1344 746 ad
1357 715 1375 746 s
1372 724 1449 746 uum
1464 712 1628 749 Tribunal
1639 716 1845 752 devocaverit
1856 740 1864 751 .

1211 763 1314 808 Qod
1328 761 1533 799 Melchiades
1552 764 1643 806 juxta
1657 764 1834 807 canones,
1859 766 1894 800 ὃ(
1905 776 1960 810 pet
1980 766 2044 800 suae

1162 811 1252 846 Sedis
1271 812 1503 848 authoritatem
1525 815 1647 859 egerit,
1674 816 1807 850 Sanctus
1836 815 2044 860 Augustinus

1161 860 1257 895 docet
1269 862 1410 897 etiamin
1423 863 1508 900 libro
1529 864 1570 899 de
1582 865 1710 900 unitate
1726 865 1872 900 Ecclesiae
1887 879 1894 900 :
1922 865 1991 907 Afri
2001 871 2045 899 in·

1163 919 1206 944 ter
1213 910 1247 954 se
1259 911 1399 955 Epifi’opi
1409 914 1605 958 confligebant
1614 940 1621 947 .
1649 917 1682 948 Si
1689 913 1777 960 finire
1784 920 1863 950 inter
1870 914 1902 957 se
1912 915 2046 949 obortam
2062 909 2136 946 0³1³·
2154 916 2181 935 ²·

1163 961 1353 1002 diffinfionem
1379 975 1437 996 non
1455 973 1618 1005 poterant,
1643 974 1678 999 ut
1698 962 1761 1006 sive
1779 974 1839 1007 per
1861 967 2048 1001 concordiam

1162 1010 1318 1051 compofitis
1331 1036 1341 1051 ,
1361 1011 1424 1053 five
1445 1015 1622 1057 degradatis
1643 1020 1696 1058 qui
1715 1017 1793 1049 male
1815 1016 2050 1055 contenderent,

1165 1059 1196 1092 bi
1206 1065 1256 1102 qui
1268 1061 1374 1094 bonam
1385 1061 1506 1106 causam
1516 1063 1667 1099 habebant
1676 1090 1686 1107 ‚
1712 1071 1747 1100 in
1753 1070 1950 1100 communione
1959 1065 2050 1100 Orbis

1164 1118 1314 1144 terrarum
1325 1119 1382 1151 per
1391 1117 1520 1146 unitatis
1530 1116 1684 1149 vinculum
1702 1123 1939 1159 permanerent,
1964 1113 2066 1156 resta-v

1164 1159 1216 1194 bat
1226 1167 1326 1202 utique
1337 1170 1371 1192 ut
1385 1164 1416 1194 E
1414 1161 1525 1204 pifi‘opi
1537 1162 1745 1205 Transmarini
1756 1188 1767 1204 ‚
1793 1177 1853 1208 qua
1860 1174 1938 1208 pars
1952 1169 2053 1199 maxia

1163 1221 1216 1243 ma
1243 1209 1471 1253 diffundebatur
1496 1210 1631 1252 Ecclefiae
1653 1212 1818 1248 catholica·
1830 1238 1841 1254 ,
1866 1217 1903 1247 de
1914 1215 2054 1256 Afrorum

1164 1261 1353 1303 Collegarum
1373 1259 1587 1307 diffenfionibus
1617 1264 1792 1306 judicarent
1804 1286 1815 1303 ,
1841 1263 1901 1298 illis
1915 1265 2056 1298 videlicet

1165 1309 1363 1350 instantibus,
1389 1317 1441 1354 qui
1463 1312 1574 1345 crimen
1593 1313 1683 1348 malae
1695 1315 1906 1349 ordinationis
1926 1315 1995 1347 aliis
2006 1314 2056 1346 ob-

1159 1359 1308 1403 jiciebant
1318 1384 1325 1392 .
1354 1358 1416 1393 Per
1428 1359 1685 1407 Transmarinos
1698 1363 1879 1406 Episcopos
1894 1363 2056 1408 intelligit

1167 1410 1340 1453 praesertim
1359 1410 1572 1452 Romanum„
1598 1414 1652 1447 cui
1675 1413 1734 1448 soii
1752 1412 2072 1447 suberat‘Africana·

1169 1460 1311 1494 Ecclesia
1350 1484 1357 1492 .

1168 1511 1296 1546 sextum
1310 1509 1476 1546 psalmum
1498 1513 1663 1550 concione
1674 1513 1835 1554 Primiani
1857 1523 1973 1550 contra
1984 1513 2061 1547 Ma-

1168 1559 1373 1594 ximianistas
1391 1562 1521 1597 causam
1533 1573 1703 1608 comparat
1724 1574 1801 1597 cum
1812 1563 1906 1599 causa
1917 1563 2058 1598 Cecilia·

1169 1610 1204 1644 ni
1227 1609 1396 1646 adversum
1421 1612 1614 1648 Donatistas
1627 1638 1638 1653 ,
1664 1612 1780 1658 &post
1800 1613 1904 1647 multa
1920 1613 2072 1647 conclu-⁷

1168 1660 1239 1701 dit,
1265 1660 1446 1695 sermonem
1457 1662 1604 1709 dirigens
1616 1663 1655 1698 ad
1669 1662 1874 1702 primianum
1888 1677 1896 1696 :
1924 1667 2059 1708 Dignare

1168 1717 1318 1751 acceptare
1339 1712 1522 1745 cecilianum
1539 1718 1724 1746 innocentem
1743 1736 1756 1753 .‚
1781 1719 1833 1755 qui
1855 1714 1947 1745 noluit
1968 1719 2056 1747 exire

1169 1761 1213 1794 ad
1225 1761 1356 1800 Majores
1377 1769 1442 1795 tuos
1455 1785 1466 1801 ‚
1493 1763 1526 1795 (7
1530 1760 1571 1805 fic
1590 1761 1737 1807 servavit
1758 1761 1879 1805 causam
1884 1761 1972 1808 suam
1983 1762 2059 1795 Orbi

1169 1819 1320 1845 terrarum
1345 1835 1359 1851 ,
1383 1814 1526 1854 quomoda
1547 1822 1580 1846 tu
1597 1811 1727 1856 servasti
1750 1814 1879 1845 Concilio
1905 1813 2062 1847 Numida-

1168 1872 1252 1895 rum.
1280 1862 1313 1896 Ω
1335 1866 1516 1895 innocentem
1539 1873 1568 1895 te
1592 1864 1724 1898 reddidit
1745 1865 1833 1897 Sedes
1859 1866 2062 1907 Bagaitana,

1169 1913 1285 1953 quanto
1298 1911 1400 1953 potius
1421 1912 1504 1944 illum
1529 1914 1619 1946 Sedes
1633 1912 1794 1955 apostolica
1805 1913 1821 1944 ,ἕ
1848 1913 1954 1949 Addit
1965 1911 2063 1955 hujus

1169 1959 1327 2004 judicium
1341 1961 1433 1996 fuisse
1448 1961 1620 2004 probatum
1647 1964 1680 2000 δε
1692 1964 1854 1999 firmatum
1880 1963 1898 1995 a
1914 1973 1989 1997 toto
2000 1965 2064 1997 Or-

1170 2011 1210 2045 be
1222 2021 1374 2045 terrarum
1386 2035 1393 2045 .
1419 2012 1510 2060 Qia
1519 2013 1638 2056 nempe
1649 2025 1767 2049 omnes
1780 2012 1839 2051 sub
1850 2013 1936 2048 coelo
1950 2013 2064 2048 Eccle-

1171 2061 1220 2094 fiae
1230 2061 1412 2103 supremum
1428 2060 1587 2099 Romanae
1600 2063 1692 2099 Sedis
1710 2064 1898 2099 Primatum
1910 2088 1921 2103 ‚
1946 2064 1980 2097 ὃς
1992 2074 2079 2097 σειν.

1172 2110 1264 2143 nium
1287 2109 1504 2154 undequaque
1526 2135 1538 2150 ‚
1565 2113 1735 2154 praesertim
1760 2124 1803 2146 ex
1826 2113 1983 2146 Romano
2002 2112 2064 2145 Pa-

1171 2156 1350 2193 triarchatu
1374 2183 1383 2198 ,
1410 2160 1643 2203 appellationes
1672 2163 1795 2205 semper
1829 2161 2065 2206 crediderunt,

1171 2210 1205 2246 &
1218 2209 1403 2244 docuerunt
1427 2210 1489 2244 effe
1499 2211 1672 2247 immobile
1686 2212 1824 2261 Dogma
1838 2212 2033 2261 Evangelii.

225 2359 298 2390 dam
318 2363 441 2391 crimine
466 2360 635 2397 Byzacenus
656 2363 782 2394 Primas
798 2361 911 2403 fuerat
936 2359 1088 2403 accusatus
1101 2384 1110 2400 ,
1163 2403 1166 2406 .

225 2407 409 2449 &piiffimus
431 2411 597 2449 Imperator
618 2420 682 2443 eum
696 2412 797 2450 ‚iuxta
819 2415 939 2444 statuta
962 2415 1112 2444 Canonica

221 2466 278 2499 per
292 2468 344 2490 nos
355 2458 447 2490 voluit
452 2459 602 2498 judicari.
630 2461 651 2492 5
652 2461 692 2493 ed
700 2465 826 2501 acceptis
840 2463 936 2494 decem
948 2466 1013 2492 auri
1024 2461 1110 2493 libris

225 2506 392 2540 Theodorus
405 2507 541 2551 Magister
562 2510 689 2542 militum
709 2508 820 2550 obstitit
832 2535 843 2551 ,
872 2519 907 2543 ut
929 2511 1050 2544 minime*
1059 2510 1112 2551 fie-

226 2566 291 2591 ret.
318 2558 575 2600 Tamenpiiffimus
586 2562 755 2600 Imperator
771 2561 947 2600 admonuit,
974 2558 1111 2602 uttrans-

226 2613 404 2641 mitteremus
417 2632 429 2648 ‚
455 2610 489 2642 ύ
516 2609 664 2651 quidquid
685 2609 724 2650 est
735 2613 919 2643 Canonicum
921 2610 1109 2653 faceremus.

230 2657 373 2692 Videtur
393 2658 570 2693 mendum.
599 2659 643 2692 Et
656 2660 855 2704 legendum.-
882 2659 1111 2703 Uttransmitee-

226 2717 332 2742 rentur
343 2733 351 2742 .
381 2708 513 2752 Utique
528 2717 630 2752 partes
642 2709 786 2745 Romam
803 2710 844 2744 ad
867 2711 1016 2746 nostrum
1028 2710 1112 2754 judi·

227 2759 317 2793 cium
329 2783 337 2791 .
365 2759 469 2805 Qod
479 2770 596 2803 nempe
605 2760 664 2794 ista
675 2760 870 2795 transmissio
882 2763 959 2796 esset
982 2772 1038 2805 per
1049 2761 1112 2796 Ga·

228 2808 455 2844 nouesdebita
466 2809 541 2843 Sedi
556 2809 756 2854 Apostolicae
766 2835 774 2843 .
802 2812 897 2846 Hinc
907 2811 1091 2847 Mauricius
1101 2832 1112 2849 ‚

231 2857 308 2891 lieet
317 2861 387 2893 auri
398 2858 532 2903 indigus
542 2860 576 2894 ἃ.
585 2860 838 2902 amamiffimus,
862 2863 963 2897 nullo
972 2873 1033 2897 aete
1044 2873 1111 2906 per-

233 2907 317 2940 misit
343 2910 374 2942 se
393 2909 561 2944 transcribi
587 2910 622 2944 iu
649 2920 774 2946 tantam
794 2912 1110 2955 praevaricationem.

235 2955 290 2989 Ex
315 2957 434 2991 eodem
468 2961 577 3004 itaque
611 2962 752 2996 Conone
780 2962 926 3007 Magnus
953 2962 1112 2996 Constan-

235 3005 327 3039 tinus
362 3006 610 3044 Donatistarum
646 3011 835 3056 quaestiones
868 3013 1040 3047 transmisit
1070 3011 1112 3046 ad

234 3056 390 3090 Sanctum
412 3056 632 3094 Melchiadem
668 3087 675 3095 .
710 3062 764 3096 De
799 3062 996 3106 Imperatore
1015 3061 1118 3097 Arca-

236 3106 294 3139 dio
306 3130 318 3146 ,
343 3104 528 3150 Theophili
541 3109 735 3146 Patriarchae
746 3111 963 3147 Alexandrini
984 3113 1113 3147 causam

236 3155 297 3189 fibi
319 3155 512 3199 delegante,
540 3159 674 3194 sanstus
697 3162 838 3204 Ioannes
860 3161 1115 3206 Chrysostomus

238 3205 362 3249 scripsit
370 3206 414 3239 ad
423 3207 573 3241 Sanctum
585 3209 781 3246 Pontificem
792 3213 1034 3248 Innocentium:
1047 3217 1115 3246 Nos

234 3254 363 3300 scientes
385 3256 464 3300 leges
487 3259 635 3299 Patr-um,
661 3266 784 3304 viroque
793 3262 930 3298 bonorem
949 3263 1092 3298 habentes
1103 3287 1116 3305 ‚

237 3303 382 3340 habentes
401 3312 492 3339 etiam
511 3310 578 3348 eJus
584 3306 676 3351 super
695 3310 751 3344 bac
770 3322 805 3346 re
819 3314 960 3355 litteras,
986 3323 1118 3357 oportere

241 3360 273 3388 in
301 3355 462 3401 quibusque
485 3359 653 3393 Provinciis
682 3358 740 3402 sua
761 3369 879 3406 negotia
900 3364 1029 3398 traeari
1047 3389 1058 3406 ‚
1085 3365 1119 3397 δ’

240 3406 267 3437 Τ
266 3404 466 3450 transmarinos
479 3409 523 3442 ad
531 3408 626 3450 nostra
640 3411 759 3451 judicia
777 3421 834 3447 non
848 3413 1028 3455 trahendos,
1045 3413 1117 3456 for-

1345 2438 1699 2487 CAPUT
1781 2441 1895 2486 XX.

1213 2578 1306 2624 Haec
1333 2579 1456 2634 omnia
1486 2573 1632 2642 largius
1660 2573 1955 2625 demonstrantur
1976 2590 2027 2629 ex

1379 2645 1465 2695 aliis
1499 2643 1632 2693 Santii
1668 2646 1870 2714 Augustini

1502 2716 1734 2783 testimoniis.

1241 2859 1362 2892 An&us
1372 2856 1578 2902 Augustinus
1589 2857 1624 2892 in
1637 2858 1753 2893 litteris
1766 2858 1807 2893 ad
1820 2857 1977 2902 quosdam
1991 2857 2065 2892 Dm·

1263 2909 1451 2943 natistarum
1467 2908 1646 2951 Episcopus
1658 2908 1826 2952 exponita
1838 2907 1989 2942 Secundo
2000 2907 2064 2941 Ti·

1176 2961 1316 3004 gifitano
1336 2958 1522 3001 Episcopo,
1550 2957 1719 2993 Numidiae
1741 2966 1819 2992 tunc
1832 2956 1991 2998 Primate,
2018 2967 2065 2991 at-

1176 3018 1333 3044 tentatam
1346 3007 1510 3043 Ceciliani
1524 3007 1787 3053 Carthaginenfis
1807 3006 2066 3053 Archi-Episco-

1177 3060 1211 3103 pi
1231 3058 1497 3097 damnationem,
1522 3069 1621 3101 atque
1642 3059 1686 3092 ita
1708 3057 1908 3102 completum
1924 3057 2064 3093 schisma

1179 3112 1212 3145 δε
1223 3108 1425 3154 prosequitur
1437 3120 1445 3141 :
1471 3110 1615 3143 secundus
1626 3111 1713 3142 tanto
1725 3110 1823 3152 magis
1833 3116 1940 3142 timere
1953 3107 2064 3147 debuit,
2082 3121 2164 3160 Epist·
2172 3122 2237 3153 ¹52,-

1178 3172 1214 3194 ne
1231 3168 1299 3203 pax
1325 3164 1452 3192 unitatis
1478 3160 1664 3199 violaretur,
1688 3161 1798 3201 quanto
1824 3168 1890 3192 erat
1912 3157 2063 3200 Carthago

1178 3216 1288 3246 civitas
1306 3209 1408 3250 ampla
1430 3209 1593 3248 &illustris
1607 3232 1619 3249 ,
1642 3211 1723 3244 unde
1728 3207 1763 3253 se
1768 3217 1824 3251 per
1846 3218 1941 3244 totum
1954 3207 2063 3250 Africae

1177 3269 1278 3304 corpus
1308 3260 1440 3300 malum,
1464 3260 1546 3301 quod
1565 3258 1622 3292 tibi
1631 3260 1697 3303 effer
1715 3267 1849 3294 exortum
1870 3284 1881 3300 ,
1906 3261 2064 3302 tamquam

1179 3314 1200 3345 ἃ
1210 3315 1321 3346 vertice
1341 3309 1503 3351 effunderet
1514 3334 1521 3341 .
1549 3312 1632 3343 Erat
1650 3315 1743 3344 etiam
1753 3309 1979 3354 Transmarim's
1991 3314 2066 3341 vici-

1180 3360 1409 3406 naRegionibus
1424 3383 1436 3400 ,
1462 3358 1595 3401 &fama
1618 3360 1804 3394 cekbmima
1826 3359 1952 3393 nobilis.
1981 3357 2064 3390 Unde

1174 3424 1232 3449 non
1243 3413 1395 3447 mensionis
1408 3410 1508 3453 utique
1518 3408 1712 3445 antherium
1725 3409 1855 3446 babebat
1866 3407 2043 3451 Episcopum
2050 3427 2067 3448 ,

1965 3459 2016 3498 qui

2059 3587 2076 3596 φ

1398 1460 1491 1496 Hinc
1515 1463 1550 1498 in
1580 1463 1720 1498 secunda
1740 1464 1833 1506 super
1855 1464 2079 1509 trigesimum„
2122 1457 2126 1459 ‚
