2326 3718
373 148 469 186 162
772 163 776 168 ι
822 137 915 184 De
951 138 1277 183 AFRICANAE
1313 135 1649 186 Εςῖᾱιεεωεε

297 222 457 267 illicfmffe
466 219 641 263 monstraret
655 245 666 262 ,
692 232 744 258 nec
753 222 940 259 cathedram
959 223 1110 268 aliquam,
1137 219 1195 264 nisi
1254 219 1420 254 Gratiano
1430 221 1648 258 Claudianum
1660 222 1787 259 secutus
1799 225 1844 260 est
1863 224 1895 259 in
1908 225 1968 260 ista
1981 227 2127 270 pestilen-

290 273 490 318 pestt‘lenttae,
517 271 700 313 ostenderet.
1251 271 1304 305 tiae
1315 268 1478 307 cathedra
1495 274 1607 315 Felix,
1634 273 1691 317 qui
1706 274 1855 310 interfuit
1875 275 2127 322 Carthaginensi

342 321 511 356 Disclmus
526 321 606 359 hinc
619 323 703 359 varia
716 348 723 359 ,-
751 322 883 367 ptime),
908 322 998 365 quod
1010 322 1067 357 sub
1079 320 1186 357 Siricii
1251 319 1434 355 Collationi
1448 345 1455 353 .
1481 322 1653 359 Adventus
1664 325 1868 360 occasionem
1877 329 2029 370 exposuit
2043 329 2130 364 Peti-

291 370 493 407 Pontisicatu
514 396 526 414 ‚
550 373 630 409 dum
655 373 714 408 ista
738 375 881 417 Optatus
902 371 1059 407 scribebat
1080 396 1091 412 ,
1120 371 1186 405 Ro-

290 432 409 456 manus
430 422 683 461 Donatistarum
718 425 897 466 Episcopus
920 423 1070 458 videatur
1094 421 1186 456 fuisse
1253 431 1315 454 cem
1341 422 1621 464 detulerit,·nu1lus
1632 431 1764 469 ignorat.
1793 425 1990 462 Nobilium»
2009 441 2125 466 omnem

288 471 483 511 Macrobius
511 497 523 515 ‚
563 485 661 518 quern
688 472 794 517 primo
822 471 1003 508 Catholicae
1035 471 1185 507 Ecciefiae
1249 469 1296 504 hic
1306 472 1358 514 effi*
1370 474 1555 516 Romanam,
1582 487 1632 509 nec
1642 475 1698 518 ipfi
1704 473 1842 519 nescitis.
1869 477 1952 510 Idem
1961 483 2052 522 igitur
2062 490 2125 517 tur-

287 520 517 570 Presbyterum
531 548 542 566 ,
567 524 687 559 exinde
712 523 904 566 Apostatam
917 546 928 562 ,
957 523 992 558 &
1014 521 1181 555 occultum
1248 520 1304 561 bo,
1329 523 1486 565 eademque
1509 526 1651 565 neceffitas
1670 537 1737 560 eum
1757 525 1811 559 buc
1832 527 1939 560 detulit
1957 549 1966 559 .
1994 527 2124 574 Nempe

285 571 537 610 Donatistarum
553 575 588 607 in
602 574 757 608 Romana
772 573 870 609 Urbe
882 572 1082 615 Episcopum
1105 571 1181 606 fuis-
1244 570 1391 607 Gothica
1417 573 1511 607 almae
1536 574 1643 611 Urbis
1667 577 1857 620 captivitas.
1886 577 2125 621 imperatorum

283 621 316 662 se
331 621 440 660 scribit
466 625 500 657 in
513 622 692 660 Illustrium
719 624 864 659 virorum
883 621 1037 666 catalogo
1049 620 1179 656 Genna-
1244 621 1394 666 Gratiani
1421 634 1459 656 ac
1471 622 1699 660 Valentiniani
1711 627 1831 666 caedes,
1858 627 2009 671 variaque
2023 627 2125 672 Impe-

282 673 358 709 dius
369 672 598 713 Massiliensis,
626 671 845 718 &adjungit;
872 671 1014 714 scripfit,
1038 683 1104 706 cum
1116 673 1178 706 ad·
1241 672 1280 706 rii
1302 671 1447 708 turbatio
1472 673 1635 709 Romanis
1646 673 1829 712 Donatistis
1851 677 2122 717 fecitlibertatem

1249 370 1356 407 lianus
1368 370 1544 408 Cirthensis
1556 375 1734 418 Episcopus
1746 388 1757 409 .-
1784 378 1866 418 ,Qua
1885 384 1960 411 varro
1979 378 2035 413 buc
2047 380 2127 412 Feli·
2143 384 2302 420 L.r.c.159.

280 722 378 759 hucin
389 722 514 766 Ecclessa
529 722 750 765 Deevretbyter
760 723 844 767 effer,
873 723 918 756 ad
938 722 1117 767 Conftffores
1141 723 1176 757 ὁ*

281 775 326 806 ad
333 775 470 817 Virgines
481 771 593 807 librum
604 785 719 814 unum,
744 775 865 808 moralis
875 774 1018 815 quidem,
1039 771 1096 816 sed
1107 774 1174 807 val-

279 823 316 862 de
327 822 490 865 neceffariae
501 823 646 859 dodrinae
657 849 667 865 ‚
693 826 728 858 &
734 826 886 867 praecipue
900 825 945 856 ad
956 822 1172 866 custodiendam

276 871 442 914 castitatem
459 898 470 915 ‚
497 875 651 916 aptiffimn
663 875 756 911 valde
769 873 928 918 sententiis
940 879 1169 909 communmcm.

277 924 401 957 Clarute
413 929 494 958 inter
507 923 615 964 nostros
625 926 758 968 primam
770 924 879 968 Africae
892 948 903 966 ,
928 926 963 960 ὁ*
980 930 1061 958 inter
1077 922 1147 968 suos
1157 947 1169 966 ,

275 973 314 1007 id
321 973 359 1014 est
370 998 381 1015 ‚
409 977 614 1014 Domitianos,
633 973 697 1016 five
717 973 904 1022 Montenses,
924 974 1026 1019 postea
1047 978 1166 1010 Roma.

274 1021 345 1058 Hic
356 1023 402 1059 est
423 1024 565 1059 omnino
580 1025 636 1059 ille
647 1025 863 1065 Macrobius,
888 1023 930 1058 de
952 1036 1021 1067 quo
1033 1025 1166 1064 Sanctus

273 1074 419 1117 Optatus
435 1089 447 1110 .·
474 1077 507 1109 51
531 1074 679 1111 Macrobio
705 1076 844 1117 dicatur,
870 1074 926 1110 Ubi
946 1073 1052 1118 sedeat
1069 1100 1080 1115 ‚
1108 1076 1163 1109 &a

271 1124 357 1170 Qae
374 1124 468 1161 verba
489 1125 598 1170 palam
622 1124 757 1161 edicunt
770 1137 851 1162 tunc
863 1125 999 1166 vixiste,
1026 1125 1062 1160 δε
1079 1123 1164 1169 apud

268 1171 415 1210 Romam
428 1175 557 1214 sedisse.
585 1175 629 1209 Et
640 1174 864 1219 hincquaestio
886 1176 954 1216 est,
980 1174 1164 1221 Qomodo

267 1223 356 1259 idem
372 1225 515 1268 Optatus
540 1224 657 1260 scribat
670 1226 847 1261 Macrobio
865 1227 1050 1262 Lucianurn
1063 1249 1074 1265 ,
1099 1225 1163 1259 Lu-

266 1273 367 1309 ciano
384 1274 560 1312 succeffiffe
578 1275 832 1310 Claudianum?
857 1276 992 1309 Etenim
1014 1273 1070 1309 hic
1094 1283 1162 1307 om-

266 1324 351 1361 nino
374 1325 419 1358 est
445 1324 501 1357 ille
513 1324 740 1367 Claudianus,
767 1336 865 1369 quem
884 1324 1038 1358 Romana
1051 1324 1161 1365 syno-

264 1374 328 1410 dus
338 1375 461 1408 affimat
483 1385 540 1416 per
553 1373 663 1409 Roma
687 1376 840 1420 expulsos
861 1373 1162 1409 Donatistassuisse

263 1424 455 1467 ordinatum
481 1424 516 1458 in
543 1423 676 1464 Africa,
703 1426 737 1461 &
761 1426 928 1461 remiflum
952 1422 992 1459 ad
1009 1423 1156 1464 Urbem,

263 1474 298 1518 ᾅε
310 1473 404 1509 isthic
414 1484 529 1511 contra
549 1474 655 1520 Regia
669 1475 782 1511 Edista
796 1475 1036 1510 contumaciter
1050 1473 1162 1517 persti-

262 1525 334 1563 risse
351 1549 359 1557 -
394 1525 541 1562 Proinde
564 1525 746 1568 Imperator
772 1527 950 1562 Gratianus
976 1525 1161 1559 Lucianum

260 1574 401 1617 ejecerat
419 1599 430 1615 ,
457 1585 660 1618 omnemque
682 1575 750 1616 ejus
773 1575 908 1610 devium
933 1585 1089 1618 gregem:
1117 1574 1160 1607 Et

260 1623 295 1659 in
307 1624 377 1667 ejus
391 1623 533 1659 defunffi
542 1648 554 1665 ,
582 1634 636 1660 aut
651 1624 752 1661 redire
764 1626 940 1660 recusantis
953 1624 1065 1658 locum
1077 1624 1162 1658 ordi·

260 1684 357 1708 natus
368 1675 433 1710 fuit
450 1673 656 1709 Claudianus
670 1699 681 1715 ‚
708 1676 742 1710 ὅ(
759 1676 847 1718 quasi
873 1675 1052 1718 Episcopus
1066 1672 1159 1708 desti—

259 1733 356 1758 natus
382 1725 423 1759 ad
450 1723 581 1760 Urbem
599 1749 606 1756 .
635 1725 744 1769 lpsum
766 1725 924 1768 Princeps
945 1723 1059 1758 denuo
1081 1734 1159 1766 pro-

259 1772 407 1818 scripsrt;
433 1784 467 1807 at
490 1773 546 1807 ille
571 1775 722 1817 pertinax
745 1774 864 1819 sprevit
884 1773 1021 1815 omnia,
1047 1773 1157 1816 &pet-

261 1824 396 1860 manlit.
437 1824 533 1870 Qu
561 1824 662 1858 etiam
689 1837 759 1859 non
795 1825 907 1860 timuit
943 1823 1155 1868 rebaptizare.

260 1875 373 1922 Qare
398 1873 453 1909 hic
467 1874 584 1918 Optati
598 1874 768 1910 scribentis
788 1885 935 1919 tempore
954 1884 1021 1908 erat
1039 1874 1157 1908 Romae

260 1923 511 1961 Donatistarum
541 1925 751 1971 Episcopus.
788 1926 874 1973 Qae
909 1925 1064 1960 videntur
1085 1935 1154 1960 non

260 1975 344 2014 bene
366 1972 527 2008 cohaerere
541 1998 549 2006 .

263 2049 265 2053 .
310 2025 431 2059 Fateor
442 2025 504 2058 effe
516 2035 646 2069 gravem
660 2024 889 2061 difficultatem
901 2051 908 2059 .
938 2024 1071 2059 Etenim
1089 2025 1153 2058 lau·

259 2075 335 2116 data
361 2072 524 2109 Romanae
551 2076 679 2117 Synodi
707 2076 844 2118 epistola
882 2075 1010 2110 videtur
1037 2076 1152 2117 scripta

260 2124 369 2170 quarti
395 2125 501 2159 saeculi
527 2135 619 2158 anno
640 2126 841 2170 ostogefimo
865 2125 994 2169 primo,
1021 2124 1152 2159 decimo

259 2178 381 2220 quinto
394 2175 525 2211 Damasi
540 2174 716 2209 Pontificis
730 2200 737 2207 .
768 2175 902 2211 Etenim
915 2175 1068 2211 Gratiani
1090 2174 1156 2209 Re·

260 2227 415 2270 scriptum
440 2226 578 2260 affirmat
600 2225 806 2260 Florentium
835 2225 1055 2259 Puteolanum
1070 2224 1151 2268 Epi-

260 2279 393 2319 scopum
408 2300 417 2315 ,
448 2280 553 2319 primo
562 2286 652 2314 anno
665 2277 860 2311 damnatum
872 2277 888 2308 ὲ
903 2276 1049 2308 Damaso
1061 2294 1071 2311 ,
1084 2274 1149 2316 jam

260 2328 331 2370 post
344 2325 498 2371 quintum
509 2324 674 2359 decimum
686 2336 809 2358 annum
824 2325 956 2369 grassari
980 2325 1014 2358 in
1031 2323 1149 2357 Eccle-

260 2378 336 2411 fiam
349 2399 360 2415 ‚
387 2375 420 2410 ὅ(
435 2385 528 2419 agere
539 2372 647 2409 turbas
660 2399 667 2409 .
696 2375 740 2408 Et
753 2374 813 2408 isto
835 2374 953 2409 eodem
974 2385 1063 2408 anno
1079 2373 1148 2407 Ro·

261 2437 322 2460 mae
335 2423 462 2459 sedebat
488 2436 525 2459 ac
538 2424 686 2460 latitabat
697 2424 901 2460 Claudianus
915 2449 922 2457 .
951 2423 1045 2457 Hinc
1067 2434 1150 2465 quae-

260 2479 362 2513 titur,
387 2474 574 2522 Qomodo
585 2474 653 2516 ejus
667 2484 744 2510 ante
765 2474 953 2509 Lucianum
974 2472 1148 2507 Praedeces·

260 2528 314 2561 sor
336 2522 529 2558 Macrobius
551 2522 665 2557 sederit
698 2522 757 2558 sub
777 2524 983 2560 Pontificatu
1009 2523 1148 2558 Siricii?

261 2578 336 2611 Nec
361 2575 478 2619 Optati
501 2584 610 2608 textus
635 2573 731 2616 poffit
756 2574 822 2608 dici
849 2574 1006 2614 vitiosus,
1035 2574 1068 2608 in
1082 2584 1149 2616 quo

260 2626 453 2662 Macrobius
465 2622 582 2660 debeat
596 2623 697 2660 locari
710 2624 779 2668 post
793 2624 977 2660 Lucianum
1006 2624 1040 2659 ἀ
1052 2623 1150 2658 Clau·

261 2677 419 2712 dianum.
445 2674 591 2711 Obstant
614 2674 706 2709 enim
729 2673 843 2708 omnia
863 2673 1077 2716 exemplaria.
1106 2674 1148 2706 Et

262 2727 409 2772 praefatus
420 2724 619 2760 Vincentius
631 2749 641 2764 ‚
670 2723 704 2758 in
717 2725 776 2761 suo
787 2724 939 2769 catalogo
953 2726 1078 2758 servans
1099 2735 1147 2756 or-

262 2776 377 2813 dinem
392 2773 567 2822 temporis,
594 2773 806 2810 Macrobium
818 2775 905 2808 locat
918 2772 1066 2817 proxime
1077 2773 1146 2815 post

263 2825 443 2867 Vitellium
454 2850 466 2866 ‚
492 2835 590 2868 quem
603 2824 693 2858 addit
707 2824 851 2860 floruisse
871 2824 929 2859 sub
942 2823 1147 2863 Constante,

262 2877 356 2912 Filio
378 2875 592 2911 Constantini
614 2874 776 2918 Principis
801 2899 808 2906 .
848 2874 935 2910 Eum
964 2873 1052 2909 locat
1072 2883 1147 2908 ante

263 2928 414 2963 Sanctum
438 2924 656 2962 pachomium
678 2950 690 2968 ,
716 2925 774 2968 qui
797 2923 940 2959 creditur
959 2924 1147 2958 adolescens

263 2977 414 3012 militasse
426 2976 483 3015 sub
496 2975 694 3021 Imperatore
705 2975 883 3011 Maxentio
898 2999 909 3016 ,
936 2973 1075 3017 ideoque
1087 2972 1146 3008 Vi·

265 3026 359 3062 tellio
379 3027 472 3063 fuisse
493 3037 636 3067 coaevus.
662 3025 745 3064 Haec
769 3024 833 3059 alte
851 3025 996 3060 clamant
1017 3025 1145 3060 Macro-

264 3075 357 3111 bium
381 3086 448 3109 non
473 3076 585 3110 vixisse
610 3077 712 3120 usque
730 3075 771 3112 ad
782 3075 887 3110 Siricii
908 3085 1073 3118 tempora.
1102 3073 1145 3107 Et

266 3125 428 3162 Romanae
451 3125 576 3168 Synodi
591 3150 602 3166 ‚
627 3127 817 3163 affirmantis
841 3125 899 3161 sub
912 3124 1041 3162 Damasi
1052 3122 1143 3162 Pon·-

266 3176 394 3211 tificatu
417 3174 527 3210 sedisse
550 3175 793 3215 Claudianum,
818 3175 983 3211 attestatio
1005 3174 1050 3210 est
1074 3173 1144 3207 irre-

265 3223 434 3270 fragabilis
456 3248 463 3256 .
489 3224 632 3262 Proinde
652 3225 842 3261 Macrobius
860 3225 1002 3263 omuino
1022 3222 1142 3257 mediat

265 3277 352 3316 inter
374 3273 559 3312 Lucianum
584 3275 848 3319 &Encolpium.
880 3277 992 3323 Quare
1011 3274 1143 3312 Sanetus

265 3327 408 3370 Optatus
437 3335 492 3367 per
512 3322 642 3358 laudata
663 3325 805 3368 superius
838 3326 932 3361 verba
953 3324 1141 3362 deffinitum

264 3374 478 3412 Macrobium
490 3372 672 3416 alloquitur
683 3384 720 3408 ut
731 3375 861 3409 vivum.
890 3375 945 3411 Est
962 3374 1065 3418 figura
1089 3374 1143 3408 usi·

265 3435 330 3466 tata
342 3421 542 3460 Rhetoribus
553 3448 561 3455 .
587 3421 696 3461 Porro
707 3422 936 3459 contumacem
954 3423 1142 3468 Imperatori

1237 722 1422 763 persistendi
1443 724 1528 767 apud
1551 725 1696 760 Romam
1715 749 1727 765 ‚
1762 738 1800 761 ac
1825 728 1974 773 eligendi
1996 741 2121 765 novum

1242 771 1439 818 Episcopum
1454 798 1461 805 .
1489 774 1591 809 Felici
1606 785 1705 808 nemo
1715 775 1843 811 videtur
1853 779 2057 813 succeffiffe.·

1287 822 1338 857 Ex
1350 823 1490 864 laudatis
1500 824 1608 858 Sanffi
1623 825 1739 868 Optati
1751 825 1855 861 verbis
1867 829 2008 868 secundo
2018 829 2121 863 disci-

1235 882 1327 914 mus,
1354 873 1444 918 quod
1455 873 1671 917 Macrobius,
1696 876 1819 920 aliique
1832 877 1976 913 Romani
2005 880 2122 918 Dona-

1234 921 1380 959 tistarum
1394 923 1565 968 Epffimpi,
1592 936 1653 959 nec
1676 927 1708 958 in
1722 926 1830 961 saneti
1842 926 1929 961 Petri
1953 928 2120 968 Cathedra

1234 972 1372 1007 sederint
1383 984 1526 1016 unquam
1539 998 1550 1015 ‚
1576 974 1788 1018 immdipsam
1801 988 1970 1020 nunquam
1995 980 2119 1018 fuerint

1232 1023 1371 1066 permiffi
1383 1023 1509 1058 videte.
1539 1025 1622 1059 Item
1635 1049 1646 1065 ‚
1673 1026 1761 1068 quod
1775 1026 1968 1068 Sanstorum
1990 1029 2120 1066 Princi-

1233 1083 1309 1114 pum
1321 1074 1557 1119 Apostolorum
1570 1077 1738 1110 memoriis
1759 1088 1930 1120 nunquam
1944 1079 2005 1112 fint
2026 1091 2118 1114 com·

1231 1123 1398 1158 municare
1424 1125 1561 1168 permisti
1577 1150 1587 1166 ,
1614 1137 1675 1160 nec
1695 1127 1735 1161 ad
1750 1126 1833 1170 ipsas
1844 1127 1980 1168 offerte,
2009 1128 2116 1167 immo

1229 1184 1289 1208 uec
1299 1173 1428 1218 ingredi
1440 1198 1447 1206 .
1475 1174 1538 1208 Per
1549 1175 1656 1209 Sancti
1668 1175 1755 1210 Petri
1767 1176 1966 1212 Catbedram
1979 1179 2115 1219 Sanetus

1229 1223 1370 1265 Optatus
1391 1224 1550 1268 intelligit
1572 1224 1639 1266 ejus
1654 1223 1883 1268 Episcopalem
1904 1226 2114 1271 Thronum,

1227 1282 1324 1315 atque
1337 1273 1380 1305 ita
1393 1273 1531 1307 affirmat
1545 1274 1699 1307 sanctum
1713 1273 1846 1308 Petrum
1862 1275 1973 1310 sedisse
1996 1277 2115 1318 Rom„

1229 1320 1450 1366 Episcopum,
1478 1323 1717 1359 &istiusmodi
1743 1323 1905 1359 Thronos
1932 1326 1994 1360 esse
2021 1326 2117 1370 ipsius

1226 1372 1414 1407 institutum
1428 1397 1435 1406 .
1464 1373 1548 1408 Item
1559 1374 1698 1408 affirmat
1713 1373 1828 1412 Romae
1838 1384 1916 1409 tunc
1927 1377 2022 1416 fuisse
2032 1378 2117 1417 alta,-

1224 1422 1269 1456 ria
1283 1446 1294 1462 ,
1319 1423 1356 1457 in
1378 1423 1452 1466 ipsis
1463 1424 1555 1458 fuisse
1567 1425 1752 1460 reconditas
1763 1425 1951 1459 Sanctorum
1968 1425 2114 1471 Apostov

1224 1471 1332 1507 lorum
1344 1472 1515 1515 Reliquias
1531 1497 1541 1513 ,
1567 1474 1649 1508 &ad
1662 1476 1744 1517 ipsas
1771 1475 1922 1514 oblatum
1936 1475 2043 1515 Missa
2060 1478 2115 1516 st?

1224 1522 1386 1559 crificium
1407 1547 1414 1554 .
1442 1522 1683 1557 Consecrandis
1701 1524 1872 1559 Altaribus
1894 1526 1996 1564 sacras
2021 1526 2111 1566 Reli-

1224 1570 1316 1615 quias
1327 1572 1451 1616 semper
1462 1573 1557 1608 fuisse
1570 1574 1757 1619 necessarias
1769 1599 1776 1606 .
1805 1574 1910 1609 Porro
1924 1576 2113 1618 Donatistae,

1222 1632 1294 1655 rum
1308 1623 1488 1666 Episcopos
1499 1623 1540 1657 ab
1552 1624 1620 1658 istis
1632 1624 1789 1660 omnibus
1801 1624 1969 1668 prohibuit
1996 1638 2035 1661 ac
2060 1627 2112 1662 in-

1222 1671 1352 1706 terdixit
1365 1673 1517 1715 antiquus
1529 1673 1646 1706 Canon
1661 1698 1671 1712 ,
1699 1675 1755 1717 qui
1770 1675 1934 1708 nerninem
1949 1675 2107 1719 ignotum

1221 1721 1416 1757 admittebat
1444 1722 1483 1757 ad
1514 1724 1615 1757 sacras
1640 1723 1794 1758 Basilicas
1821 1749 1832 1764 ,
1859 1725 1919 1758 nist
1943 1727 1998 1768 qui
2020 1726 2110 1768 prius

1219 1772 1381 1806 emitteret
1402 1773 1580 1807 solemnem
1601 1773 1828 1816 professionem
1841 1774 2050 1808 Orthodoxae
2070 1775 2109 1815 fit

1219 1821 1271 1855 dei
1286 1846 1293 1856 .
1321 1822 1493 1857 Canonem
1507 1835 1586 1857 tunc
1599 1824 1734 1868 viguisse
1745 1835 1799 1869 per
1809 1835 1926 1859 omnes
1937 1825 2109 1867 Ecclefias,

1220 1872 1266 1905 est
1282 1873 1339 1906 suo
1363 1872 1439 1908 loco
1452 1874 1710 1909 demonstratum
1723 1899 1731 1908 .
2101 1898 2104 1899 ν

1266 1921 1387 1957 Tertio
1410 1924 1566 1960 discimus
1590 1948 1604 1964 ,
1636 1922 1727 1967 quod
1754 1923 1869 1958 Vistor
1896 1924 2108 1965 Garbienfis.

1217 1973 1338 2016 primus
1359 1973 1609 2009 Donatistarum
1635 1973 1721 2018 apud
1744 1973 1877 2008 Urbem
1903 1974 2108 2019 Episcopus,

1216 2024 1574 2059 fueritconsecratusin
1592 2024 1725 2063 Africa,
1749 2035 1786 2057 ac
1805 2025 1881 2062 inde
1906 2025 2107 2065 transmissus

1216 2074 1256 2107 ad
1272 2085 1392 2116 paucos
1405 2074 1520 2108 Roma:
1532 2075 1697 2109 Erraticos
1707 2099 1715 2107 .
1747 2075 1828 2108 Non
1842 2075 2016 2115 Romanos
2027 2099 2039 2115 ,
2051 2076 2106 2115 sed

1218 2122 1318 2156 Afros
1342 2147 1353 2164 ,
1379 2124 1498 2168 quibus
1520 2125 1682 2166 placuerat
1707 2123 1839 2160 Urbica
1859 2123 2044 2166 habitatio,
2069 2125 2107 2165 ὅς

1216 2174 1271 2217 qui
1285 2173 1380 2208 isthic
1396 2174 1551 2208 nolebant
1564 2175 1671 2209 vivere
1681 2175 1745 2208 fine
1762 2176 1821 2209 suae
1842 2175 2007 2211 Factionis
2029 2174 2108 2219 Epi-

1215 2225 1330 2266 scopo.
1365 2224 1458 2257 Hinc
1471 2226 1510 2257 eo
1524 2226 1636 2259 missus
1650 2235 1715 2257 non
1730 2224 1792 2258 fuit
1810 2237 1845 2259 ut
1868 2225 1950 2266 lapis
1972 2226 2008 2258 in
2030 2226 2106 2259 fou-

1213 2283 1301 2312 tem,
1333 2272 1372 2306 ad
1398 2272 1647 2316 perturbandam
1677 2273 1859 2306 Catholicae
1882 2273 2104 2314 multitudinis

1217 2323 1415 2364 puritatem,
1442 2322 1494 2356 sed
1519 2323 1691 2357 dumtaxat
1714 2322 1755 2356 ad
1776 2323 1928 2356 solatium
1955 2334 1994 2357 ac
2006 2324 2105 2358 mini-

1214 2371 1345 2407 sterium
1365 2383 1542 2416 paucorum
1566 2374 1698 2406 suorum
1722 2372 1978 2416 Congerronum
1999 2397 2008 2408 .
2053 2372 2099 2408 Et

1213 2420 1290 2455 hinc
1306 2423 1389 2455 inter
1411 2422 1488 2456 istos
1505 2423 1556 2455 sex
1579 2420 1898 2464 Pseudo-Episcopos
1912 2433 2011 2457 nemo
2035 2422 2099 2456 fuit

1212 2471 1384 2505 Romanus
1402 2495 1412 2510 ,
1439 2473 1578 2514 ideoque
1602 2472 1710 2505 cunsti
1736 2483 1803 2506 non
1820 2471 2032 2508 solummodo
2052 2470 2098 2515 ob

1213 2521 1349 2557 schisma
1376 2523 1408 2556 δε
1424 2521 1565 2556 haeresrm
1578 2546 1588 2561 ,
1617 2521 1669 2556 sed
1683 2523 1813 2566 insuper
1825 2522 1869 2556 ob
1891 2522 2101 2567 peregrinita-

1211 2583 1276 2606 tem
1299 2573 1430 2607 fuerunt
1454 2572 1602 2606 inidonei
1628 2583 1666 2606 ac
1689 2572 1895 2616 irregulares.
1923 2571 1974 2606 Ita
1997 2570 2098 2613 habet:

1209 2623 1365 2666 antiquus
1379 2622 1526 2657 Ecclesiae
1540 2622 1680 2656 Canon:
1707 2621 1811 2657 Hunc
1833 2622 1968 2655 Sanitus
1991 2622 2098 2665 Opta-

1208 2684 1259 2707 tus
1274 2671 1458 2707 Donatistis
1468 2673 1596 2706 refricat
1610 2673 1642 2705 in
1655 2671 1798 2709 frontem
1810 2696 1817 2703 .
1846 2673 1897 2705 Ex
1918 2671 2031 2706 eadem
2046 2684 2095 2711 re,

1206 2723 1283 2766 gula
1299 2722 1518 2758 parmeniano
1532 2746 1543 2762 ‚
1571 2722 1822 2767 Carthaginensi
1838 2721 2089 2762 Donatistarum

1207 2772 1345 2808 Primati
1366 2796 1375 2812 ‚
1403 2773 1599 2815 improperat
1627 2774 1717 2816 quod
1738 2773 1948 2816 peregrinus,
1974 2770 2094 2813 nempe,

1208 2822 1375 2867 Hispanus
1386 2824 1462 2857 esset
1473 2847 1483 2863 ,
1500 2821 1641 2866 ideoque
1654 2824 1784 2864 ineptus
1796 2820 1835 2855 ad
1849 2820 1945 2854 istum
1960 2821 2093 2864 Episcos·

1208 2883 1319 2915 patum
1335 2898 1342 2905 .
1370 2873 1423 2906 Ex
1438 2872 1495 2906 ista
1505 2874 1747 2918 peregrinorum
1757 2869 1842 2914 apud
1856 2870 2003 2905 Romam
2013 2873 2091 2910 Suc-

1206 2922 1347 2963 ceffione
1362 2922 1454 2958 addit
1465 2924 1599 2968 agnosci
1611 2921 1797 2962 haereticum
1806 2919 1974 2960 dolum&
1984 2919 2091 2964 Scitis-1

1206 2974 1362 3008 maricam
1384 2972 1573 3008 Fafflonem
1598 2997 1605 3003 .
1632 2971 1796 3014 Loquitur
1814 2982 1855 3004 ex
1881 2971 2093 3013 Tertulliani,

1206 3022 1506 3067 Praescriptionibus
1533 3034 1542 3054 ε
1569 3026 1778 3055 naereticorum
1798 3022 1997 3056 ordinationes
2013 3020 2091 3065 sitne
2108 3023 2262 3059 Caput4'1.

1204 3079 1371 3107 temerariae
1381 3097 1392 3113 ,
1416 3075 1498 3107 leves
1511 3095 1521 3111 ‚
1545 3070 1743 3112 inconstante:
1753 3094 1760 3103 .
1790 3071 1959 3116 Loquitur
1972 3072 2014 3107 de
2026 3072 2087 3116 pria

1204 3135 1262 3157 mo
1273 3123 1522 3157 Donatistarum
1539 3122 1623 3155 circa
1636 3120 1732 3155 istum
1744 3121 1942 3165 Episcopum
1963 3123 2062 3165 scopo
2075 3144 2086 3161 .,

1203 3173 1307 3220 Qod
1321 3174 1431 3216 postea
1443 3171 1532 3210 aliud
1543 3170 1584 3205 ab
1597 3171 1665 3214 ipso
1682 3171 1896 3216 speraverint,
1922 3172 2009 3211 infra
2029 3181 2082 3204 au·

1202 3223 1329 3259 diemus
1349 3221 1367 3256 a
1389 3223 1504 3258 Sancto
1524 3220 1735 3265 Augustino.

1252 3271 1382 3318 Quarto
1394 3272 1546 3306 discimus
1557 3296 1568 3312 ,
1580 3272 1667 3315 quod
1681 3273 1834 3309 Romana
1848 3271 1939 3311 Urbs
1949 3280 1989 3303 ex
2000 3279 2081 3303 tune

1204 3320 1335 3357 haberet
1354 3322 1435 3356 ultra
1448 3321 1663 3366 quadraginta
1678 3322 1848 3363 Basilicas,
1873 3318 2020 3360 adeoque
2045 3321 2084 3353 δε

1203 3371 1344 3407 totidem
1371 3371 1562 3406 Cardinales
1590 3371 1799 3416 Presbyteros
1824 3395 1830 3402 .
1870 3369 2024 3402 Habebat
2049 3370 2082 3407 ὃς

1204 3422 1451 3470 quatuordecim
1467 3423 1667 3465 Diaconias,
1695 3423 1836 3464 ideoque
1860 3420 1893 3455 δε
1905 3428 1954 3457 tot
1970 3418 2083 3501 (iardif

1947 3481 1988 3507 na
2002 3481 2036 3504 es
