2326 3718
689 118 975 165 Roianus
1010 118 1335 163 Aprum-11
1355 128 1594 165 omaus.

208 207 212 210 ”
223 217 294 244 mat
302 206 362 244 ista
373 203 433 240 tria
441 198 657 242 Zisaraeenfis
672 201 855 237 Provinciae
868 199 1018 245 exempla
1028 198 1101 233 fuis-

225 261 258 294 se
266 258 353 293 istius
362 252 471 301 forthae
482 278 490 286 .
517 253 632 287 Palam
644 253 782 287 affirmat
791 251 959 291 Romanas
971 251 1102 294 Episco-

225 314 340 354 porum
347 303 582 349 appellationes
591 303 684 338 fuisse
693 301 778 346 apud
789 302 879 336 suam
890 311 1024 347 gentem
1046 300 1105 334 fre·

218 355 445 401 quentiffimas
470 363 568 398 atque
595 352 773 387 liberrimas
784 377 791 384 .
817 352 904 386 luter
917 352 1104 386 Romanam

207 407 260 443 2&
281 405 473 440 Africanam
493 403 668 439 Ecclesiam
677 401 823 436 fumabat
835 412 914 437 tunc
934 398 1105 436 contentio

207 456 267 491 -de
279 456 441 491 Romanis
451 451 720 499 appellationibus
738 452 902 487 inferioris
922 450 1033 487 Cleri:
1061 449 1105 482 Et

225 505 321 549 hujus
330 506 514 540 servitutem
524 504 647 546 aliqui,
673 502 792 547 quinto
803 503 943 538 Nicaeno
966 500 1106 535 Canone

223 556 315 590 abufi
329 580 341 597 ,
366 554 534 590 tentabant
545 554 645 588 etiam
666 552 707 587 ad
723 553 901 597 Episcopos
912 549 1101 587 extendere.

225 605 354 641 Verum
365 606 457 640 irrito
468 612 603 639 conatu.
634 605 761 638 Omnes
773 603 924 638 meliores
942 602 976 635 &
986 599 1109 634 doctio-

224 667 274 691 res
285 655 438 700 Episcopi
449 651 659 698 perrexerunt
670 653 789 688 sentire
809 663 885 688 curn
907 650 1024 687 San&o
1040 649 1108 683 Au-

223 706 377 755 gustino.

276 756 321 790 Et
331 754 387 789 hic
397 753 597 799 prosequitur
605 752 647 787 de
661 751 832 788 Antonio:
859 754 965 796 ,Quam
987 747 1110 792 versuta

218 803 350 851 suafione
364 809 507 838 Antonias
518 804 656 838 SanHum
666 805 768 836 Senem
783 804 949 836 Primatem
962 799 1088 841 nostrum
1099 823 1109 839 ‚

218 856 425 901 graviffimum
435 861 555 894 virum,
583 862 617 887 ut
626 858 653 887 ei
665 852 770 886 runc‘Ja
780 852 907 886 crederet
918 876 929 893 ,
957 861 1040 893 quem
1061 859 1108 882 ve-

224 907 273 940 lut
283 911 364 939 omni
374 906 456 938 modo
465 906 647 946 inculpatum
667 903 838 936 venerando
849 905 944 944 Papae
955 898 1111 940 Bonifatio

224 956 444 989 commendaret
469 978 494 995 ‚-.
505 955 660 987 induxerit
676 973 688 990 ,
713 953 748 985 ἐν
770 959 879 984 caetera
900 974 911 990 ,
936 961 1005 992 quae
1023 950 1044 980 ἃ
1064 959 1111 981 me

225 1007 304 1049 quid
309 1013 382 1047 opus
401 1003 440 1043 est
461 1004 563 1043 recoli,
590 1013 656 1035 cum
667 1008 844 1033 memoratus
853 999 1036 1032 venerabilis
1058 998 1106 1030 Se-

225 1066 288 1089 nex
296 1055 434 1087 adtuam
443 1051 639 1084 sananatem
654 1055 753 1082 omnia
762 1050 919 1082 retulerit?
946 1047 1008 1082 Iste
1031 1046 1109 1080 Nu-

223 1101 336 1139 midiae
346 1101 470 1134 Primas
482 1101 545 1134 suit
558 1099 760 1134 Valentinus
774 1097 967 1142 Vajanensis
978 1097 1110 1141 Episco-

223 1162 306 1196 pus.
334 1149 481 1184 Videtur·
495 1150 586 1183 enim
607 1159 687 1184 tunc
698 1149 792 1184 fuisse
816 1146 924 1183 adhuc
938 1147 1109 1191 superstes.

223 1200 271 1235 Et
283 1199 363 1235 hinc
373 1199 626 1234 manifestiffime
639 1200 724 1233 lucet
735 1222 747 1239 ,
771 1199 860 1242 quod
872 1199 972 1233 etiam
985 1199 1049 1240 ipse
1061 1207 1111 1230 te-

223 1249 371 1286 merariis
383 1249 514 1283 Aurelii
525 1247 797 1292 Archi-Episcopi
807 1247 977 1284 adversum
992 1248 1112 1281 Roma-

224 1311 286 1336 nas
318 1299 558 1343 Episcoporum
578 1298 811 1343 appellationes
839 1296 1113 1333 machinamentis

222 1361 298 1385 non
310 1350 408 1384 fuerit
418 1358 625 1394 cooperatus.
652 1348 785 1383 Sanetus
796 1349 897 1394 igitur
905 1348 1113 1392 Augustinus

222 1398 282 1434 hic
293 1399 412 1433 iterum
423 1399 530 1443 primo
539 1399 679 1433 affirmat
689 1397 883 1433 Antonium
895 1409 964 1433 non
975 1395 1034 1431 sub
1045 1397 1114 1431 Cae-

221 1447 334 1484 l'e'stini
345 1474 357 1491 ,
381 1449 436 1484 sed
448 1449 506 1484 sub
518 1446 686 1483 Bonifacii
700 1447 904 1483 Pontificatu
925 1447 1112 1491 fuiffejudi-

205 1507 339 1534 tcatum
364 1510 403 1533 ac
417 1499 614 1534 damnatum
629 1523 637 1531 .
663 1498 834 1540 Secundo,
861 1499 952 1542 quod
973 1497 1015 1532 ad
1038 1508 1113 1531 eun·

225 1550 304 1584 dem
318 1548 520 1585 Pontificem
539 1548 766 1592 appellaverit.
794 1548 937 1589 Tertio,
962 1547 1052 1592 quod
1073 1545 1114 1581 ad

225 1598 407 1642 ipsum'fibi
419 1598 669 1634 conciliandum
682 1599 778 1633 fuerit
789 1600 862 1633 usus
872 1610 940 1633 non
954 1597 1051 1632 bonis
1062 1608 1116 1631 ar-

206 1660 213 1674 ¹
223 1649 333 1683 tibus.
363 1648 522 1683 Palmatis
544 1649 627 1688 fuit,
653 1649 742 1692 quod
767 1650 871 1692 ipsum
893 1650 956 1682 suae
976 1647 1115 1681 Provin-

213 1696 287 1733 ἐἰει
297 1697 477 1733 primatem
487 1723 498 1739 ‚
523 1710 561 1732 ac
573 1696 784 1732 damnatricis
795 1696 923 1741 Synodi
931 1695 1115 1737 Praesidem,

224 1748 390 1784 seduxerit
411 1747 452 1782 ad
475 1749 737 1792 impugnandum
760 1749 809 1783 sui
831 1749 927 1792 ipsius
950 1742 1117 1792 Synodale

226 1790 414 1842 judicium,
434 1799 475 1832 ἀ
487 1799 643 1832 Antonio
658 1798 899 1842 perhibendum
918 1797 1117 1833 innocentiae

223 1859 266 1883 ac
279 1848 479 1892 integritatis
488 1849 711 1882 testimonium
724 1873 732 1881 .
762 1850 806 1883 Et
819 1850 889 1893 ipso
910 1848 1009 1883 fretus
1030 1848 1116 1881 Pon·

222 1897 310 1932 tifex
321 1897 512 1932 Antonium
524 1897 665 1932 absolvit
677 1922 689 1938 ,
714 1909 752 1932 ac
765 1899 940 1942 reparavit.
972 1897 1025 1930 Ex
1046 1897 1117 1940 qui-

220 1947 289 1982 bus
307 1947 397 1982 lucet
417 1959 486 1982 non
509 1948 615 1983 solum
636 1946 867 1993 Augustinum
885 1973 897 1989 ‚
924 1952 986 1982 n'ec
1008 1947 1115 1981 solum

221 1995 406 2032 Primatem
428 1997 647 2033 Valentinum
670 2022 682 2040 ,
706 1999 760 2033 sed
782 2010 899 2033 omnes
918 2022 930 2039 ‚
965 2006 1022 2032 aut
1044 1996 1117 2030 sane

223 2047 386 2090 plurimos
395 2047 562 2082 Numidiae
573 2047 754 2091 Episcopos
764 2047 805 2082 de
817 2046 1060 2092 Episcopalium
1074 2044 1115 2079 ad

209 2116 211 2119 -
228 2092 422 2131 Romanam
435 2096 636 2130 Cathedram
648 2098 925 2139 provocationum
944 2095 1117 2142 antiquita-

224 2153 264 2179 te
287 2156 326 2179 ac
336 2145 534 2180 authoritate
552 2156 622 2180 non
632 2145 812 2188 cespitasse.
839 2145 987 2180 Antonii
1011 2143 1118 2188 appel·

226 2194 390 2229 lationem
411 2195 518 2229 cunsti
541 2197 616 2229 sunt
636 2195 782 2230 venerati
803 2221 811 2228 .
838 2193 944 2229 Porro
970 2192 1115 2229 Antonii

225 2243 393 2277 absolutio
415 2243 433 2277 a
457 2254 620 2286 praevento
630 2255 686 2288 per
706 2254 846 2284 mortem
859 2244 1035 2279 Bonifacio
1047 2255 1115 2278 non

225 2293 293 2328 fuit
303 2293 414 2327 sortita
433 2292 582 2327 effectum
594 2317 606 2333 ,
631 2304 693 2327 nec
702 2292 795 2328 missa
818 2295 853 2327 in
865 2294 1094 2328 executionem
1108 2306 1115 2325 :

224 2343 324 2376 Hinc
334 2343 434 2386 ipsam
444 2354 557 2387 urgere
576 2342 632 2377 ille
647 2343 787 2386 perrexit
797 2343 882 2387 apud
894 2343 1112 2378 Caelestinum.

226 2390 358 2426 Verum
380 2391 547 2426 Bonifacii
569 2394 728 2427 sententia
738 2391 879 2428 habebat
900 2393 984 2427 hanc
995 2393 1116 2426 clausu-

228 2442 316 2476 lam':
342 2442 375 2474 Si
395 2445 538 2476 Antonius
559 2442 690 2476 ordinem
710 2453 809 2477 rerum
831 2442 915 2476 nobis
921 2443 1052 2485 fideliter
1065 2448 1116 2474 in-

227 2493 364 2524 dicavit.

280 2541 376 2575 Hinc
397 2540 548 2577 adversus
571 2542 670 2586 ipsam
682 2543 817 2578 Sanetus
840 2541 1047 2588 Augustinus
1059 2556 1115 2589 po·

230 2598 338 2626 tenter
349 2592 526 2627 interceffit
536 2618 548 2634 ‚
573 2594 607 2627 &
619 2592 741 2636 scripsit
752 2593 792 2627 ad
805 2592 1012 2629 Caelestinum
1026 2607 1034 2627 :
1063 2598 1115 2628 Ac-

229 2647 293 2683 cipe
304 2653 381 2675 nunc
399 2653 467 2684 quae
475 2642 537 2685 post
548 2644 611 2684 ejus
628 2641 745 2686 sanblae
757 2648 904 2677 memoriae
916 2649 977 2678 viri
991 2669 1003 2685 ‚
1029 2643 1115 2680 Pon·

209 2705 216 2710 ·
228 2691 330 2726 tificis
351 2691 518 2726 Bonifacii
530 2717 541 2734 ,
566 2698 599 2726 in
612 2692 717 2734 Africa
737 2693 855 2727 litteras
870 2693 1052 2738 gestasunt,
1079 2696 1114 2729 Θ·

225 2739 356 2785 subveni
365 2741 555 2783 hominibus,
579 2751 664 2786 opem
684 2751 767 2776 tuam
778 2748 811 2777 in
832 2743 1112 2789 Christimisericor-

230 2793 285 2825 dia
295 2793 386 2825 multo
406 2793 529 2827 avidius
541 2816 552 2832 ,
577 2804 669 2835 quam
691 2793 740 2827 ille
758 2792 946 2837 poscentibus
959 2818 971 2835 ,
997 2796 1111 2833 deuius

204 2868 208 2872 .
228 2842 433 2883 inquietudine
445 2841 611 2883 defiderant
619 2842 740 2876 liberari
749 2867 756 2874 .
759 2846 792 2888 J
794 2844 894 2878 udicia
905 2849 1014 2888 quippe
1025 2846 1087 2878 illie
1102 2869 1112 2886 ,
1138 2863 1140 2865 >

230 2891 269 2923 Θ
275 2891 411 2931 publicas
432 2892 615 2933 Potestates,
639 2894 832 2927 &militares
857 2899 987 2937 impetus
1002 2919 1013 2935 ‚
1036 2904 1100 2928 tam

233 2940 324 2980 qutim
345 2951 512 2975 executuros
534 2942 700 2986 Apostolicae
720 2944 808 2976 sedis
821 2942 1005 2987 sententiam
1020 2968 1030 2983 ‚
1049 2944 1113 2985 five

233 2986 319 3030 ipse,
337 2988 402 3030 five
424 3002 550 3025 rumores
571 2993 738 3027 creberrimi
759 2998 992 3033 comminantur,
1015 3004 1048 3028 ut
1060 2999 1113 3027 mi-

230 3036 291 3082 seri
302 3037 431 3072 homines
442 3040 603 3079 Christiani
625 3043 772 3077 Catholici
788 3051 932 3087 graviora
945 3044 1113 3086 formident

235 3087 416 3122 aeatboltco
439 3089 603 3133 Episcopo,
628 3094 717 3135 quam
736 3105 800 3127 cum
810 3095 896 3137 essent
911 3093 1042 3128 baeretici
1057 3118 1067 3134 ,
1092 3096 1113 3126 ἃ

232 3137 453 3172 catholicorum
487 3144 701 3182 Imperatorum
739 3144 850 3187 legibus
877 3144 1107 3186 formidabant.

235 3192 309 3221 Non
314 3187 397 3229 finas
418 3188 471 3230 ista
479 3189 547 3230 fieri
560 3215 571 3231 ,
595 3189 706 3234 obsecro
728 3202 756 3226 te
767 3207 778 3227 .-
805 3198 864 3228 Per
874 3194 983 3235 christi
991 3193 1111 3238 sangui-

236 3249 303 3271 nem
315 3263 325 3278 ‚
347 3246 404 3279 per
417 3238 538 3280 Apostoli
555 3242 640 3273 Petri
660 3248 828 3276 memoriam
838 3267 849 3285 ,
875 3251 925 3287 qui
936 3245 1114 3285 Christiano—

235 3299 303 3321 rum
317 3288 486 3330 Praepofitos
501 3291 678 3331 Populorum
697 3298 828 3334 monuit,
855 3305 892 3328 ne
912 3295 1056 3329 violenter
1066 3296 1112 3328 do·

235 3342 385 3372 minentur
393 3344 468 3371 inter
482 3343 609 3373 Fratres
620 3363 628 3372 .
655 3344 719 3383 Ego
731 3342 911 3386 Fuffalenses
923 3344 1089 3379 Catholicos
1102 3368 1113 3384 ,

239 3389 337 3422 Filios
357 3395 390 3422 in
412 3388 526 3429 Christo
544 3400 622 3423 meos
635 3414 646 3430 ‚
673 3392 707 3424 <5
730 3394 888 3428 Antonium
909 3393 1086 3438 Epiftopum
1101 3419 1111 3436 ,

338 3437 445 3479 Christ.
459 3442 536 3484 Lupi
545 3443 643 3483 Opera
654 3443 688 3475 T.
708 3443 793 3475 Vm.

1167 197 1280 231 Filium
1301 200 1335 230 in
1359 195 1473 238 Christo
1484 211 1603 242 meum,
1627 198 1802 248 benignitati
1816 203 1990 240 chan-nam
2008 208 2043 241 Θ·

1166 246 1340 281 Σαπᾶὶεαιίι
1354 256 1415 281 tuae
1424 272 1436 290 ‚
1462 254 1533 291 quia
1544 251 1675 293 utrosque
1683 256 1773 298 diligo
1785 279 1796 295 ,
1821 253 1953 299 utrosque
1970 267 2044 290 com-

1167 298 1271 332 mendo
1283 320 1293 330 .
1318 302 1424 340 Neque
1435 299 1649 342 Fuffalenfibus
1657 301 1803 347 succenseo
1814 329 1826 345 ,
1851 312 1923 348 quia
1931 305 2045 347 justam

1167 349 1204 382 de
1214 359 1259 382 me
1269 353 1480 391 querimoniam
1492 355 1629 394 ingerunt
1639 352 1758 385 auribus
1772 360 1843 395 tuis,
1852 357 1931 397 quod
1940 363 1984 389 eis
1995 356 2046 389 bo-

1168 403 1301 438 minem,
1327 400 1457 433 nondum
1477 400 1552 433 mibi
1567 399 1731 442 probatum
1754 425 1765 441 ,
1793 406 1919 438 nondum
1936 405 2046 448 saltem

1169 457 1260 483 aetate
1276 446 1431 489 firmatum
1450 472 1461 489 ‚
1485 452 1506 483 ἃ
1527 461 1584 493 quo
1601 448 1642 492 fic
1668 449 1868 494 affligerentur
1893 479 1903 495 ‚
1929 456 2044 495 inflixi.

1168 503 1275 541 Neque
1294 498 1360 533 huic
1379 505 1472 534 noceri
1495 502 1581 539 volo,
1605 506 1651 534 cui
1671 503 1782 543 quanto
1795 508 1890 544 magis
1907 503 2048 542 sinceram

1169 549 1257 582 habeo
1268 549 1448 584 charitatem
1463 575 1474 591 ‚
1498 553 1585 584 tamo
1596 555 1691 595 magn
1699 558 1811 592 pravae
1823 553 1889 591 ejus
1900 555 2049 593 cupidita-

1168 605 1194 632 ti
1205 598 1310 640 obsisto.
1340 604 1462 643 Utrique
1472 599 1701 643 misericordiam
1712 607 1899 634 mereamus:
1929 602 2001 641 Illi,
2013 613 2050 635 ne

1170 650 1250 682 mala
1266 655 1446 691 patiantur,
1474 650 1545 690 ille,
1571 661 1608 684 ne
1620 650 1723 692 faciat
1745 675 1752 683 .
1780 651 1850 691 Illi,
1876 661 1913 684 ne
1935 652 2053 683 oderint·

1170 698 1372 740 catholicum,
1391 699 1422 741 fi
1439 700 1635 734 &CatholicIs
1660 699 1837 743 Episcopis,
1850 702 2054 743 *maximeque

1171 749 1209 781 ab
1229 747 1295 791 ipsa
1316 750 1389 783 sede
1404 749 1562 792 Apostolica
1574 775 1584 790 ‚
1611 759 1712 783 contra
1732 750 1919 784 catholicum
1939 757 1981 784 eis
1996 751 2055 783 nori

1167 797 1366 841 subveniatur
1378 798 1557 843 Episcopum
1571 812 1580 842 ;
1608 800 1657 839 iste
1670 812 1771 835 autem
1783 825 1794 840 ,
1820 800 1893 843 nese
1904 799 2056 843 tamosce-

1171 850 1230 882 lere
1250 849 1430 893 obstringat,
1455 859 1489 883 ut
1508 861 1581 892 quos
1594 851 1713 884 molitur
1722 855 1836 883 invitos
1839 850 1944 892 facere
1959 854 2055 894 suos,

1172 901 1192 930 ἁ
1206 898 1318 939 Christo
1320 899 1424 941 faciat
1437 902 1550 934 alienos
1564 925 1573 934 .

1222 949 1350 983 Fussala
1384 961 1461 984 ante
1497 952 1602 985 fuerat
1623 949 1846 995 Hipponensis
1883 951 1910 984 P
1918 949 2057 985 arochiae

1172 998 1345 1040 Oppidum
1356 1023 1363 1030 .
1389 1000 1440 1032 Ex
1450 1001 1582 1045 integro
1596 1001 1743 1044 pertinax
1755 1001 1790 1035 in
1803 1011 1892 1044 parte
1906 1001 2034 1035 Donati
2047 1022 2055 1031 .

1173 1047 1279 1090 §psam
1298 1050 1433 1083 sanetus
1444 1047 1651 1094 Augustinus
1678 1062 1733 1095 per
1747 1052 1859 1086 miffos
1870 1050 1912 1085 eo
1923 1048 2059 1092 Presby-

1173 1105 1278 1137 teros,
1307 1109 1345 1131 ac
1357 1099 1496 1132 multam
1507 1100 1651 1142 ipsorum
1665 1101 1929 1143 praedicationem
1949 1102 1980 1134 δι
1991 1099 2060 1143 pas-

1174 1148 1294 1180 sionem
1309 1171 1320 1187 ,
1343 1146 1567 1190 Imperialibus
1579 1150 1751 1183 adversum
1763 1151 1952 1185 Donatistas
1964 1149 2060 1194 Legi-

1174 1196 1234 1231 bus
1245 1197 1475 1240 adjuvantibus
1486 1222 1497 1238 ‚
1522 1198 1656 1232 tandem
1670 1199 1822 1241 perduxit
1835 1200 1876 1233 ad
1889 1199 2058 1233 Christum

1176 1246 1382 1281 Dominum.
1409 1248 1453 1280 Et
1477 1248 1561 1282 utin
1585 1247 1678 1282 bono
1688 1247 1830 1282 firmaret
1847 1272 1857 1288 ‚
1884 1250 1984 1291 ipsam
2000 1249 2065 1282 dis·

1176 1297 1371 1331 membravit
1391 1296 1410 1330 a
1430 1298 1485 1331 sua
1506 1296 1692 1336 Cathedra,
1717 1298 1791 1332 &ei
1815 1298 1962 1332 dandum
1974 1309 2067 1332 cura·

1177 1347 1223 1381 vit
1243 1356 1369 1381 novum
1391 1347 1593 1391 Episcopum
1607 1373 1615 1380 .
1643 1347 1770 1382 Verum
1798 1348 1929 1382 Electus
1944 1372 1955 1389 ,
1979 1348 2066 1382 dum

1175 1397 1290 1432 omnia
1312 1397 1353 1431 ad
1364 1398 1643 1432 consecrationem
1666 1399 1743 1434 sunt
1757 1408 1866 1441 parata
1889 1398 1924 1431 δι
1936 1398 2066 1441 praesen-

1176 1448 1242 1486 tia,
1267 1459 1309 1481 ex
1319 1445 1530 1489 humilitate,
1555 1449 1590 1482 dt
1602 1449 1686 1482 tanti
1707 1449 1820 1481 oneris
1839 1449 1917 1493 fuga
1929 1447 2067 1483 clande-

1177 1497 1260 1531 stine
1269 1498 1300 1531 se
1313 1497 1470 1532 subtraxit
1480 1523 1492 1539 ,
1518 1507 1618 1542 atque
1629 1497 1675 1532 ita
1687 1498 1821 1532 Sanctus
1834 1498 2063 1542 Augustinus,

1179 1547 1350 1592 praesertim
1361 1548 1403 1582 ad
1412 1548 1581 1582 evitandas
1598 1549 1680 1582 senis
1691 1548 1849 1582 primatis*
1857 1548 2067 1593 defatigatio-

1180 1608 1254 1638 nes,
1266 1597 1328 1632 fuit
1340 1598 1526 1642 compulsus
1538 1599 1571 1631 in
1585 1597 1651 1641 ejus
1664 1598 1775 1632 locum
1791 1598 1932 1632 sufficere
1942 1598 2043 1632 alium
2053 1622 2063 1631 .

1181 1647 1224 1681 Et
1239 1658 1319 1682 tunc
1340 1648 1382 1682 ad
1405 1659 1539 1682 manum
1560 1659 1628 1682 non
1642 1647 1756 1682 habuit
1779 1649 1835 1682 nifi
1851 1648 2064 1688 Antonium,

1179 1697 1241 1731 suae
1265 1698 1431 1738 Ecclesiae,
1457 1709 1495 1732 ac
1518 1697 1722 1741 Episcopalis
1745 1697 1939 1731 Monasterii
1962 1698 2068 1731 Cleri-

1179 1757 1256 1782 cum
1269 1772 1279 1789 ,
1306 1747 1454 1780 hominem
1467 1746 1528 1789 fibi
1546 1748 1669 1780 necdum
1686 1747 1847 1789 probatum
1859 1771 1870 1787 ‚
1897 1747 2066 1784 &necdum

1179 1798 1430 1841 aetatefirmatum
1443 1822 1454 1838 ‚
1475 1798 1509 1832 &
1523 1807 1631 1832 tamen
1644 1798 1752 1842 ipsum
1762 1797 1887 1832 curavit
1899 1799 2066 1832 consecra-

1179 1849 1226 1882 ri.
1247 1849 1296 1882 At
1308 1859 1386 1882 ecce
1396 1846 1587 1891 hicjuvenis
1602 1872 1612 1888 ‚
1622 1848 1655 1882 &
1670 1848 1793 1892 primus
1806 1846 2064 1891 Neophytorum

1180 1897 1364 1941 Episcopus
1388 1897 1552 1932 memoriae
1574 1899 1635 1931 suae
1661 1910 1728 1932 non
1753 1898 1862 1932 infixit
1873 1897 2068 1940 Catonem,

1179 1958 1275 1991 quem
1287 1948 1327 1981 ad
1338 1947 1492 1990 juvenem
1502 1948 1603 1982 etiam
1614 1947 1839 1982 Timotheum
1856 1948 1974 1991 scripsit
1988 1949 2068 1982 San-

1179 1999 1248 2032 stus
1258 1996 1397 2032 Paulus:
1405 1999 1572 2043 juvenilia
1582 1997 1822 2043 defideriafuge.
1851 1997 1964 2043 Coepit
1976 1999 2067 2032 suam

1180 2046 1316 2080 Plebem
1337 2058 1454 2081 vexare
1467 2071 1478 2086 ,
1502 2058 1678 2082 concutere
1691 2072 1702 2087 ,
1728 2049 1906 2091 exspoliare
1924 2072 1936 2088 ‚
1957 2048 2068 2083 &esse

1181 2097 1341 2139 suspestus
1362 2096 1404 2130 de
1425 2097 1514 2129 aliis.
1542 2097 1637 2130 Hinc
1649 2097 1752 2140 ipsum
1763 2096 1964 2131 Fussalenses
1977 2097 2069 2132 detu-

1182 2145 1289 2180 lerunt
1309 2145 1350 2179 ad
1363 2144 1546 2179 Provinciae
1557 2145 1731 2189 Synodum
1743 2171 1753 2187 ‚
1779 2147 1814 2181 &
1827 2147 2041 2192 impetrarunt
2053 2172 2068 2190 ,

1182 2195 1258 2229 licet
1279 2206 1344 2228 non
1369 2195 1560 2240 degradari,
1587 2206 1698 2230 tamen
1721 2197 1909 2239 compesci,
1928 2198 2068 2232 circum-

1181 2245 1274 2279 scribi
1297 2269 1308 2286 ,
1336 2245 1442 2288 puniri
1467 2269 1475 2277 .
1504 2245 1589 2279 Eam
1615 2256 1708 2280 novae
1732 2247 1891 2281 Dioecefis
1917 2258 2066 2291 partem,

1181 2306 1279 2337 quam
1291 2294 1435 2329 maxime
1449 2306 1618 2329 vexaverat
1628 2321 1638 2336 ,
1664 2295 1818 2339 Synodus
1841 2297 1897 2341 ipsi
1907 2297 2039 2331 abstulit
2052 2321 2066 2339 ,

1180 2345 1213 2378 ὅ(
1223 2343 1335 2378 denuo
1347 2344 1510 2388 adscripsit
1525 2343 1695 2379 Cathedrae
1709 2346 1915 2390 Hipponensi
1926 2370 1933 2380 .
1962 2347 2065 2383 Nem-

1181 2405 1220 2437 pe
1239 2394 1419 2435 Castellanos
1433 2419 1444 2436 ,
1467 2395 1594 2429 &illius
1616 2399 1752 2439 Regionis·
1775 2395 1927 2437 homines,
1953 2402 2003 2440 qui
2027 2398 2064 2431 do

1179 2444 1359 2477 intolerabili
1372 2446 1438 2484 ejus
1457 2444 1654 2478 dominatione
1667 2469 1678 2484 ,
1703 2446 1740 2478 de
1749 2452 1866 2487 rapinis
1876 2471 1887 2486 ,
1914 2448 1949 2480 ὁ·
1962 2448 2062 2480 diver-

1171 2492 1212 2534 fis
1225 2494 1444 2535 oppreffionibus
1455 2516 1467 2534 ‚
1491 2494 1754 2527 &contritionibus
1766 2496 1853 2529 fuera
1859 2506 1893 2528 nt
1909 2497 2063 2530 veraciter

1177 2543 1346 2587 conquesti
1368 2569 1375 2576 .
1404 2543 1502 2577 Nova
1529 2543 1587 2577 ista
1612 2542 1775 2578 Cathedra
1807 2544 1935 2579 videtur
1967 2546 2061 2581 fuisse

1178 2594 1291 2636 sponsa
1313 2594 1379 2627 sine
1403 2592 1482 2627 dote
1496 2618 1503 2625 .
1530 2593 1631 2627 Hanc
1648 2593 1817 2628 Antonius
1847 2593 1970 2629 videtur
1991 2596 2062 2629 vio⁴

1178 2644 1280 2677 lenter
1291 2643 1454 2677 extorfiffe
1465 2668 1472 2675 .
1500 2643 1674 2691 Qidquid
1688 2644 1726 2678 fit
1736 2669 1746 2684 ,
1768 2644 1786 2677 a
1797 2644 1922 2687 Synodi
1936 2646 2062 2680 senten-

1177 2694 1221 2727 tia
1233 2695 1425 2737 provocavit
1438 2692 1478 2726 ad
1494 2693 1702 2728 Bonifacium
1716 2693 1911 2728 Pontificem
1923 2720 1932 2735 ,
1944 2696 1977 2729 &
1989 2707 2061 2739 pro-

1176 2754 1245 2787 pter
1257 2743 1410 2778 Primatis
1430 2743 1656 2778 testimonium
1681 2745 1800 2778 meruit
1814 2745 1958 2786 absolvi,
1986 2757 2061 2789 pur-

1175 2794 1267 2838 gari,
1293 2805 1331 2828 ac
1341 2793 1495 2837 reparari.
1522 2793 1677 2828 Attamen
1699 2806 1776 2828 cum
1795 2794 1923 2829 salutari
1934 2795 2060 2829 clausu-

1176 2846 1204 2877 la
1218 2858 1228 2878 .·
1256 2844 1419 2877 Dummodo
1426 2851 1527 2885 preces
1549 2846 1583 2878 Θ
1596 2844 1788 2885 testimonium
1811 2850 1939 2879 veritate
1960 2850 2058 2878 nitan-

1174 2903 1222 2927 tur
1234 2919 1241 2925 .
1266 2894 1332 2927 lsto
1344 2894 1477 2928 interim
1489 2893 1633 2928 Decreto
1650 2894 1751 2928 fultus
1764 2895 1933 2928 Antonius
1956 2894 2058 2938 impe-

1174 2955 1254 2979 trare
1265 2943 1388 2977 studuit
1409 2943 1554 2987 publicas
1566 2943 1745 2979 Potestates
1765 2944 1800 2977 ὅ(
1813 2943 1967 2978 militares
1990 2944 2056 2979 im·-

1175 3005 1284 3038 petus,
1311 2994 1365 3036 qui
1397 2993 1624 3036 Apostolicam
1649 2992 1840 3028 sententiam
1862 2994 2057 3038 exequeren-

1174 3056 1226 3079 tur
1238 3070 1245 3077 .
1272 3045 1337 3086 ,Qui
1350 3048 1462 3076 invitor
1467 3043 1607 3085 facerent
1614 3042 1698 3086 suos.
1729 3044 1808 3077 Hoc
1819 3044 1865 3079 est
1879 3067 1890 3084 ,
1915 3045 1972 3087 qui
1994 3045 2055 3079 suae

1174 3094 1343 3130 Cathedrae
1369 3093 1517 3133 ablatos,
1543 3094 1578 3127 &
1597 3092 1803 3136 Hipponensi
1828 3092 1970 3128 redditos
1991 3095 2054 3128 Ca-

1175 3145 1326 3180 stellanos
1359 3143 1516 3177 violenter
1548 3154 1706 3187 cogerent
1736 3143 1777 3178 ad
1803 3143 1908 3187 ipsum
1932 3145 2051 3178 redire.

1173 3195 1274 3229 Talia
1285 3202 1339 3227 aut
1350 3193 1415 3236 ipse
1425 3193 1531 3237 sparsit
1542 3193 1576 3227 in
1589 3194 1681 3228 suum
1695 3193 1858 3237 Populum
1868 3219 1879 3234 ,
1904 3204 1960 3228 aut
1973 3195 2052 3237 spar-

1174 3245 1209 3290 gi
1224 3244 1368 3282 curavit,
1394 3243 1443 3276 vel
1469 3242 1626 3286 permifit.
1652 3243 1746 3278 Hinc
1766 3244 1872 3277 miseri
1895 3256 1933 3278 ac
1955 3244 2052 3278 Neo-

1176 3293 1267 3339 phyti
1282 3292 1475 3328 Fussalenses
1485 3292 1550 3336 jam
1563 3292 1728 3328 Catholici
1738 3294 1886 3339 graviora
1901 3294 2054 3328 formida-

1176 3344 1252 3380 bant
1265 3345 1283 3378 a
1297 3342 1463 3379 Catholici
1476 3342 1630 3387 Episcopi
1643 3343 1841 3379 turbulentia
1854 3368 1866 3385 ,
1887 3354 1983 3388 quam
1997 3355 2053 3376 an-

1175 3396 1223 3432 tea
1236 3393 1414 3432 Donatistae
1432 3393 1647 3430 formidarent
1665 3393 1686 3427 a
1700 3393 1878 3439 poenalibus
1902 3392 2050 3426 Catholi-

1580 3442 1615 3479 V
1668 3454 1688 3490 3
1888 3450 2000 3475 corum
