2326 3718
853 150 1451 199 S.*F1„A⁴v.1aui.'

237 256 344 294 gnam
364 241 399 279 δε
411 239 584 279 sublimem
595 239 824 280 authoritatem
838 239 998 276 Romana:
1007 238 1118 276 Eccle-

238 299 434 378 fiae'Christus
445 342 614 379 Dominus
626 342 732 377 noster
742 341 786 382 est
796 340 996 376 fidelissimus
1006 339 1116 374 Adim-

236 393 344 438 pletor
355 394 389 428 &
401 403 557 428 executor
570 393 618 427 sui
630 392 777 426 Promisti
790 406 801 426 .-
828 395 903 425 Ecce
915 403 963 436 ego
974 389 1120 433 vobiscum

233 442 302 488 sum
313 444 448 479 omnibus
461 443 569 477 diebus
578 441 666 486 usque
676 443 722 474 ad
731 441 1002 485 consummationem
1006 440 1119 484 saecult.

237 491 392 528 Romana
403 492 504 528 hodie
516 492 656 527 Ecclesia
668 491 831 527 violentos
843 491 964 536 patitur
976 490 1121 524 insultus.

238 542 411 578 Romanas
432 542 688 587 appellationes,
715 543 893 585 palmarem
914 540 1006 575 Sedis
1031 539 1140 598 Apo-¹

238 591 362 630 stolicae
374 592 583 638 Dignitatem
595 616 606 633 ,
633 591 768 636 quidam
789 590 1019 627 machinantur
1038 601 1121 624 ever-

239 651 325 679 tere.
354 642 507 676 Clamant
529 643 672 684 antiquae
691 641 842 677 Ecclesiae
853 641 1034 685 Episcopos
1054 651 1122 673 non

240 692 285 728 ad
297 693 490 727 Romanum
502 691 694 726 Antistitem
718 692 906 736 provocasse
917 716 927 731 ,
954 690 1007 724 sed
1020 689 1060 724 ad
1072 701 1125 734 ge·

240 743 366 778 nerales
386 741 560 779 dumtaxat
581 742 736 785 synodos
756 767 764 774 .
793 741 866 778 Nec
887 743 961 776 sunt
982 737 1122 775 haeretici

240 801 298 828 aut
321 790 540 833 homunculi,
567 791 620 826 sed
638 790 787 826 sublimia
810 792 965 826 nomina:
992 789 1124 832 pastores

239 842 277 877 θ
289 841 425 875 votvm:
437 867 445 875 .
473 844 548 877 Deo
562 842 650 883 laus,
677 840 859 877 Catholicae
880 841 998 875 Matris
1012 838 1127 874 Archi-

242 902 283 931 γει
303 889 425 926 habent
447 890 634 926 authentica
651 890 868 930 documenta,
896 890 1015 934 quibus
1026 890 1128 924 redar-

243 952 409 987 guantur,
436 941 653 984 &exquibus
671 942 836 979 dicamus;
863 944 938 977 Tace
958 941 1127 977 &obmute-

240 990 311 1035 [σε.
341 993 383 1025 Et
399 991 479 1025 talia
503 990 568 1025 huc
580 993 680 1035 usque
699 989 807 1025 studui
831 990 1004 1026 adducere.
1034 987 1131 1022 Chri-

243 1041 312 1076 stus
333 1041 520 1081 Dominus,
547 1041 596 1074 sui
621 1040 774 1074 Promiffi
796 1050 924 1074 memor
939 1064 951 1079 ‚
974 1038 1130 1072 submini-

242 1090 358 1127 stravit
379 1090 506 1124 &alia.
535 1089 818 1128 Eminentiffimus
836 1100 874 1124 ac
897 1087 1132 1123 Reverendiffi-

242 1148 319 1174 mus
336 1138 507 1173 Dominus
527 1137 756 1181 Hieronymus
764 1139 944 1180 casanae,
970 1139 1000 1173 S.
1015 1137 1057 1171 R.
1070 1138 1133 1185 Ec-

243 1188 342 1222 elesiae
363 1186 547 1225 Cardinalis
564 1213 574 1228 ,
604 1188 832 1226 Ecclefiasticae
853 1188 1082 1232 Antiquitatisv
1096 1199 1133 1221 ac

1179 235 1300 273 timum
1322 235 1520 273 illustrantes
1540 235 1619 273 Acta
1639 237 1793 283 Ephefini
1818 238 1966 275 Concilii
1985 262 1997 280 ,
2024 240 2060 274 δε

1180 284 1455 321 Chalcedonensis
1476 310 1483 317 .
1511 284 1686 322 Praesertim
1708 290 1941 326 contentiones
1961 290 2060 334 &pa-

1180 346 1272 378 cem,
1298 347 1368 380 quae
1381 336 1449 380 post
1459 333 1656 378 Ephesinum
1668 339 1860 374 Concilium
1883 339 2062 374 intercesse-

1180 396 1257 420 runt
1290 386 1373 421 inter
1401 384 1561 420 Ecclefias
1585 397 1624 420 ac
1651 386 1825 431 Episcopos
1848 388 1994 434 AEgypti
2022 400 2061 423 ac

1180 437 1329 472 Orientis
1353 461 1360 469 .
1388 435 1467 470 Istas
1487 446 1563 469 cum
1590 435 1653 472 suis
1673 436 1812 471 Scholiis
1831 439 1980 483 epistolas
2004 441 2062 472 suo

1182 497 1329 530 tempore
1353 485 1482 531 publica
1508 487 1566 519 lux
1588 485 1712 520 videbit
1735 512 1743 520 .
1769 486 1838 520 Hic
1859 490 1989 524 interim
2016 489 2063 522 do

1183 536 1329 574 Helladii
1342 536 1532 572 Tharsensis
1549 537 1727 580 Episcopi,
1755 547 1811 580 per
1833 539 1966 579 primam
1983 538 2065 572 Cili-

1182 588 1267 621 ciam
1276 586 1498 631 Metropolitae
1509 611 1521 627 ,
1547 586 1581 620 &
1593 586 1744 622 Eutherii
1757 586 1966 630 Thyanenfis
1988 587 2065 630 Epi-

1185 638 1296 680 scopi,
1322 637 1546 681 Metropolitae
1560 647 1613 680 per
1626 637 1800 672 secundam
1812 637 2070 682 Cappadociam,

1186 688 1307 721 litteras
1330 687 1369 721 ad
1383 686 1524 721 Xixtum
1547 687 1680 722 tertium
1703 687 1923 728 Pontificem,
1950 686 2071 730 Magni

1187 737 1308 773 Leonis
1320 738 1506 780 proximum
1521 735 1787 777 Ameceffooem,
1813 737 1930 780 quibus
1951 737 2001 771 illi
2014 738 2074 771 suo

1186 787 1409 821 &multorum
1422 787 1634 832 Collegarum
1648 789 1783 823 nomine
1806 787 1948 823 adhunc
1971 786 2076 832 appel-

1189 838 1257 872 lant
1282 837 1433 871 adversus
1460 838 1573 871 omnia
1611 837 1694 872 Asta
1723 838 1876 882 Ephesini
1904 838 2077 878 Concilii‚

1189 898 1268 921 tunc
1290 886 1331 920 ab
1356 888 1428 930 ipfis
1451 887 1626 931 improbati
1651 885 1758 922 adhuc
1782 913 1793 928 ,
1820 890 1852 922 &
1874 889 2080 933 impugnati.·

1191 937 1272 971 Haec
1292 938 1452 980 epistola,
1479 937 1555 974 licet
1581 938 1666 972 circa
1688 939 1857 973 materiam
1885 940 1978 973 devia
1996 965 2005 981 ‚
2032 937 2080 972 est

1193 998 1248 1030 pro
1257 987 1384 1020 Divino
1398 987 1557 1022 Romanae
1580 989 1673 1023 Sedis
1697 988 1869 1034 privilegio
1886 990 1990 1023 sermo
2009 989 2082 1022 lon-

1193 1036 1233 1080 ge
1256 1037 1379 1070 firmior
1401 1038 1495 1071 omni
1523 1039 1744 1081 appellatione
1775 1039 1885 1073 Sanssi
1910 1039 2081 1073 Flaviani.

1194 1086 1292 1124 Clara
1314 1087 1348 1121 &
1360 1087 1424 1121 alta
1437 1099 1516 1122 voce
1531 1087 1651 1123 clamat
1662 1099 1731 1123 non
1746 1088 1785 1123 ad
1798 1090 1949 1134 generale
1960 1089 2085 1122 Conci·

1194 1135 1298 1175 lium,
1324 1136 1379 1169 sed
1389 1137 1540 1173 adversus
1555 1138 1661 1181 ipsum
1685 1139 1726 1173 ad
1739 1140 1980 1184 solumPapam
1993 1140 2084 1173 Xix-

1195 1197 1265 1221 tum
1278 1210 1288 1225 ‚
1314 1196 1411 1228 atque
1424 1187 1467 1219 ita
1479 1187 1679 1221 demonstrat
1692 1189 1790 1223 nobis
1814 1191 1881 1223 duo
1896 1204 1906 1223 :
1933 1190 2087 1224 Orienta-

243 1237 351 1273 totius
375 1236 556 1272 Christiani
583 1237 762 1282 Dogmatis
787 1237 995 1281 peritiffimus
1014 1263 1025 1279 ,
1051 1236 1133 1271 mihi
1198 1238 1242 1272 les
1264 1235 1346 1270 olim
1360 1236 1537 1279 Episcopos
1560 1239 1745 1279 provocasse
1766 1239 1807 1271 ad
1829 1240 1934 1273 solum
1959 1242 2088 1274 Rorna-

247 1286 482 1334 benigniffime
501 1287 759 1327 communicavit
774 1288 948 1333 antiquum
970 1287 1135 1325 Caffinen-

1198 1297 1278 1321 num
1300 1285 1518 1327 Pontificem,
1545 1288 1578 1320 ἀ
1592 1287 1897 1338 provocassenetiam
1918 1288 2090 1323 adversum

247 1338 290 1372 fis
322 1336 517 1371 Monasterii
542 1337 702 1381 Codicem
725 1362 737 1379 ,
765 1338 799 1371 in
824 1349 893 1382 quo
915 1338 1017 1381 reperi
1050 1337 1134 1371 ultra
1200 1336 1282 1370 Asta
1302 1335 1504 1380 generalium
1531 1337 1763 1374 Conciliorum
1783 1337 1792 1372 ζ
1819 1336 2011 1374 Caffineufis
2034 1339 2093 1374 ita·

248 1386 409 1423 ducentas
419 1387 644 1423 Orientalium
655 1387 894 1433 Episcoporum
905 1388 1029 1424 litteras
1039 1412 1052 1430 ,
1068 1387 1135 1432 plu-

1199 1397 1264 1431 que
1273 1384 1389 1421 Codex
1403 1383 1502 1421 habet
1515 1386 1680 1431 sequentia
1694 1412 1701 1419 .

251 1556 559 1724 'Epistola
602 1612 763 1696 Deo
803 1611 1241 1711 Amicifflmi
1286 1613 1611 1733 Eutherii
1679 1614 1757 1695 T
1749 1610 2093 1718 hyanenfis

997 1955 1302 2040 Xixtum
1342 2017 1357 2035 .

510 2140 685 2190 ultam
721 2138 1045 2207 providentiam
1083 2156 1160 2208 per
1207 2139 1370 2202 singula
1405 2155 1604 2209 tempora
1654 2141 1820 2192 faciens
1881 2142 2106 2191 Dominus

566 2209 763 2260 Christus
797 2247 810 2270 ‚
857 2211 947 2259 alio
981 2226 1181 2277 tempore
1215 2211 1301 2258 alia
1338 2213 1590 2261 Luminaria
1637 2214 1896 2281 praeparavit
1943 2212 1999 2261 ad
2035 2230 2107 2262 eo-

566 2297 663 2329 rum
699 2285 927 2347 Ducatum
964 2313 977 2338 ,
1019 2284 1098 2346 qui
1133 2280 1258 2328 bonae
1295 2278 1390 2328 sunt
1426 2284 1669 2332 voluntatis
1704 2320 1717 2343 ‚
1765 2285 2111 2333 convicitionem-

571 2368 658 2416 que
692 2352 1011 2400 contrariorum
1043 2384 1055 2396 .
1134 2353 1192 2398 Et
1242 2349 1457 2400 mendacii
1493 2352 1673 2418 quidem
1710 2352 2112 2416 destructionem-⁴,

266 2419 472 2471 veritatis
506 2434 654 2468 autem
689 2420 1065 2470 confirmationem
1100 2457 1114 2469 .
1174 2422 1293 2470 Sicut
1329 2423 1462 2469 etiam
1499 2422 1575 2470 sub
1611 2424 1689 2471 illo
1725 2426 1879 2488 majori
1917 2424 2107 2472 Pharao·-

266 2507 327 2541 ne
363 2494 545 2538 Beatum
582 2488 770 2556 Moysen
805 2488 959 2539 contra
984 2496 1167 2555 Jamnes
1217 2495 1260 2539 &
1295 2490 1496 2540 Mambre
1529 2527 1543 2552 ,
1594 2495 1636 2540 δε
1671 2492 1778 2540 ficut
1814 2491 1936 2559 super
1972 2495 2107 2542 Simo-

270 2577 373 2609 nem
409 2565 591 2622 Magum
628 2564 805 2609 Petrum
860 2560 971 2610 bene
1007 2563 1254 2610 vincentem
1290 2598 1303 2623 ,
1351 2560 1409 2609 fic
1443 2566 1487 2611 δε
1521 2578 1674 2611 contra
1709 2580 1782 2611 eos
1816 2600 1829 2622 ,
1879 2565 1956 2629 qui
1993 2579 2109 2611 nunc

269 2628 588 2680 insurrexerunt
622 2666 636 2692 ,
685 2632 888 2682 inimicos
924 2647 1045 2680 tuam
1093 2631 1276 2700 protulit
1324 2635 1604 2682 sanctitatem
1640 2669 1653 2693 ,
1702 2651 1779 2700 per
1813 2649 1947 2700 quam
1984 2632 2109 2682 bonae

269 2699 364 2767 spei
401 2698 544 2749 sumus
580 2705 623 2749 δε
659 2718 738 2751 nos
770 2738 783 2763 ,
831 2701 950 2770 quod
987 2701 1121 2751 Orbis
1159 2718 1364 2752 terrarum
1403 2702 1459 2751 ab
1495 2706 1714 2771 AEgyptio
1750 2702 1957 2753 liberetur
1991 2720 2109 2752 erro-

272 2788 321 2820 re
341 2806 355 2830 ‚
393 2772 474 2836 qui
511 2769 688 2837 Moyses
725 2790 863 2822 novus
897 2772 1080 2823 existens
1114 2791 1292 2824 omnem
1328 2773 1507 2840 quidem
1546 2776 1807 2841 AEgyptium
1844 2776 2110 2824 Haereticum

273 2842 496 2908 percuties
519 2878 533 2901 ,
570 2840 754 2891 salvabis
790 2842 898 2893 vero
933 2861 1109 2894 omnem
1147 2844 1383 2894 Israelitam
1420 2844 1728 2894 Orthodoxum
1760 2880 1772 2891 .
1834 2847 1972 2908 Igitur
2006 2861 2111 2893 con-

278 2923 350 2958 tra
384 2911 619 2960 veritatem
654 2914 804 2962 multis
841 2914 1033 2964 millibus
1066 2914 1193 2978 gestis
1215 2953 1228 2976 ,
1275 2918 1319 2963 &
1353 2914 1623 2964 mundissima
1671 2914 1957 2964 Orthodoxiae
1992 2922 2110 2964 Mar-

270 2979 424 3042 garita
459 2983 618 3032 multas
654 2986 897 3051 excipiente
931 2987 1187 3035 inimicitias
1223 3023 1235 3047 ,
1284 2988 1327 3033 &
1362 3002 1550 3052 quantas
1585 2987 1703 3034 nulla
1746 2983 1937 3052 unquam
1975 2984 2110 3035 tradit

279 3048 460 3099 historia
484 3084 498 3109 ,
546 3050 603 3099 ab
637 3053 704 3103 his
740 3057 818 3121 qui
856 3055 1006 3105 harum
1044 3074 1204 3106 vocum
1241 3058 1485 3105 novitatem
1523 3072 1675 3105 contra
1712 3058 1942 3107 Paternam
1978 3054 2109 3105 fidem

281 3117 584 3185 Apostolicam
621 3140 880 3190 pepererunt
904 3162 917 3185 ,
966 3127 1152 3176 nostrum
1188 3126 1367 3195 quidem
1402 3126 1463 3174 est
1495 3161 1509 3186 ,
1558 3129 1635 3193 qui
1672 3128 1863 3194 triplices
1898 3128 2109 3193 multipli-

284 3186 440 3254 cesque
473 3194 661 3258 patimur
695 3196 974 3261 tempestates
998 3235 1010 3258 ‚
1060 3202 1103 3246 δε
1139 3198 1246 3264 pene
1284 3201 1328 3246 in
1355 3199 1541 3263 Pyratas
1577 3195 1813 3247 incidimus
1834 3235 1847 3258 ,
1885 3197 1940 3245 ad
1967 3215 2109 3245 eum...

285 3259 476 3308 clamare
510 3298 524 3322 ‚
558 3264 636 3328 qui
672 3260 698 3312 a
734 3268 836 3313 Deo
869 3267 1099 3334 produt‘ltus
1135 3267 1194 3317 est
1227 3267 1503 3317 Gubernator
1528 3303 1540 3326 ‚
1589 3285 1776 3335 eumque
1811 3287 1891 3336 pro
1927 3285 2107 3319 amore..

285 3332 489 3380 veritatis
525 3347 691 3399 quanta
726 3334 918 3401 poffibile
954 3339 1015 3387 est
1051 3336 1270 3398 edocere3
1307 3353 1389 3386 tuae
1424 3352 1570 3386 autem
1608 3339 1776 3388 Gratiae
1812 3376 1824 3397 ‚
1863 3340 2109 3404 Sapientiae-

290 3415 377 3467 que
411 3401 471 3449 est
505 3420 594 3452 non
628 3401 847 3471 despicere
879 3443 893 3469 ‚
943 3426 1085 3478 neque
1118 3409 1258 3461 otiose
1303 3405 1584 3461 transcurrere
1632 3406 1873 3474 hujusmodi
1909 3406 2105 3474 quaestio»

350 3490 355 3495 ·
391 3469 496 3517 Christ.
510 3476 837 3517 LupioperaT.V111.
1571 3477 1602 3513 E
1627 3488 1646 3513 e
1695 3490 1719 3517 2
1964 3486 2060 3518 nemi
