2326 3718
850 124 1456 178 Euch'nems.

225 216 377 254 eom-nem
402 215 487 250 hanc
513 216 767 251 controverfiam
794 214 892 249 solius
918 212 1119 258 Apostolicae

245 269 335 303 Sedis
346 265 473 310 Iudicio
498 269 584 310 posse
596 278 633 301 ac
653 266 769 301 debere
789 265 895 299 finiri:
924 262 1052 309 Nempe
1062 275 1118 307 per

241 316 462 352 sacfatiffimas
485 316 607 351 litteras
627 341 639 356 ,
665 327 734 358 quae
754 314 930 359 dignentur
949 313 1120 350 decernere

242 366 358 401 fastam
371 366 412 400 ab
422 367 493 409 ipso
510 366 717 410 synodaliter
730 364 923 407 Eutychetis
941 364 1120 400 damnatio·

241 426 318 450 nem
333 416 396 450 effe
415 417 531 451 faeiam
554 417 759 462 regulariter.
786 416 866 450 Hoc
888 414 957 456 est,
981 427 1052 459 qua:
1066 414 1121 449 di·-

236 475 386 510 gnentur
411 466 480 510 ejus
514 465 678 510 Synodale
713 465 876 508 Iudicium
903 460 1115 500 confirmare.

236 516 342 550 .Hanc
363 517 648 551 confirmationem
663 513 847 550 humillime
870 516 1029 560 supplicat
1042 539 1049 546 .
1076 514 1120 547 Et

240 566 392 611 adjungit
402 577 470 600 rem
486 565 623 600 maximi
647 566 817 609 ponderis.
845 566 1057 600 Removebitur
1069 573 1119 597 au·

238 624 301 649 tem
326 618 532 650 &concilium
553 640 564 657 ‚
590 616 670 659 quod
685 616 752 658 fieri
776 618 965 659 divulgatur.
991 615 1121 659 Nempe

240 663 440 709 Chrysaphii
453 663 605 700 Eunuchi
629 666 759 707 favore,
788 666 976 709 &ejusdem
999 665 1031 699 in
1044 666 1120 699 San-

237 716 328 749 ‹stum
341 716 532 749 Flavianum
550 715 631 750 odio
646 717 797 750 accensus
817 716 849 750 &
860 715 1121 760 tumidus‘Euty-

236 763 314 799 ches
325 764 431 807 palem
443 764 579 807 jactabat
591 765 610 799 ὲ
620 766 651 800 se
662 790 673 805 ,
685 767 706 799 fi
718 766 869 800 Flaviani
881 766 1040 809 judicium
1052 775 1120 799 non

239 814 541 850 circumduceretur
563 815 580 849 ὲ
594 815 747 851 Romana
760 816 903 851 Ecclesia
916 841 927 857 ,
952 814 1121 860 postulan-

239 864 318 899 dam
331 865 514 909 generalem
528 867 699 908 Synodum
710 891 720 907 ‚
747 867 780 901 δε
789 866 807 900 a
818 866 970 910 Principe
981 864 1122 900 omnino

235 914 505 949 concedendam.
533 917 627 962 Qin
648 916 752 950 immo
771 917 837 959 jam
856 915 1026 950 dicebatur
1046 926 1123 950 con-

238 965 322 998 ceffa
333 990 340 997 .
368 964 461 998 Hine
479 965 513 998 in
524 965 743 1007 synodalium
766 966 823 1000 sub
835 965 952 999 San-sto
964 965 1121 998 Flaviano

238 1016 402 1048 Afrorum
424 1013 871 1059 revifioneMeliphtongus,
898 1014 1122 1058 Julio·Polita-

236 1074 300 1098 nus
314 1063 349 1095 in
363 1063 485 1096 Arabia
497 1064 701 1106 Episcopus,
726 1065 811 1098 dixit
824 1078 835 1098 .-
862 1066 946 1108 ,Quia
956 1068 1120 1106 Imperator

236 1109 437 1153 universalem
443 1112 661 1155 praecepit'fieri
672 1115 813 1152 synodum
826 1139 838 1155 ,
862 1115 965 1158 necesse
978 1115 1017 1149 el}
1031 1115 1122 1155 majo-

235 1171 285 1194 res
294 1158 399 1203 causas
409 1167 442 1195 in
452 1163 531 1196 illud
539 1163 695 1207 reservare
706 1167 868 1199 concilium
888 1190 895 1197 .
905 1165 948 1199 Et
965 1165 1123 1199 Eusebius

235 1211 457 1254 Dorylaeenlis
470 1213 667 1256 Episcopus:
692 1217 822 1256 conjuro
841 1225 895 1248 vos
909 1222 967 1256 per
979 1215 1122 1248 sanciam

237 1263 417 1294 Trinitatem
435 1286 446 1302 ,
465 1261 574 1303 futuro
595 1265 725 1297 Concilio
746 1263 910 1308 universali
931 1290 941 1307 ,
963 1263 1124 1307 secundum

234 1307 419 1353 sanc‘lionem
438 1311 549 1353 Christi
570 1319 729 1346 amicorum
741 1317 916 1365 ngncspum
929 1339 940 1356 ,
966 1314 1018 1349 boc
1030 1319 1123 1358 nego-³

237 1365 314 1394 atium
326 1359 490 1403 reservari.
518 1361 576 1396 An
602 1362 709 1407 Regia
729 1365 861 1399 Sanc'tio
882 1375 923 1398 ex
945 1374 1024 1400 tunc
1036 1375 1121 1399 ema-

235 1408 340 1443 naffet
350 1434 361 1450 ‚
379 1422 447 1444 non
462 1411 576 1454 poffim
587 1412 745 1448 affirmare
757 1439 764 1447 .
792 1414 966 1462 Qidquid
978 1415 1036 1456 fit,
1060 1414 1120 1450 ista

237 1460 326 1493 fama
347 1460 506 1498 volitabat
533 1473 587 1505 per
611 1475 745 1498 omnem
766 1464 1123 1509 Constantinopolim,

234 1509 343 1543 immo
357 1522 412 1553 per
424 1523 557 1546 omnem
570 1512 740 1548 Orientem
753 1538 761 1546 .
788 1515 831 1549 Et
842 1515 1019 1550 Flavianus
1042 1515 1124 1549 affir-

235 1569 308 1594 mat
318 1560 418 1595 etiam
431 1561 531 1605 ipsam
542 1574 597 1607 per
607 1563 826 1598 sacratiffimas
837 1564 1036 1609 Apostolicae
1046 1576 1125 1599 con-

236 1609 436 1644 firmationis
447 1612 568 1646 litteras
578 1614 641 1648 effe
652 1614 783 1657 penitus
795 1615 1016 1651 suffocandum
1025 1641 1032 1649 .
1045 1615 1125 1649 Pro·

234 1658 347 1692 fitetur
357 1660 397 1694 ad
410 1660 626 1704 Eutychiana:
651 1662 774 1698 haerefis
796 1665 927 1708 plenam
940 1665 1123 1700 damnatio-

234 1718 314 1742 nem
327 1710 471 1745 sufficere
484 1711 713 1755 Apostolicam
725 1713 843 1750 Sedem
855 1739 867 1757 ,
894 1727 956 1750 nec
965 1715 1029 1750 else
1038 1726 1122 1759 opus

233 1758 395 1794 Generali
405 1761 564 1799 Concilio
575 1787 582 1795 .
611 1762 723 1798 Tanta
744 1775 824 1800 tunc
835 1766 921 1810 apud
935 1765 1120 1802 orientales

234 1807 395 1844 Ecclefias
403 1821 472 1846 erat
482 1811 664 1847 authoritas
676 1813 771 1849 istius
782 1816 874 1851 Sedis
890 1841 898 1849 .

287 1860 421 1894 Sanctus
434 1861 608 1896 Flavianus
618 1864 702 1898 reste
713 1865 837 1911 scripsit
848 1866 888 1901 ad
901 1865 1101 1901 Pontificem
1114 1876 1121 1898 ε

234 1910 307 1951 ,ρας
316 1914 349 1942 in
361 1921 413 1943 nos
413 1909 507 1951 sabla
525 1911 600 1954 sunt
612 1937 624 1952 ,
647 1915 827 1957 atquefiuut
837 1940 844 1947 .
870 1916 1004 1950 Etenim
1018 1916 1121 1957 Euty-

232 1957 313 1993 ches
338 1961 502 2003 optimum
540 1962 740 2008 Episcopum
784 1964 870 2009 apud
914 1965 1123 2009 Imperatoris

234 2007 422 2044 Theodofii
441 2009 461 2044 ὸ,
481 2010 689 2048 callidiffimo
699 2013 867 2049 Eunucho
886 2014 1122 2050 circumobses-

235 2059 304 2092 sam
333 2059 570 2102 fimplicitatem
597 2061 740 2096 reddidit
766 2063 850 2098 adeo
875 2065 1054 2107 suspectum
1081 2063 1122 2096 de

235 2106 515 2150 Nestorianalue,
542 2121 579 2145 ut
601 2112 687 2145 sacra
698 2112 843 2154 Juffione
853 2112 1038 2156 compulsus
1056 2113 1122 2148 fue-

234 2157 279 2191 rit
302 2157 342 2191 ad
365 2158 545 2194 solemnem
566 2160 600 2193 in
612 2161 749 2205 Scriptis
769 2161 844 2198 fidei
867 2163 1096 2206 profeffionem
1110 2185 1121 2202 ‚

234 2207 269 2240 ἀ
281 2207 366 2250 quali
386 2208 425 2242 ad
438 2209 700 2245 Contestatorios
709 2211 808 2246 etiarn
827 2212 957 2247 libellos
969 2237 977 2245 .
1004 2213 1043 2246 In
1059 2212 1121 2246 isto

234 2255 314 2290 fidei
327 2256 439 2290 libello
451 2259 621 2301 profitetur
631 2261 663 2293 se
675 2260 737 2294 effe
748 2272 857 2295 verum
874 2262 1018 2296 Nicaenae
1031 2261 1119 2301 fidei,

233 2307 270 2340 ἃ
284 2307 436 2341 omnium
448 2308 482 2340 in
494 2307 656 2351 Ephesma
676 2310 814 2352 Synodo
824 2311 1043 2346 Decretorum
1069 2322 1121 2345 cu-

232 2355 364 2389 stodem
392 2367 430 2390 ac
468 2367 689 2393 veneratorem
710 2385 721 2401 ,
746 2361 842 2404 atque
867 2361 1018 2407 adjungit
1041 2374 1048 2394 z
1075 2364 1122 2393 Et

237 2414 329 2439 unam
351 2406 470 2447 quidem
493 2407 581 2440 Verbi
602 2411 661 2442 Dei
681 2418 842 2451 naturam,
869 2415 1060 2445 incarnatam
1079 2420 1122 2443 ta-

236 2466 305 2488 men
328 2454 604 2489 &inhumanatam
618 2481 629 2497 ,
654 2460 749 2492 dicere
762 2469 819 2493 non
833 2471 972 2504 negamus
984 2485 995 2501 ‚
1007 2473 1038 2494 eo
1046 2462 1126 2504 quod

239 2517 277 2538 ex
289 2505 433 2538 ambabus
451 2517 526 2540 unus
533 2506 572 2548 fit
593 2511 682 2551 atque
691 2510 768 2542 idem
779 2513 924 2543 Dominus
951 2510 1042 2550 noster
1045 2515 1077 2555 J
1082 2515 1123 2543 E-

238 2557 509 2592 sus-CHRHTUS
531 2582 539 2589 .
565 2561 630 2590 Eor
653 2562 724 2592 vere
748 2583 759 2600 ,
785 2565 837 2602 qui
859 2570 912 2593 aut
933 2562 1004 2594 duos
1025 2560 1124 2603 filios,

237 2615 293 2637 ‘aut
306 2607 380 2638 duas
394 2604 553 2649 hypostases
568 2632 579 2648 ,
604 2617 656 2640 aut
667 2609 742 2642 duas
750 2609 897 2653 pcrfimas
916 2617 1103 2644 annunciant
1113 2636 1123 2651 ,

239 2657 342 2689 &non
365 2668 456 2689 unum
482 2658 651 2691 &eundem
673 2663 832 2694 Dominum
846 2664 879 2706 J
882 2663 1125 2694 ESUM-CHRI-

240 2707 345 2738 sTUM
370 2707 483 2739 Filium
496 2710 554 2740 Dei
578 2714 648 2742 vivi
666 2711 860 2751 praea'icant,
887 2710 1123 2745 anathematiza·

239 2766 306 2789 mus
320 2779 331 2796 ‚
357 2758 391 2790 &
401 2757 511 2789 alienos
524 2758 576 2800 effe
595 2757 634 2791 ab
645 2759 772 2801 Ecclesia
775 2763 949 2802 judicamus
963 2787 969 2793 .
996 2765 1043 2794 Et
1054 2769 1125 2795 ante

241 2817 335 2839 omnes
346 2805 531 2846 Nestorium.
561 2808 690 2852 Nempe
706 2809 873 2854 Eutyches
896 2812 1123 2846 sandiiffimum

237 2854 443 2899 Episcopum
465 2855 513 2891 de
527 2856 579 2892 his
591 2858 746 2893 omnibus
763 2861 849 2904 apud
861 2862 1045 2905 Principem
1058 2862 1123 2895 red·

241 2902 366 2940 diderat
377 2907 656 2949 suspestiffimum.
682 2911 775 2944 Hinc
788 2911 842 2945 ille
861 2913 964 2947 fuerat
977 2912 1075 2954 jussus
1088 2912 1123 2944 li-

243 2953 366 2987 bellum
390 2956 516 2998 propria
538 2969 637 2992 manu
659 2960 876 2995 subscribere.
904 2962 949 2995 Et
968 2961 1124 2996 Sanetiffi-

243 3015 318 3037 mus
330 3004 478 3039 Antistes
489 3006 668 3052 subscripsit
681 3009 744 3044 hoc
756 3011 877 3046 modo:
905 3015 1028 3045 Domine
1038 3010 1123 3043 Chri·

236 3053 281 3095 fle
304 3055 423 3094 adiu-tm
449 3067 500 3088 nos
523 3058 602 3089 Deus
620 3082 627 3089 .
654 3059 699 3094 Et
720 3061 800 3095 infra
814 3075 824 3094 .·
855 3069 927 3097 Haec
942 3060 1044 3105 scripfi
1059 3064 1125 3095 mea

247 3115 337 3136 manu
358 3105 401 3137 ad
415 3102 654 3146 satisfiuqiwem
672 3110 778 3149 vestre
803 3115 930 3145 Pietatis
943 3137 952 3151 ‚
978 3113 1053 3145 &ut
1063 3121 1125 3145 con-

238 3154 415 3195 fundantur
434 3156 612 3190 calumniam
626 3156 772 3197 facientes
792 3161 895 3199 nossrae
914 3162 996 3194 bonae
1020 3161 1124 3203 &fim-

240 3206 315 3246 plici
328 3210 359 3236 in
373 3203 485 3243 christo
494 3205 710 3249 conversationi
721 3235 727 3242 .
740 3211 823 3292 (Ἕκ
834 3213 947 3246 omnia
959 3213 1126 3252 evincunt,

245 3254 335 3297 quod
359 3253 572 3289 Theodosius
594 3256 753 3292 Romanae
806 3262 967 3303 utychetis
991 3261 1127 3306 appella-

244 3305 329 3338 tioni
342 3304 460 3346 jusserit
475 3305 612 3340 adscribi
624 3308 841 3349 suspenfivum
852 3312 1000 3346 effectum
1015 3313 1126 3345 .Hinc

243 3355 332 3388 enim
371 3355 405 3388 in
444 3355 701 3391 Chalcedonensi
750 3359 906 3396 Concilio
942 3362 1127 3397 Orientales

245 3403 399 3447 Episcopi
425 3405 647 3441 clamaverunt
668 3420 676 3439 :
705 3408 880 3446 Flavianus
905 3420 938 3446 ut
961 3413 1125 3447 damnatus

342 3452 448 3495 christ.
460 3460 540 3501 Lupi
553 3463 650 3500 opera
663 3461 695 3491 T.
710 3462 793 3493 Vm.

1181 211 1320 257 ingr-effu:
1330 210 1368 252 0st
1380 235 1388 243 ·
1413 212 1495 246 Hoc
1506 213 1552 247 est
1565 237 1577 253 ,
1601 216 1755 263 tanquam
1766 217 1856 253 Reus
1874 216 1917 252 ad
1936 216 2059 253 dandas

1182 262 1324 296 rationes
1348 261 1389 296 de
1407 263 1467 297 suo
1489 262 1524 296 in
1539 262 1755 306 Eutychetem
1769 266 1914 312 Judicio.
1940 266 1989 301 Ite
2009 268 2059 303 in·

1182 310 1272 357 gredi
1293 312 1478 355 compulsus
1502 312 1567 347 fuit
1593 313 1628 346 in
1656 315 1815 358 Ephefino
1839 317 2055 353 Latrocinio.

1182 360 1414 396 Nihilominus
1431 362 1583 398 constans
1592 363 1767 399 Flavianus
1778 391 1790 407 ,
1814 367 1915 401 sciens
1926 368 2059 411 Episco-

1182 411 1265 456 palis
1276 411 1397 455 Iudicii
1408 413 1646 457 suspensionem
1669 424 1738 449 non
1760 415 1799 448 ad
1810 416 1946 451 Laicum
1958 417 2057 452 Prin-

1183 463 1311 506 cipem,
1339 462 1392 497 sed
1403 462 1446 497 ad
1457 463 1561 497 solum
1572 463 1938 507 spestarePontifieem,
1960 467 2057 501 intre·

1183 510 1256 556 pide
1278 511 1366 547 stetit
1381 524 1440 556 pro
1461 512 1662 549 authoritate
1682 513 1897 557 suaesynodi.
1926 517 2059 552 Etenim

1182 563 1217 595 in
1230 562 1368 598 laudatis
1379 563 1442 597 suis
1455 564 1496 598 ad
1509 563 1631 607 Papam
1644 563 1761 599 litteris
1780 564 1917 607 scripfit:
1947 565 1987 596 Ab
1999 569 2061 599 Eu-

1182 611 1287 650 tychete
1300 612 1461 646 Monacho.
1482 613 1536 654 Iste
1543 613 1705 653 Eutyches.
1732 614 1815 647 Idem
1826 612 1970 652 Eutyches
1982 638 1989 645 .
2017 615 2062 648 Et

1183 662 1218 695 in
1241 662 1303 697 alia
1331 663 1371 697 ad
1394 662 1516 707 Papam
1540 664 1677 708 epistola
1701 677 1712 698 .·
1740 663 1887 703 Eutytbes
1912 664 2063 706 quondam

1185 712 1339 750 Presbyter
1360 713 1661 747 &Archi-Mandrita
1675 738 1683 746 .
1709 714 1960 748 Haereliarcham
1984 724 2065 748 con-

1183 762 1302 796 stanter
1314 764 1462 798 tractavit
1484 773 1520 798 ut
1541 764 1688 809 legitime
1708 764 1936 808 degradatum.
1966 764 2009 796 Et
2027 772 2066 798 ut

1182 812 1237 846 sua
1248 810 1309 847 hac
1321 814 1407 855 quali
1420 814 1628 848 contumacia
1641 813 1828 857 Principem
1841 826 1908 848 non
1919 812 2065 848 offende-

1182 870 1248 904 ret,
1274 863 1333 897 suo
1354 863 1430 898 fidei
1451 863 1492 898 ad
1515 864 1619 907 ipsum
1649 862 1764 898 libello
1788 864 1909 897 indidit
1932 864 2066 899 laudem

1181 913 1279 946 etiam
1292 913 1670 958 Constantinopolitanae
1679 913 1807 956 Synodi
1818 937 1829 954 ‚
1840 913 1981 948 scribens
1994 925 2065 948 non

1184 962 1284 996 solam
1307 963 1480 1010 Nicaenam
1500 988 1511 1005 ,
1537 976 1575 998 ac
1597 962 1794 1009 Ephefinam
1814 987 1827 1005 ,
1853 963 1908 998 sed
1936 964 2066 1007 insuper

1183 1010 1275 1044 istam
1297 1035 1309 1052 ,
1334 1013 1368 1046 id
1389 1013 1435 1047 est
1458 1037 1469 1054 ,
1497 1014 1589 1048 istius
1610 1014 1651 1049 ad
1671 1014 1844 1048 Nicaenum
1868 1013 2066 1057 Symbolum

1182 1060 1405 1097 additamenta
1424 1062 1578 1109 religiose
1599 1063 1622 1097 e*
1638 1065 1669 1098 se
1690 1065 1808 1099 sevari.
1835 1062 2015 1098 Rationem
2029 1062 2067 1098 in

1182 1109 1442 1146 Chalcedonenli
1450 1113 1588 1156 Synodo
1599 1113 1738 1149 adduxit
1749 1115 1938 1158 Diogenes,
1968 1113 2067 1156 Cyzi-

1172 1160 1213 1198 ,ci
1235 1160 1437 1205 Episcopus,
1462 1163 1691 1197 Helles-Ponti
1709 1163 1950 1207 Metropolita:
1977 1167 2069 1201 Eut,-

1183 1210 1252 1246 cbes
1272 1211 1367 1245 dolose
1384 1209 1551 1254 praeposuit
1562 1213 1703 1251 synodum
1717 1211 1892 1255 sanam-um
1915 1216 2043 1246 Patrum
2054 1237 2067 1254 ,

1185 1271 1252 1304 quae
1263 1265 1296 1293 in
1308 1264 1418 1294 Ndcaea
1430 1261 1522 1302 saeva
1539 1262 1597 1302 est.
1625 1266 1740 1304 Accepit
1755 1266 1836 1296 enim
1856 1262 2070 1295 additamenta

1183 1312 1205 1343 ἂ
1221 1309 1336 1354 sam‘lis
1359 1310 1504 1344 Patribus
1523 1334 1535 1351 ‚
1558 1318 1682 1354 propter
1695 1309 1872 1354 perversum
1892 1311 2070 1347 intellecffum

1185 1361 1367 1403 Apollinaris
1378 1385 1390 1402 ,
1415 1362 1450 1395 o·
1463 1361 1635 1401 Valentini,
1662 1362 1698 1395 <it
1710 1361 1874 1395 Macedonii
1886 1385 1897 1402 ,
1918 1362 2014 1403 &qui
2025 1367 2070 1395 eis

1175 1410 1287 1452 2fim1'les
1304 1409 1397 1454 sunt.
1426 1415 1498 1444 Haec
1515 1410 1705 1453 praetermisit
1717 1410 1882 1452 Eutyches,
1902 1409 1974 1453 sicut
1985 1411 2079 1452 Apol*

1176 1460 1317 1501 'linarista
1335 1485 1342 1493 .
1371 1465 1459 1494 Nam
1476 1466 1569 1495 etiam
1588 1462 1769 1504 Apollinaris
1787 1459 1912 1505 suscipit
1928 1459 2069 1504 sanc‘lam

1183 1512 1323 1550 synodum
1338 1534 1349 1552 ,
1374 1522 1443 1554 quae
1458 1517 1490 1544 in
1510 1515 1621 1546 Ntcaea
1632 1511 1723 1554 falla
1745 1511 1783 1552 cll
1794 1535 1805 1551 ‚
1823 1510 1987 1555 secundum
1997 1519 2069 1553 pno-

1180 1566 1282 1603 priam
1296 1560 1520 1604 perversitatem
1539 1563 1707 1606 intelligens
1720 1561 1814 1595 verba
1825 1585 1832 1594 .
1859 1562 1940 1596 Hoc
1960 1562 2070 1605 ipsum

1184 1611 1384 1655 compendio
1404 1610 1558 1657 allegavit
1573 1611 1608 1646 in
1632 1613 1690 1647 suo
1713 1611 1827 1646 libello
1845 1611 1978 1645 Sanetus
1998 1610 2075 1646 Fla«

1186 1661 1301 1696 vianus
1311 1686 1319 1694 .
1347 1662 1517 1707 Allegavit
1533 1673 1601 1696 non
1613 1663 1755 1696 sufficere
1765 1662 1806 1696 ad
1817 1663 1935 1697 restam
1944 1661 2044 1695 fidem
2055 1685 2069 1702 ,

1185 1710 1275 1755 quod
1289 1710 1456 1754 Eutyches
1469 1712 1641 1746 Nicaenam
1652 1710 1892 1755 &Ephefinam
1902 1711 2080 1754 Synodo&

1183 1761 1217 1795 δε
1230 1761 1338 1796 Sancti
1359 1761 1483 1804 Cyrilli
1505 1761 1660 1805 Capitula
1679 1762 1809 1805 jactaret
1832 1785 1843 1801 ,
1868 1761 1919 1795 sed
1938 1761 2070 1804 insuper

1186 1811 1350 1846 necessum
1360 1813 1421 1846 effe
1430 1835 1440 1852 ‚
1468 1821 1506 1846 ut
1517 1813 1707 1856 profiteatur
1717 1812 1817 1846 etiam
1829 1810 2069 1846 Constantino-

1185 1862 1332 1905 politana
1352 1863 1394 1896 ad
1415 1861 1592 1896 Nicaenum
1616 1862 1813 1906 Symbolum
1832 1862 2070 1897 additamenta.

1185 1913 1264 1944 Hoc
1283 1911 1374 1945 enim
1397 1912 1519 1954 semper
1539 1912 1694 1946 refutavit
1713 1911 1904 1955 Eutyches,
1928 1911 2070 1954 ideoque

1186 1962 1217 1995 se
1229 1960 1464 1995 demonstravit
1485 1960 1666 1995 scabiosum
1687 1973 1729 1995 ex
1741 1961 1970 2005 Apollinario.

1232 2010 1368 2044 Interim
1390 2019 1460 2045 tota
1471 2010 1692 2045 Haerefiarchae
1702 2013 1771 2056 spes
1790 2020 1858 2046 erat
1869 2010 1904 2045 in
1916 2010 2073 2048 Romana

1186 2058 1341 2093 Ecclesia:
1371 2058 1410 2093 In
1430 2060 1485 2092 sua
1500 2059 1541 2093 ad
1555 2060 1657 2102 ipsam
1682 2060 1937 2103 provocatione.
1964 2061 2072 2104 Ipsam

1183 2108 1320 2156 speravit
1330 2107 1530 2143 authoritate
1541 2107 1705 2153 Principis
1716 2109 1938 2144 inclinandam
1960 2109 2001 2143 ad
2014 2110 2072 2145 sua

1184 2158 1355 2193 defideria.
1386 2159 1531 2193 Devium
1552 2157 1723 2194 hominem
1757 2158 1946 2194 animabant
1970 2159 2072 2194 etiam

1183 2209 1334 2253 benignae
1354 2208 1468 2243 litterae
1487 2233 1498 2249 ,
1523 2219 1601 2253 quas
1627 2208 1812 2253 nuperrime
1835 2211 1943 2246 nescio
1964 2197 2072 2253 ⁸quos,

1184 2259 1271 2292 haud
1293 2257 1499 2292 dubieetiam
1521 2260 1671 2294 Sanctum
1683 2260 1899 2301 Flavianum,
1924 2259 1967 2293 de
1989 2261 2074 2294 resu-

1183 2310 1296 2342 scitata
1320 2307 1468 2342 Nestorii
1492 2309 1578 2352 lepra
1591 2310 1763 2349 accusanS,
1789 2309 1935 2343 &saneto
1957 2309 2074 2344 Leone

1183 2369 1346 2402 acceperat
1358 2371 1365 2390 ε
1393 2363 1466 2391 Non
1477 2359 1651 2403 ambigimus
1662 2358 1817 2393 authorem
1828 2359 1989 2393 Catholicae
1998 2359 2075 2400 fidel

1185 2412 1343 2441 Dominum
1356 2408 1412 2440 tibi
1423 2414 1455 2441 in
1466 2410 1599 2441 omnibus
1611 2409 1793 2449 adfhurum.
1813 2414 1883 2442 Nos
1894 2417 1993 2442 autem
2004 2420 2072 2442 cum

1181 2460 1312 2500 plenius,
1325 2468 1445 2499 quorum
1455 2457 1506 2490 hoc
1519 2457 1706 2499 improbitate
1710 2458 1780 2500 fiat,
1791 2464 1975 2500 potuerimus
1983 2470 2074 2502 agno·

1182 2507 1281 2551 fiere,
1308 2507 1408 2550 necesse
1427 2506 1466 2548 est
1488 2509 1653 2541 auxiliante
1676 2511 1800 2540 Domino
1820 2509 1979 2550 providere
1999 2513 2075 2550 qua-J

1186 2558 1273 2591 tenus
1298 2557 1462 2599 nefandum
1486 2563 1592 2598 virus,
1618 2559 1788 2600 dudumque
1797 2559 1996 2599 damnatum,
2021 2570 2072 2592 ra·

1185 2609 1292 2641 dicitur
1302 2609 1382 2649 poffit
1393 2613 1544 2652 extingui.
1575 2611 1655 2641 Deus
1668 2618 1696 2641 te
1715 2607 1855 2648 custodiat
1878 2609 2049 2642 incolumem
2059 2634 2072 2650 ‚

1187 2659 1370 2697 Dilefflffime
1382 2659 1464 2690 Fili.
1492 2659 1574 2691 Non
1595 2657 1641 2692 est
1659 2656 1873 2692 dubitandum
1889 2683 1900 2699 ,
1926 2659 2005 2702 quin
2018 2656 2074 2692 ha·

1186 2708 1234 2743 sce
1261 2709 1381 2742 litteras
1403 2706 1524 2751 ubique
1538 2708 1780 2747 buccinaverit,
1806 2709 1841 2742 ὅ(
1853 2709 1961 2742 forsan
1973 2720 2075 2743 anne-

1185 2759 1289 2792 xuerit
1310 2757 1506 2791 suislibellis
1530 2758 1800 2792 Contestatoriis.
1829 2758 1911 2792 Item
1921 2757 2075 2793 dubitan-

1184 2808 1263 2843 dum
1277 2820 1344 2842 non
1357 2807 1401 2841 est
1414 2809 1494 2849 quin
1507 2808 1697 2842 Flavianum
1717 2809 1894 2843 violentius
1905 2810 2072 2843 accusave-

1185 2860 1227 2893 rit
1250 2858 1334 2901 apud
1358 2858 1556 2892 Pontificem
1581 2883 1591 2898 ‚
1618 2859 1713 2901 quem
1748 2858 1834 2902 apud
1861 2859 2048 2901 Principem
2060 2868 2077 2891 .·

1185 2908 1314 2942 Litterae
1324 2919 1439 2941 omnes
1450 2933 1459 2948 ,
1486 2908 1509 2940 fi
1522 2910 1679 2942 exstarent
1693 2932 1702 2946 ,
1730 2919 1788 2941 nos
1802 2909 1893 2951 plura
1905 2907 2070 2942 docerent.

1187 2960 1413 2992 Ravennatem
1425 2958 1598 2992 Ecclesiam
1610 2984 1621 2999 ‚
1648 2959 1751 2991 immo
1762 2968 1894 2992 omnem
1915 2957 2071 2992 Christia-

1188 3010 1321 3043 nitatem
1343 3018 1422 3041 tunc
1445 3009 1622 3042 illustrabat
1642 3009 1775 3042 Sanctus
1796 3008 1910 3042 Petrus
1927 3008 2071 3051 Chryso-

1187 3061 1280 3102 logus
1291 3082 1301 3098 ‚
1328 3057 1412 3102 apud
1430 3058 1576 3092 Leonem
1589 3058 1789 3092 Pontificem
1804 3067 1919 3101 potens
1930 3057 2071 3101 opere&

1188 3111 1331 3143 sermone
1344 3133 1351 3140 .
1378 3109 1487 3154 Qare
1498 3109 1529 3141 ὃς
1543 3107 1630 3141 hunc
1645 3108 1812 3151 Eutyches
1828 3107 1873 3142 est
1885 3109 2046 3153 aggressus
2060 3132 2068 3140 .

1189 3159 1298 3193 Etiam
1323 3156 1417 3191 isthic
1439 3159 1589 3192 Sanctum
1611 3158 1804 3192 Flavianum
1827 3158 2009 3192 diffamavit
2026 3157 2069 3191 dc

1186 3210 1348 3253 Origene,
1377 3208 1418 3241 de
1441 3207 1615 3247 Nestorio,
1639 3207 1681 3241 de
1693 3209 1840 3252 neglet‘io
1858 3208 2002 3251 judicio,
2028 3207 2069 3240 de

1180 3259 1281 3302 vprante
1294 3257 1455 3292 intelletfio
1466 3257 1620 3300 symbolo
1632 3257 1781 3292 Nicaeno.
1796 3258 1897 3292 Haud
1910 3258 2008 3291 dubie
2020 3268 2070 3289 ro-

1186 3309 1271 3353 garit
1291 3309 1380 3342 suam
1401 3308 1530 3341 causam
1555 3319 1610 3351 per
1634 3307 1738 3352 ipsum
1758 3307 1900 3349 adiuvari
1914 3306 1998 3350 apud
2010 3308 2069 3340 Se-

1187 3360 1261 3394 dem
1282 3357 1527 3403 Apostolicam.
1556 3357 1680 3392 Verum
1694 3358 1951 3402 prudentiffimus
1972 3355 2070 3389 Anti-

1188 3409 1248 3445 stes
1263 3409 1443 3446 -hominem
1464 3408 1584 3445 remifit
1606 3407 1648 3442 ad
1671 3408 1889 3449 Pontificem,
1915 3404 2071 3445 &adjun-

1599 3458 1626 3493 B
1653 3458 1674 3492 b
1727 3467 1746 3504 3
1953 3454 2020 3487 xit:
