2326 3718
715 111 996 169 Romilius
1029 113 1606 168 Apatna-munus.

259 226 329 250 nem
339 213 521 258 justffmaem
543 214 709 247 innocentia
728 216 868 247 tuereris.
895 207 930 244 A
953 210 1074 246 Basilio
1097 222 1135 245 ac

257 266 330 309 ejus
348 262 486 308 Synodo
497 262 672 298 damnatus
693 262 810 297 Idduas
822 261 994 305 appellavit
1005 262 1046 296 ad
1058 261 1135 296 Pro-

260 315 368 354 clum,
394 312 488 348 &hic
499 309 924 354 caffavitiuiusjudieium,
951 323 989 347 ac
999 310 1135 346 ldduam

261 363 439 398 declaravit
459 363 672 399 innocentem
684 372 779 406 atque
794 360 1016 403 justissimum.
1041 361 1135 396 Hinc

251 422 315 447 aut
336 412 496 455 Basilius,
521 424 578 450 aut
601 413 710 459 potius
730 411 840 446 Idduae
860 413 1024 448 accusator
1042 435 1054 451 ‚
1081 412 1134 445 vel

253 463 365 507 quivis
387 463 598 500 Adversarius
615 460 725 499 denuo
743 462 915 506 appellavit
925 462 966 496 ad
981 462 1133 498 Sixtum:

257 511 303 547 Et
316 511 373 548 hic
393 514 545 558 probavit
564 515 598 549 δε
610 511 765 548 stabilivit
779 513 889 548 datam
901 513 920 547 a
930 512 1050 547 Proclo
1064 511 1135 544 sen-

255 564 395 598 tentiam
408 589 415 597 .
443 565 527 612 Qae
545 574 594 598 res
610 562 733 597 Proclo
755 562 843 598 haud
853 561 952 598 dubie
961 563 1024 598 fuit
1035 560 1136 605 longe

254 614 432 657 gratiffima
443 640 450 647 .
476 614 526 648 Ita
536 613 626 647 enim
643 613 755 657 rapina
766 638 778 653 ,
803 625 901 657 quam
915 614 948 647 in
961 612 1136 647 Asiaticam

255 662 431 699 Dioecesim
452 665 583 698 &nctus
609 664 749 706 Joannes
759 662 1031 706 Chrysostomus,
1058 661 1137 696 Pro·

256 713 302 747 cli
313 712 471 759 Magister
481 737 494 754 ‚
520 712 749 754 inchoaverat,
775 714 810 747 ἀ
822 713 1023 746 Successores
1032 712 1137 745 conti-

252 770 394 798 nuarant
403 786 414 802 ,
437 763 633 807 probabatur
643 764 677 798 ὅ(
687 762 943 797 confirmabatur
953 774 1007 806 per
1019 761 1136 797 Sedern

251 811 486 857 Apostolicam
499 838 506 847 .
533 814 646 860 Qare
668 822 794 848 certum
815 813 861 847 est
871 813 1003 848 Sixtum
1014 823 1083 846 non
1094 823 1138 846 re·

251 863 304 897 aa
324 861 380 898 hic
389 863 505 909 egisse.
538 864 674 899 Etenim
688 874 804 898 omnes
818 862 893 898 istas
903 862 1138 897 Constantino-

256 913 481 956 politanorum
495 912 690 950 Antistitum
702 912 827 955 rapinas
838 936 851 952 ‚
877 912 957 946 licet
966 912 1139 945 confirma-

254 975 306 999 tas
315 963 333 996 a
345 961 605 998 chalcedonensi
615 960 953 1003 Syn0d0,exsufflavit
962 960 1138 1004 &projecit

252 1011 423 1056 proximus
444 1009 530 1045 Sixti
550 1010 716 1045 Successor
726 1010 873 1055 Magnus
886 1010 981 1050 Leo,
1007 1009 1139 1054 ejusque

250 1059 513 1095 fundatiffimum
522 1059 683 1103 judicium
696 1060 896 1095 Succeffores
907 1061 980 1095 sunt
991 1061 1139 1094 constan·

251 1121 301 1145 ter
310 1110 492 1153 prosecuti.
520 1109 651 1154 Nempe
675 1110 740 1144 suis
751 1110 1095 1154 IllyriciDioecesibus
1120 1111 1139 1144 ὲ

246 1158 371 1197 Proclo
380 1159 504 1194 Xixtus
525 1159 709 1194 metuebat.
736 1161 883 1206 Legem,
909 1172 972 1204 qua
986 1161 1070 1203 ipsas
1099 1160 1141 1195 ab

246 1209 368 1245 Attico
378 1210 641 1254 circumscriptus
652 1209 865 1245 Theodosius
874 1211 1113 1246 transtulerat
1103 1223 1137 1245 in

248 1252 505 1295 Patriarchicam
539 1260 733 1317 potestatem
775 1259 1139 1304 Constantinopolitani

247 1310 429 1355 Episcopi,
454 1310 552 1344 licet
543 1321 608 1353 Jam
617 1322 660 1344 ex
670 1311 819 1345 Honorii
838 1311 996 1345 mandato
1007 1310 1141 1346 circum·

247 1359 582 1400 duetam‚resuscitare
593 1361 699 1395 voluit
710 1360 859 1400 Proclus,
868 1370 924 1394 aut
935 1360 1021 1394 certe
1031 1361 1072 1394 de
1083 1361 1140 1395 ista

247 1408 404 1445 machina
413 1408 477 1443 fuit
484 1410 751 1454 suspestusHinc
759 1410 865 1454 ipsum
873 1410 986 1444 multis
994 1410 1143 1445 laudibus

248 1459 417 1494 demulcet
436 1459 568 1500 sixtus,
595 1461 689 1494 suum
712 1461 745 1493 in
759 1461 867 1503 ipsum
888 1461 1059 1503 profitetur
1070 1456 1143 1494 affe·

250 1510 365 1548 stum,
388 1507 524 1542 &hunc
548 1509 686 1543 affirmat
708 1519 778 1542 non
790 1509 919 1542 starein
938 1509 1066 1549 verbis,
1089 1509 1143 1543 sed

248 1558 319 1603 iam
340 1558 527 1602 frequenter
548 1559 660 1593 exiisse
682 1558 718 1593 in
741 1569 838 1602 opera
861 1582 867 1590 .
897 1557 1076 1592 Praesertim
1108 1560 1142 1592 in

251 1618 339 1653 opus
350 1632 364 1648 ‚
378 1607 469 1651 quod
480 1608 590 1642 datam
602 1619 661 1651 pro
673 1608 778 1642 Iddua
788 1609 806 1641 a
818 1607 939 1642 Proclo
949 1608 1143 1642 sententiam

250 1655 438 1700 nuperrime
448 1656 713 1690 confirmaverat.
737 1656 909 1690 Promittit
925 1665 989 1690 tres
1002 1658 1144 1690 Autoce-

251 1706 366 1752 phalas
376 1706 543 1740 Dioeceses
557 1705 679 1741 Proclo
689 1706 769 1740 citra
781 1706 1015 1740 contentiones
1036 1704 1146 1740 dimit·

251 1765 346 1796 tere,
370 1765 469 1800 atque
491 1757 537 1790 ita
557 1756 669 1790 suadet
689 1756 723 1790 &
748 1766 842 1800 rogat
869 1756 974 1800 ipsum
998 1756 1144 1790 cessarea

253 1807 372 1850 quovis
383 1806 566 1840 tentamine
577 1807 612 1841 in
623 1806 816 1840 Provincias
829 1805 1053 1849 Illyricianas.
1066 1807 1145 1854 Qa

253 1856 292 1892 in
304 1868 338 1891 re
348 1856 558 1891 manifestum
568 1855 616 1891 est
626 1857 756 1892 sixtum
778 1867 850 1891 non
860 1856 923 1890 effe
948 1857 1043 1891 usum
1054 1854 1145 1900 Apo·

253 1907 374 1943 stolico
394 1908 542 1951 pedore.

303 1957 474 2005 Qintum
501 1957 690 2000 exemplum
715 1958 761 1992 est
798 1931 981 2001 Stephanus
1017 1956 1146 1991 Larissae

253 2007 439 2051 Episcopus
449 2007 663 2050 Metropolita
675 2007 875 2042 Theflaliae.
904 2006 991 2040 Hic'
983 2017 1073 2050 Juxta
1089 2019 1144 2041 an·

255 2057 384 2100 tiquam
394 2058 665 2091 consuetudinem
685 2058 769 2091 fuit
761 2070 795 2091 in
812 2058 868 2091 sua
889 2057 1024 2091 civitate
1035 2057 1147 2091 conse-

257 2116 364 2139 cratus
383 2106 401 2139 ἐι
424 2107 488 2139 suis
510 2107 727 2150 Suffraganeis
750 2106 1021 2140 aAbEustado
1043 2108 1146 2140 Gom·

257 2155 349 2190 fiensi
363 2179 374 2196 ‚

255 2206 348 2240 nenfi
369 2229 376 2237 .
403 2204 586 2239 probianus
612 2205 833 2239 Demetriadae
857 2206 1036 2249 Episcopus
1060 2205 1146 2239 dixit

256 2254 447 2288 consuetam
457 2255 656 2288 Orationem
668 2253 966 2293 Encomiasticam,
991 2255 1026 2288 δε
1045 2254 1146 2297 ipsam

254 2304 407 2347 implevit
416 2304 551 2338 eximiis
561 2303 680 2349 elogiis
693 2329 700 2336 .
727 2303 946 2338 Consecratio
955 2304 1039 2338 fasta
1049 2304 1094 2337 est
1105 2304 1144 2336 ad

255 2355 407 2397 praeviam
417 2355 707 2389 confirmationem
719 2353 1021 2388 Thessalonicensis
1046 2354 1146 2388 Vica-

254 2404 297 2437 rii
324 2429 332 2436 .
358 2403 406 2438 At
427 2415 504 2438 ecce
534 2403 643 2438 statim
665 2403 736 2446 post
765 2404 914 2447 praefatus
940 2402 1147 2443 Probianus,

255 2453 445 2488 Demetrius
467 2453 638 2489 Sciatensis
661 2477 673 2494 ‚
698 2453 735 2486 δε
755 2452 891 2496 quidam
924 2452 981 2486 aiii
1002 2453 1145 2496 ejusdem

254 2503 439 2539 Provinciae
462 2503 616 2548 Episcopi
637 2526 648 2542 ,
674 2503 836 2537 unacum
856 2502 1014 2536 Antonio
1040 2504 1147 2538 Laris-

253 2554 334 2588 senae
343 2555 491 2589 Ecclesiae
502 2554 700 2597 Presbytero
711 2552 951 2587 adscenderunt
959 2551 1147 2588 Constanti-

252 2603 402 2648 nopolim
415 2629 425 2645 ‚
450 2605 485 2639 &
506 2604 592 2648 apud
615 2601 842 2647 Epiphanium
853 2600 1143 2638 Patriarcha‘mace

253 2656 406 2689 cusarunt
429 2652 630 2697 Stephanum
652 2653 693 2689 de
714 2652 881 2698 pluribus,
895 2653 897 2655 ’
911 2653 1080 2697 praesertim
1103 2653 1146 2688 de

253 2704 435 2739 rebellione
445 2704 595 2739 adversus
606 2702 1015 2747 Constantinopolitanam
1035 2703 1146 2739 Eccle-

253 2755 332 2789 siam
352 2756 388 2789 &
411 2754 615 2799 postularunt
626 2754 666 2789 ad
685 2753 960 2798 degradationem
972 2779 980 2786 .
1009 2754 1145 2790 Etenim

255 2803 462 2850 Epiphanius
484 2813 649 2841 mortuam
670 2815 708 2838 ac
730 2804 890 2847 sepultam
905 2803 1023 2849 >legem
1043 2827 1056 2845 ,
1080 2815 1144 2849 qua

257 2854 436 2898 Imperator
455 2854 668 2890 Theodosius
690 2851 873 2888 Orientalis
893 2853 1144 2898 IllyriciEccle—

258 2902 318 2936 sias
339 2906 575 2950 transcripserat
587 2906 623 2940 in
645 2903 868 2939 Patriarchale
874 2903 926 2946 jus
940 2904 1054 2949 Regia
1064 2904 1144 2939 civi-

256 2953 334 2988 tatis
356 2977 367 2994 ,
392 2952 570 2991 exhumare
595 2966 634 2990 ac
655 2956 840 2994 resuscitare
865 2953 989 2989 studuit
1009 2968 1020 2995 ,
1045 2964 1143 2998 atque

258 3013 330 3036 non
351 3005 485 3040 modice·
497 3005 706 3040 conturbavit
718 3005 893 3039 Ecclesias.
923 3004 1018 3051 Qin
1039 3005 1145 3049 Impe-

258 3062 344 3087 rator
358 3053 568 3096 Justinianus‘
577 3056 708 3101 magnis
718 3055 885 3091 beneficiis
899 3054 1077 3089 Ecclesiam
1090 3066 1143 3089 ou·

257 3102 389 3137 mularit
403 3126 414 3143 ,
437 3115 535 3140 nemo
557 3106 652 3149 poffit
673 3105 832 3141 inficiari.
862 3105 1023 3139 Attamen
1041 3107 1142 3139 etiam

258 3151 365 3196 plures
375 3151 404 3186 ei
418 3153 530 3188 intulit
538 3156 713 3190 violentias
729 3181 736 3189 .
760 3156 906 3200 Ipsarum
920 3167 988 3189 non
1003 3155 1141 3190 minima

256 3202 303 3236 est
314 3226 324 3243 ,
351 3202 440 3245 quod
453 3203 547 3238 istam
559 3205 665 3249 legem
676 3206 867 3250 rescripserit
877 3207 912 3240 in
936 3206 1029 3240 suum
1041 3206 1141 3240 Codi-

257 3263 329 3286 cem
346 3276 357 3292 ,
383 3262 480 3297 atque
491 3254 535 3287 ita
547 3254 685 3289 voluerit
709 3255 891 3290 vivificare.

306 3300 400 3337 Hinc
428 3302 632 3347 Epiphanius
652 3304 744 3339 istam
753 3307 993 3342 accusationem
1012 3305 1141 3340 admisit

257 3361 353 3387 tanto
366 3352 510 3397 impetu,
536 3364 571 3387 ut
584 3353 675 3387 nulla
685 3354 905 3391 accusantium
925 3355 1141 3400 probatione,

402 2154 536 2198 Elpidio
557 2155 726 2189 Thebano
746 2179 760 2195 ‚
784 2159 822 2189 ac
847 2154 1014 2198 Stephano
1036 2155 1149 2189 Lami·

1912 139 2007 185 137

1198 209 1376 254 Episcopos
1395 219 1434 244 ac
1456 207 1606 243 Ecclesiae
1625 210 1759 247 Clerum
1780 210 1799 247 a
1819 209 1975 257 Stephani
2001 212 2077 249 obe-

1195 260 1318 295 dientia
1338 259 1373 293 &
1391 260 1631 294 communione
1642 261 1860 305 suspenderit,
1886 274 1946 298 nec
1958 263 2013 307 ipsi
2033 263 2079 298 ci-

1196 310 1255 345 bos
1275 319 1331 345 aut
1354 310 1417 344 alia
1428 309 1599 344 necessaria
1613 311 1788 353 permiserit
1797 324 1838 346 ex
1856 312 2079 348 Ecclesiastica.

1196 360 1374 396 substantia
1383 360 1590 395 ministrari*
1617 360 1724 403 Ipsum
1734 360 1897 404 suspendit
1908 363 1949 398 ab
1965 363 2080 398 officio

1195 423 1232 445 ac
1243 410 1428 445 beneficio.
1455 410 1501 444 Et
1524 410 1670 444 invitum
1691 409 1781 453 juffit
1803 409 1967 454 deportari
1988 413 2080 448 Con-

1194 460 1460 505 stantinopolim
1485 460 1555 495 Sibi
1580 458 1729 495 exhiberi
1751 458 1853 494 etiam
1871 461 1957 503 justit
1975 465 2082 506 praefa-

1195 522 1247 546 tos
1257 511 1325 555 ejus
1335 511 1600 546 Consecratores.
1618 510 1750 555 Nempe
1762 505 1981 554 praetendebat
1992 512 2082 547 Con-

1196 562 1408 596 sectationem
1432 562 1498 597 sine
1515 563 1572 596 sua
1593 561 1709 606 praevia
1730 560 1986 607 confirmatione
2012 573 2082 595 non

1197 613 1334 654 pomiffe
1355 612 1448 653 fieri,
1475 611 1618 656 ideoque
1640 612 1786 656 ipsorum
1808 610 1932 645 crimen
1945 621 2013 644 non
2035 612 2086 644 in-

1197 659 1307 706 digere
1317 662 1589 705 probationibus,
1616 663 1671 697 sed
1696 660 2011 697 esse'manifestum.
2038 660 2086 696 Et

1198 712 1356 755 quidquid
1370 711 1411 746 ad
1422 711 1650 756 Apostolicam
1674 711 1791 747 Sedem
1813 710 2001 747 reclamaret
2018 709 2088 745 Ste-

1199 761 1326 805 phanus
1337 788 1347 803 ,
1372 762 1535 797 affirmans
1545 762 1674 806 Illyrici
1685 762 1847 797 Ecclesias
1859 772 1929 796 non
1941 761 1982 795 ad
1995 761 2090 796 Con·

1200 812 1529 854 stantinopolitanum
1550 835 1562 852 ,
1587 812 1642 847 sed
1672 812 1860 855 pertinuisse
1891 813 2017 856 semper
2047 821 2089 845 ae

1199 861 1318 896 etiamn
1325 862 1379 895 um
1391 864 1549 906 pertinere
1558 862 1600 897 ad
1613 862 1805 897 Romanum
1815 858 2089 902 Patriarchatum‚

1202 912 1454 947 nullatenusfuit
1464 912 1617 954 auditus,
1643 912 1699 947 sed
1709 911 1872 954 judicatus
1892 911 1938 946 est
1960 907 2091 946 delictis

1201 963 1407 997 accumulare
1414 963 1529 998 delista
1542 988 1554 1005 ‚
1581 973 1677 1006 atque
1688 961 1764 998 ideo
1776 961 1839 996 fuit
1850 964 2004 995 trastatus
2024 961 2091 1005 pes-

1201 1011 1277 1046 fime
1288 1035 1299 1051 ‚
1327 1023 1365 1045 ac
1387 1012 1520 1046 tandem
1531 1013 1549 1046 a
1563 1013 1697 1048 collecta
1710 1024 1753 1048 ex
1763 1011 1898 1047 advenis
1922 1010 2092 1055 Episcopis

1203 1061 1340 1104 Synodo
1361 1059 1557 1105 degradatus
1580 1086 1589 1093 .
1615 1062 1809 1098 Audiamus·
1824 1062 1932 1106 ipsum
1956 1059 2094 1104 stepha-

1203 1122 1283 1145 num
1296 1134 1307 1151 ,
1335 1110 1369 1144 in
1382 1111 1442 1145 suae
1453 1111 1683 1156 appellationis
1696 1111 1811 1146 libello
1821 1119 2029 1156 perorantem
2047 1109 2093 1145 ad

1204 1160 1415 1195 Bonifacium
1435 1160 1614 1195 secundum
1641 1160 1840 1194 Pontificem
1860 1174 1871 1193 ι
1897 1166 1975 1195 Cum
1999 1165 2092 1205 igitur

1204 1211 1283 1245 nibil
1301 1211 1501 1253 approbatum
1524 1212 1561 1244 de
1571 1222 1616 1244 me
1625 1210 1749 1253 fuisset,
1770 1211 1911 1243 *nec‘ulla
1921 1211 1985 1252 efflet
1996 1215 2094 1243 Cano-

1205 1266 1279 1295 nicae
1302 1263 1425 1294 ultionis
1445 1263 1530 1303 culpa
1551 1262 1647 1305 *digna
1660 1266 1789 1294 inventa
1806 1283 1818 1299 ,
1839 1256 2097 1301 sententiamp'ro-

1205 1313 1355 1350 tulerunt,
1383 1311 1417 1344 ὁ·
1434 1312 1666 1344 condemnantes
1686 1322 1733 1344 me
1749 1311 1771 1342 ἃ
1791 1310 1973 1345 Sacerdotula·
1996 1309 2098 1351 Officio

1202 1359 1420 1404 suspenderunt
1434 1385 1445 1401 ‚
1471 1372 1538 1394 cum
1558 1372 1604 1395 me
1624 1359 1728 1401 constet
1751 1370 1809 1393 non
1843 1359 1991 1402 dimissum
2005 1358 2102 1401 fuiffe

1201 1419 1260 1453 pro
1281 1415 1355 1444 meis
1375 1411 1492 1452 plem'tis
1508 1410 1657 1453 partibus
1677 1411 1827 1454 allegare,
1851 1408 1909 1452 fi’d
1930 1410 1964 1443 o·
1981 1411 2102 1451 petenti

1207 1462 1309 1503 aliqua
1317 1473 1389 1494 meae
1403 1473 1456 1494 cau
1455 1460 1502 1504 sae
1509 1461 1613 1503 proflat
1618 1472 1672 1495 ura
1697 1460 1842 1500 ostendere
1853 1470 1911 1493 non
1920 1460 1970 1502 effi·
1976 1455 2104 1501 permisi·

1202 1509 1290 1552 sum.
1317 1513 1511 1554 Quapropter
1519 1510 1748 1554 supplicabam,
1775 1519 1809 1544 ut
1819 1521 1878 1544 non
1890 1519 1964 1543 ante
1980 1507 2104 1553 senten-

1207 1565 1253 1592 tia
1265 1561 1427 1601 diceretur,
1454 1572 1544 1602 quam
1556 1572 1625 1603 quae
1636 1562 1705 1594 aaa
1713 1559 1789 1603 sunt
1800 1562 1846 1594 ad
1856 1572 1911 1594 vos
1929 1559 2106 1599 bea'tiffimos

1206 1607 1412 1650 referrentur,
1441 1618 1475 1643 ut
1497 1612 1568 1644 inde
1589 1609 1686 1649 vestra
1711 1609 1809 1653 causae
1820 1607 1947 1651 discuffio
1962 1607 2111 1651 servare--

1209 1668 1260 1691 tur
1274 1683 1282 1690 .
1308 1661 1402 1701 ‚Quod
1419 1660 1533 1692 dmum
1555 1665 1654 1704 magis
1665 1671 1712 1693 eos
1724 1660 1891 1692 adversam
1914 1669 1960 1692 me
1969 1658 2101 1700 amplisu·

1208 1712 1349 1740 incitavit
1361 1731 1372 1747 ,
1393 1715 1539 1748 putantes
1562 1709 1598 1740 de
1622 1707 1779 1751 sacrarum
1792 1707 1987 1748 Ecclefiarum
2000 1712 2104 1752 Regiae

1208 1755 1297 1790 Ur‘bis
1311 1759 1383 1797 jure
1407 1758 1528 1799 aliquid
1548 1762 1667 1797 minui,
1693 1756 2106 1800 quodegorAposiolicamve-

1202 1805 1299 1847 stram
1322 1807 1428 1840 §edem
1449 1805 1535 1850 visus
1554 1805 1624 1849 sum
1647 1807 1804 1850 nominaffi·
1828 1832 1835 1838 .
1863 1810 1988 1840 Etenim
2013 1808 2104 1848 dixi,

1210 1862 1282 1899 quia
1303 1855 1471 1889 authoritas
1485 1857 1571 1891 sedis
1588 1856 1776 1900 Apostolicae,
1802 1869 1869 1900 quae
1890 1857 1983 1892 dDeo
1996 1857 2107 1890 &sal-

1209 1915 1315 1940 vatore
1338 1906 1429 1946 nostro
1449 1906 1486 1946 est
1507 1905 1622 1949 summo
1637 1907 1834 1949 Apostolorum
1843 1908 1920 1940 daia
1933 1931 1944 1946 ,
1971 1905 2105 1941 omnibus

1204 1955 1382 2000 fundarum
1406 1956 1601 1997 Ecclefiarum
1620 1958 1792 2001 privilegiis
1813 1957 1986 1991 antecellit:
2012 1961 2049 1989 In
2058 1967 2107 1990 eua-

1211 2017 1259 2049 jus
1282 2006 1366 2048 conf
1360 2007 1395 2047 ff
1394 2017 1447 2040 one
1469 2018 1569 2040 omnes
1604 2009 1715 2041 Mundi
1737 2006 1925 2052 acquiescunt
1950 2005 2106 2049 Ecclest‘ae.

1210 2058 1362 2091 sententia
1384 2062 1476 2100 igitur
1494 2056 1572 2091 lez‘la
1591 2057 1708 2098 Justam
1730 2059 1826 2091 denua
1837 2055 1965 2098 vestram
1986 2058 2108 2091 audien·

1212 2111 1288 2138 tiam
1309 2107 1495 2147 imploravi,
1520 2107 1606 2148 apud
1628 2119 1720 2150 quam
1745 2108 1831 2141 nulla
1850 2107 2008 2148 cujuslibet
2017 2107 2107 2151 disee·

1209 2160 1309 2196 ptatio
1323 2153 1451 2195 'cestram
1459 2156 1555 2198 potest
1574 2150 1921 2199 disturbarejuftitiam‚
1942 2156 2002 2201 sed
2019 2162 2107 2192 timor

1213 2208 1270 2238 Dei
1291 2211 1343 2247 qui
1364 2205 1438 2246 ines}
1455 2211 1489 2239 in
1511 2205 1599 2240 vobis
1610 2230 1623 2248 ‚
1650 2206 1714 2252 ipse
1733 2213 1886 2250 unicuique
1890 2207 1973 2250 facit
1981 2217 2040 2250 per
2049 2218 2108 2242 vos

1208 2253 1288 2297 sua
1268 2266 1346 2294 jura
1369 2255 1499 2296 restitui.

1262 2303 1426 2338 Notanda
1447 2304 1523 2339 sunt
1546 2307 1667 2341 verba·
1692 2308 1903 2351 Supplicabam
1911 2318 1950 2342 ut
1961 2320 2020 2342 non
2032 2315 2109 2345 ante

1206 2351 1360 2396 sententia
1385 2355 1549 2396 diceretur,
1573 2368 1667 2399 quam
1691 2369 1758 2401 quae
1781 2357 1931 2401 ac‘i'afimt
1942 2360 2048 2393 advos
2060 2368 2108 2404 req

1204 2403 1383 2445 ferrentur,
1408 2413 1443 2438 ut
1467 2408 1539 2440 inde
1562 2407 1662 2447 vestra
1672 2407 1766 2452 causae
1777 2406 2108 2452 discuſjioservaretur.
2108 2414 2111 2419 '

1210 2451 1396 2496 Stephanus
1418 2455 1656 2498 supplicabat,
1682 2468 1719 2492 ut
1755 2458 1965 2501 Epiphanius
1987 2483 1998 2499 ‚
2024 2458 2107 2496 dum

1212 2503 1371 2537 Romanae
1402 2503 1516 2538 Sedis
1526 2505 1559 2538 ὅ(
1582 2504 1882 2542 Thessalonicensis
1903 2507 2031 2542 Vicarii
2058 2509 2106 2552 ju-

1209 2564 1243 2587 ra
1268 2552 1400 2588 volebat
1423 2553 1597 2596 invadere,
1625 2555 1738 2590 saltem
1759 2557 1844 2592 fixos
1871 2555 1950 2592 huic
1975 2557 2017 2592 ab
2043 2559 2106 2594 ista.

1211 2603 1330 2638 limites
1356 2613 1425 2637 non
1451 2604 1622 2640 excederet
1648 2632 1655 2638 .
1694 2607 1830 2642 Etenim
1856 2606 1916 2642 iste
1949 2607 2106 2643 Vicarius

1209 2652 1277 2688 fine
1303 2654 1419 2697 praevia
1446 2654 1488 2689 ad
1513 2654 1709 2690 Romanum
1735 2655 1936 2693 Pontificem
1965 2658 2104 2699 relatio·-

1211 2715 1252 2737 ne
1278 2728 1290 2744 ,
1314 2704 1348 2738 &
1374 2715 1452 2739 ante
1480 2717 1650 2750 acceptum
1677 2706 1767 2742 illius
1793 2708 2004 2753 Rescriptum
2029 2719 2103 2745 non.

1210 2763 1337 2797 poterat
1363 2755 1545 2801 Episcopos
1569 2755 1745 2802 degradare
1770 2783 1778 2791 .
1814 2758 1894 2793 Hoc
1921 2770 2006 2802 opus
2023 2766 2103 2805 'erac

1206 2815 1249 2838 ex
1275 2805 1439 2843 reservatis
1465 2831 1474 2839 .
1509 2807 1602 2840 Hinc
1629 2807 1688 2840 ista
1724 2808 1922 2852 supplicatio
1959 2810 2101 2844 offendit

1208 2855 1409 2899 graviffime.
1438 2855 1641 2900 Epiphanius
1665 2858 1754 2892 enim
1778 2870 1832 2902 per
1855 2859 1928 2894 istas
1942 2859 2099 2894 Ecclefias

1208 2916 1415 2948 nequaquam
1437 2906 1649 2949 Apostolicus
1672 2907 1823 2942 vicarius
1843 2910 1906 2943 esse
1926 2909 2100 2951 praetende-

1210 2955 1285 2995 bat,
1310 2955 1363 2989 sed
1386 2954 1595 2992 authenticus
1618 2956 1825 2992 Patriarcha.
1857 2958 1951 2992 Hinc
1970 2960 2097 2994 censuit

1207 3003 1410 3048 Stephanum
1434 3007 1643 3042 nominando
1666 3007 1897 3051 Apostolicam
1908 3008 2024 3043 Sedem
2035 3010 2099 3044 im-

1208 3056 1340 3100 pingere
1363 3055 1397 3089 in
1426 3055 1495 3100 jura
1520 3057 1899 3101 Constantinopolitanae
1925 3059 2095 3095 Ecclefiae.

1207 3105 1412 3150 Epiphanius
1432 3106 1474 3141 ab
1496 3107 1667 3142 Acaciano
1681 3107 1852 3143 schismate
1862 3107 1957 3154 plene
1969 3111 2097 3145 recesse-

1206 3166 1273 3195 rat,
1298 3156 1495 3202 plenamque
1518 3157 1677 3191 Romanae
1698 3157 1847 3193 Ecclesiae
1867 3159 2096 3195 obedientiam

1206 3207 1311 3240 fuerat
1332 3206 1422 3249 juxta
1435 3208 1653 3250 praescriptum
1674 3208 1708 3242 &
1721 3210 1939 3244 transmissum
1950 3211 1967 3244 ὲ
1980 3209 2096 3244 Ponti·

1206 3257 1267 3291 fiee
1292 3256 1472 3290 Hormisda
1506 3257 1656 3292 libellum
1692 3259 1882 3295 solemniter
1913 3261 2095 3303 professus,

1207 3307 1348 3351 ideoque
1361 3306 1548 3341 nullatenus
1560 3309 1646 3343 circa
1659 3307 1814 3354 Papalem
1824 3310 2029 3345 exorbitabat
2040 3321 2093 3353 po·

1206 3357 1387 3398 testatem,
1414 3356 1469 3391 sed
1499 3358 1669 3394 dumtaxat
1702 3360 1790 3395 circa
1820 3358 2093 3395 Patriarchalem

241 3411 320 3438 -nec
342 3402 515 3438 Canonica
538 3404 733 3438 evocatione
743 3406 838 3445 usus,
850 3406 946 3441 alios
958 3406 1140 3442 Provinciae
1208 3407 1251 3442 Et
1273 3407 1353 3442 hinc
1376 3407 1606 3453 undecumque
1632 3411 1755 3444 auxilia
1768 3409 2011 3452 sibiexquirens
2027 3409 2093 3442 Stei-

341 3450 462 3494 *Christ
473 3457 553 3498 Lupi
563 3458 661 3497 Opera
672 3456 697 3485 T
697 3465 751 3488 om
763 3457 845 3488 Vin.

1651 3458 1693 3493 M
1745 3470 1765 3507 3
1970 3456 2043 3501 pha-
