2326 3718
384 132 502 186 ⁷268

323 228 457 263 omnia.
488 227 532 260 Et
547 225 703 260 Canones
721 224 875 262 Nicaenos
887 225 1051 261 intellexit
1070 219 1219 267 peffime.

326 277 428 323 Qod
458 276 547 310 enim
570 275 605 311 hi
629 276 795 311 Romanas
825 276 1061 322 appellationes
1082 284 1151 306 non
1162 271 1221 304 cir-

325 326 567 367 cumscribant,
592 328 637 361 est
661 327 759 362 nimis
781 328 1008 371 exploratum.
1036 324 1146 357 Etiam
1177 323 1219 355 se-

323 377 494 420 metipsam
507 379 623 412 evertit
638 378 695 412 isia
706 378 874 421 Synodus.
904 374 1064 408 Africana
1077 383 1219 416 namque

322 425 469 464 Ecclesia
499 428 546 462 est
581 428 727 463 Romani
770 423 1010 458 patriarchatus
1040 424 1194 457 Dioecelis
1207 446 1218 462 ‚

321 477 464 522 ideoque
491 478 666 513 Romanus
682 475 837 510 Pontifex
861 475 905 508 est
928 474 995 518 ejus
1008 472 1194 507 Patriarcha
1206 496 1216 511 ,

319 539 363 562 ac
382 529 549 572 supremus
576 525 874 569 Metropolitanus.
904 524 1048 558 Proinde
1059 524 1099 556 ad
1112 524 1214 565 ipsum

318 579 500 622 appellatio
512 591 553 614 ex
569 577 661 612 nullo
672 577 784 609 colore
805 575 914 619 potuit
935 573 1106 618 Episcopis
1120 572 1214 607 inter·

318 629 402 662 dici.

366 679 501 713 Praefata
534 676 670 720 epistola
704 675 843 710 affirmat
877 673 1031 709 Nicaenos
1059 672 1213 706 Canones

316 728 409 762 fuisse
432 729 467 762 in
488 727 637 761 Africam
651 726 849 761 transmissos
861 726 877 759 a
891 725 962 758 solo
989 722 1120 767 Cyrillo
1135 723 1211 758 Ale-

313 778 505 817 xandrino,
530 776 667 820 soloque
679 775 798 811 Attico
825 775 992 818 Episcopo
1023 772 1209 807 Constanti-

313 828 513 870 nopolitano
536 851 543 859 .
567 826 779 869 Antiocheni
812 825 938 860 nullam
975 823 1054 859 facit
1080 834 1211 857 memo-

314 877 397 912 riam
411 903 419 912 .
448 877 632 912 Rationem
644 877 766 911 adduxi
780 875 922 920 superius
935 900 943 907 .
972 873 1131 910 Aurelius
1144 873 1209 907 Pri-

312 937 384 962 mar
403 927 439 962 in
463 928 550 964 sexta
566 926 818 971 Carthaginensi
839 923 996 969 Synodo,
1022 923 1209 967 &ejusdem

310 977 439 1021 Synodi
453 978 493 1013 ad
507 978 659 1012 Sanstum
679 976 890 1011 Bonifacium
903 974 1104 1010 Pontificem
1125 973 1209 1008 rela-

310 1028 361 1064 tio
388 1026 636 1064 Antiochenam
657 1026 834 1062 Ecclesiam
846 1036 1041 1070 praeponunt
1065 1023 1207 1059 Alexan-

308 1077 411 1112 drinae
424 1103 432 1111 .
459 1078 563 1114 Poffit
576 1076 716 1119 evenisse
730 1079 820 1112 casu.
850 1075 976 1111 Possint
986 1075 1087 1111 etiam
1103 1084 1205 1109 atten-

306 1125 389 1161 disse
403 1125 622 1163 Antiochiam
633 1128 729 1163 fuisse
739 1128 877 1172 primam
888 1124 991 1162 Sancti
1004 1125 1092 1159 Petri
1118 1127 1204 1169 Apo-

304 1176 384 1212 stoli
397 1201 410 1220 ‚
436 1190 504 1213 non
518 1189 574 1222 per
587 1177 761 1213 Vicarium
773 1176 969 1219 discipulum
982 1199 994 1216 ,
1020 1174 1120 1210 sedin
1133 1186 1204 1218 pro·

304 1228 373 1272 pria
397 1229 532 1272 perspna
555 1227 775 1264 cathedram.
807 1226 941 1271 Insuper
968 1224 1126 1260 Afrorum
1140 1224 1203 1258 isto

301 1287 452 1320 tempore
474 1277 629 1322 Episcopi
655 1276 840 1312 habuerunt
866 1274 1034 1309 modicam
1047 1272 1202 1307 similium

302 1335 411 1361 rerum
426 1327 581 1362 notitiam
593 1352 601 1358 .
628 1326 748 1360 Infelix
761 1325 898 1372 epistola
905 1322 997 1358 addit
1012 1346 1024 1363 ,
1048 1323 1140 1367 quod
1150 1323 1199 1357 ln‘

301 1377 479 1411 nocentius
500 1375 697 1419 Presbyter,
724 1387 762 1410 ac
783 1373 963 1410 Marcellus
991 1373 1201 1408 Sub-Diaco-

300 1435 363 1460 nus
390 1425 547 1461 Nicaenos
568 1426 745 1467 Canones,
769 1435 854 1470 quos
874 1435 915 1459 ex
928 1423 1068 1460 Oriente
1077 1422 1200 1458 detule-

297 1485 375 1510 rant
389 1477 426 1510 in
437 1476 585 1511 Africam
599 1500 610 1516 ,
626 1476 726 1513 etiam
737 1474 914 1511 detulerint
930 1474 1077 1509 Romam
1089 1474 1130 1508 ad
1141 1474 1199 1507 Pa-

297 1522 376 1570 pam
390 1526 600 1562 Bonifacium
611 1551 620 1560 .
648 1526 702 1561 Ex
713 1537 781 1570 quo
792 1525 986 1571 colligitur,
1011 1524 1102 1567 quod
1123 1525 1199 1559 San·

295 1576 367 1611 &us
377 1576 570 1613 Bonifacius
583 1577 668 1620 ipsos
682 1576 824 1612 noluerit
837 1575 1002 1619 postulare
1026 1575 1044 1609 e
1055 1574 1179 1612 Graecia
1189 1598 1197 1607 .

292 1623 405 1661 ‘Porro
426 1625 560 1666 Atticus
581 1625 978 1670 constantinopolitanus
1016 1625 1199 1669 Episcopus

290 1675 383 1714 obiit
405 1677 515 1721 quinti
538 1677 644 1713 saeculi
658 1688 748 1713 anno
760 1676 921 1721 vigesimo
936 1676 1055 1718 quinto
1068 1699 1079 1715 ,
1107 1675 1198 1709 sexto

295 1727 375 1766 ldus
395 1727 551 1762 Ostobris
567 1752 575 1760 .
603 1728 681 1762 Erat
701 1738 809 1762 annus
846 1724 1004 1761 secundus
1031 1725 1196 1760 Caelestini

294 1776 492 1815 pontificis.
520 1777 642 1813 Infelix
664 1777 724 1812 ista
749 1775 888 1821 epistola
915 1776 1044 1810 videtur
1064 1775 1194 1819 junior.

296 1828 436 1866 Etenim
455 1827 533 1869 illa,
554 1839 630 1870 quae
652 1827 739 1862 circa
766 1827 942 1871 Apiarium
956 1850 968 1867 ‚
994 1826 1029 1858 ὃ(
1059 1837 1195 1860 omnem

294 1878 385 1916 hanc
404 1879 498 1913 litem
520 1877 714 1913 Caelestinus
737 1879 807 1922 egit
828 1903 839 1919 ,
867 1875 1020 1911 videntur
1051 1877 1195 1922 exegifle

295 1938 407 1964 moras
434 1929 594 1974 longioris
616 1929 790 1972 temporis.
819 1927 923 1975 Qod
937 1927 1043 1970 ipsum
1062 1926 1195 1960 firmant

295 1979 465 2022 sequentia
484 1978 628 2022 epistola».
649 1977 772 2012 verba:
797 1981 887 2010 Nam
906 1977 944 2009 de
972 1980 1085 2009 Fratre
1106 1975 1196 2014 nostro

296 2028 439 2069 Faustino
450 2053 460 2068 ‚
489 2038 585 2061 amoto
601 2030 672 2070 jam
689 2025 817 2069 prosuis
845 2025 990 2067 nefandis
1006 2031 1145 2066 nequitiis
1159 2027 1195 2059 de

295 2077 422 2119 Ecclesia
438 2077 548 2117 Christi
558 2078 681 2111 dolendo
693 2081 814 2118 Aptario
823 2099 835 2115 ‚
858 2074 952 2117 ficari
961 2074 1084 2117 sumus,
1115 2076 1197 2117 quod

294 2139 381 2169 eum,
403 2127 555 2169 probitate
576 2137 611 2160 ac
634 2128 835 2163 moderatione
845 2134 907 2158 tuae
921 2124 1086 2157 sanelttan
1098 2149 1109 2165 ‚
1131 2124 1194 2168 sal-

294 2191 339 2212 va
351 2177 496 2220 fraterna
519 2176 670 2210 charitate
682 2200 693 2217 ,
714 2176 841 2209 alterius
865 2174 969 2217 Africa
981 2176 1102 2208 minime
1110 2174 1194 2218 susti·

296 2241 364 2262 nere
382 2233 540 2271 patiatur.
568 2227 747 2261 Affirmant
769 2225 899 2269 Apiarii
917 2225 1192 2270 degradationem

297 2280 391 2313 fuiffe
412 2277 546 2313 tandem
573 2278 762 2321 probatam,
788 2278 823 2311 δε
845 2275 1194 2309 confirmatamaSan—

297 2332 351 2363 sto
373 2328 550 2364 Caelestino
572 2350 584 2366 ,
609 2328 642 2360 δε
665 2326 859 2360 Faustinum
876 2322 1038 2368 Legatum
1068 2332 1124 2358 aut
1148 2335 1195 2358 re-

297 2379 391 2412 diisse
413 2379 582 2416 Romam,
607 2387 663 2410 aut
687 2375 782 2409 fuisse
811 2384 1017 2408 revocatum.
1048 2372 1091 2407 Et
1119 2374 1192 2407 Afri

298 2429 480 2473 supplicant
493 2427 646 2469 deinceps
657 2436 724 2459 non
739 2425 914 2469 inquietari
924 2423 992 2467 ejus
1001 2422 1192 2467 disputatio-

297 2479 396 2514 nibus
416 2478 458 2511 de
479 2476 657 2521 privilegiis
680 2476 839 2510 Romanae
851 2473 1021 2508 Ecclefiae.
1049 2474 1191 2508 Manife-

297 2529 382 2563 stum
406 2527 452 2562 est
474 2526 540 2566 haec
567 2525 680 2560 omnia
693 2537 761 2560 non
774 2524 914 2570 potuisse
928 2523 1036 2571 peragi
1057 2522 1193 2559 modico

297 2589 463 2622 tempore.

351 2630 434 2664 Haec
443 2626 578 2672 epistola
591 2626 690 2661 etiam
701 2634 860 2660 memorat
872 2626 1016 2671 Legatos
1026 2625 1045 2659 ὸ,
1056 2624 1172 2662 Latere
1184 2649 1192 2657 .

296 2679 441 2716 Eosdem
454 2678 564 2713 laudat
576 2676 611 2713 in
623 2676 737 2712 litteris
746 2674 785 2709 ad
798 2676 954 2710 Faustum
964 2700 974 2715 ‚
985 2674 1172 2709 Martinum
1182 2698 1194 2716 ‚

298 2731 334 2766 &
349 2729 432 2764 alios
444 2729 558 2773 Regiae
569 2727 710 2761 civitatis
732 2725 1036 2761 Archi-Mandritas
1048 2725 1193 2770 Magnus

128 2786 217 2827 Epist.
238 2791 282 2817 28.
298 2780 372 2817 Leo
379 2778 556 2813 Pontifex:
584 2779 709 2820 Propter
716 2774 931 2820 causamfidei,
942 2786 1034 2820 quam
1045 2774 1193 2813 Eutyches

297 2828 479 2874 perturbare
492 2833 627 2862 tentavit
641 2851 651 2867 ,
677 2828 714 2860 a'e
726 2830 835 2861 Latere
846 2837 907 2859 meo
918 2823 984 2867 misi
989 2850 1000 2866 ‚
1025 2832 1079 2868 qut
1091 2824 1194 2867 defen-

293 2877 725 2924 fioniveritatlsadfisterent.
750 2875 882 2911 Laudat
907 2876 1030 2919 Julium
1043 2874 1194 2909 Puteola-

300 2941 383 2966 num
411 2929 611 2973 Episcopum
635 2952 647 2969 ,
676 2928 846 2962 Renatum
869 2927 976 2962 Sancti
1009 2926 1193 2963 Clementis

301 2980 515 3016 Cardinalem
536 2977 764 3022 Presbyterum
776 3000 786 3017 ,
812 2989 850 3011 ac
862 2976 1017 3011 Hilarum
1031 2976 1195 3011 Cat-dina·-

303 3029 369 3065 lem
391 3030 585 3065 Diaconum
598 3054 609 3071 ,
634 3029 708 3063 suos
730 3026 771 3061 ad
794 3027 975 3062 secundum
994 3023 1194 3069 Ephesinum

304 3079 497 3114 Concilium
509 3079 671 3125 Legatos.
698 3077 767 3113 Eos
780 3078 935 3123 exprimit
947 3102 959 3117 ‚
984 3076 1141 3111 &laudat
1158 3077 1192 3109 in

304 3129 420 3163 litteris
431 3129 470 3164 ad
482 3130 648 3173 Julianum
663 3127 829 3163 Coensem
852 3128 1050 3172 Episcopum
1060 3151 1072 3170 ‚
1097 3135 1195 3170 atque

133 3190 220 3233 Epist.
244 3199 259 3229 3
268 3202 290 3222 ι.
304 3178 455 3222 adjungit
470 3192 477 3211 ε
501 3181 585 3223 ,Quos
598 3180 615 3213 ἒ
626 3181 736 3213 Latere
749 3189 811 3214 meo
823 3182 887 3212 vice
898 3188 963 3211 mea
974 3175 1053 3219 mist.
1078 3175 1191 3211 Tituli

304 3228 401 3272 origo
412 3228 458 3261 est
474 3227 492 3261 a
503 3229 662 3263 Concilio
672 3228 850 3264 Sardicensi
862 3252 874 3269 ‚
900 3228 1065 3263 sanciente
1086 3226 1194 3262 varios

304 3274 423 3314 modos
445 3299 457 3316 ,
482 3277 599 3318 quibus
624 3278 798 3313 Romanus
823 3277 985 3313 Pontifex
1019 3275 1193 3323 appellatas

303 3328 414 3364 causas
438 3325 532 3371 poffit
553 3329 741 3363 retractare:
767 3333 792 3362 Α
811 3334 934 3371 proprio
947 3331 1057 3364 Latere
1073 3326 1193 3367 presb,-

303 3388 381 3414 teros
391 3383 495 3411 mmat
508 3400 516 3409 .
542 3375 599 3410 Est
615 3375 729 3411 titulus
740 3387 910 3414 mutuatus
923 3377 948 3414 “e
960 3379 1117 3414 Romano
1132 3377 1193 3413 lm·

305 3429 397 3474 perio
411 3451 424 3470 ,
446 3427 480 3462 ὅ(
491 3437 568 3462 cum
580 3424 692 3462 multis
700 3425 771 3462 aliis
782 3426 925 3469 ejusdem
936 3427 1085 3464 formulis
1095 3430 1192 3462 trans-

855 137 939 184 De
973 137 1302 183 Amicam
1336 135 1644 184 Ecctesmz

1279 222 1363 256 latus
1383 222 1417 255 in
1434 221 1631 259 Ecclesiam.
1658 223 1751 260 Hinc
1771 225 1813 262 de
1833 227 2013 272 poenalium
2028 228 2063 265 in
2087 232 2158 268 Do-

1277 271 1529 317 natistaslegum
1541 275 1736 310 executione
1749 277 1857 313 scribit
1878 281 1913 313 in
1925 280 2030 316 Sanffi
2043 281 2162 326 Augu-

1278 323 1354 356 stini
1370 323 1437 357 vita
1448 323 1566 359 Beatus
1580 325 1741 360 Poffidius
1753 339 1760 358 ε
1783 330 1910 370 Propter
1922 333 2001 373 quod
2006 331 2160 373 perficien-
2174 325 2248 363 Cap·
2260 331 2305 361 ¹3·

1276 374 1346 405 dum
1357 375 1499 408 Honorius
1517 377 1533 409 ἑ
1546 379 1656 410 Latere
1671 375 1725 418 suo
1737 377 1900 411 Tribunum
1911 402 1923 418 ,
1946 382 1981 414 ὑ
1991 386 2158 417 Notarium

1277 424 1484 457 Marcellinum
1501 427 1546 459 ad
1565 426 1696 468 Africam
1709 428 1860 472 Judicem
1882 427 2002 471 miserat
2018 454 2027 464 .
2052 432 2097 468 Et
2119 432 2156 467 in

1277 475 1478 508 Francorum
1490 474 1622 511 historia
1634 479 1767 512 Sanetus
1780 478 1964 523 Gregorius
1977 479 2157 528 Episcopus

1274 524 1496 558 Turonensis:
1523 525 1601 567 Mifit
1610 531 1678 562 Rex
1688 527 1899 562 Innacbarlum
1911 531 1946 563 Θ·
1958 532 2156 575 scaptmum,
2173 521 2234 557 1⁰4·
2243 520 2326 556 0²¹3·

1269 580 1381 616 primos
1393 576 1430 608 de
1442 577 1552 609 Latere
1556 576 1610 619 suo
1620 601 1627 609 .
1661 579 1703 613 Et
1715 577 1898 613 Marculfus
1919 579 2107 616 Monachus
2120 584 2157 619 in

1273 625 1440 659 formulis:
1468 623 1618 668 Praesente
1639 629 1721 671 Mlffo
1739 629 1853 671 nostro,
1881 629 1986 669 lllustrt
2009 633 2156 673 vernulo,
2172 635 2326 671 1..1.c.4‹a

1272 686 1356 717 quem
1367 686 1406 709 ex
1419 675 1511 716 nostro
1523 680 1633 709 Latere
1643 678 1710 711 illuc
1713 686 1770 720 pro
1779 679 1831 713 boc
1841 682 2011 716 direximus
2020 706 2028 714 .
2055 681 2158 718 Plura

1275 725 1455 760 istiusmodi
1479 726 1667 761 testimonia
1699 727 1831 764 adducit
1861 732 1894 764 in
1924 732 1988 766 suis
2013 730 2161 768 Scholiis

1273 775 1501 818 Hieronymus
1532 777 1720 822 Bignonius
1742 802 1750 810 .
1778 777 1904 815 Phrasis
1925 781 1967 816 ab
1991 782 2156 826 imperio,

1272 827 1318 859 uti
1333 825 1374 860 ad
1388 826 1563 860 Ecclesiam
1576 851 1587 868 ‚
1614 826 1659 861 ita
1671 828 1803 873 quoque
1813 828 1947 866 devenit
1957 833 1998 867 ad
2010 832 2129 877 Regna
2147 858 2156 866 .

1272 876 1351 918 Ejus
1373 876 1526 911 virtutem
1548 876 1687 921 exponit
1711 879 1745 912 in
1769 880 2004 925 quadragesimi
2025 884 2157 927 septimi

1272 925 1388 960 Psalmi
1402 927 1611 962 enarratione
1623 928 1757 963 Sanetus
1768 929 1975 975 Augustinus
1988 945 1999 966 .-
2009 934 2153 976 ,Quicum-

1268 978 1325 1019 que
1336 977 1426 1010 alicui
1444 975 1591 1011 coba-rent
1607 1002 1618 1018 ,
1646 981 1760 1012 Latera
1771 978 1859 1022 spfius
1881 982 2021 1015 dicuntur
2032 1007 2040 1015 .
2067 986 2158 1015 Nam

1267 1027 1301 1064 Φ·
1313 1027 1350 1060 de
1361 1026 1510 1070 aliquibus
1531 1025 1698 1062 hominibus
1718 1028 1842 1077 solemus
1851 1032 1898 1064 ὶιᾶ
1919 1033 1999 1075 loqui
2011 1046 2023 1066 .·
2048 1033 2156 1066 Bonus

1267 1075 1350 1110 homo
1358 1076 1397 1118 est
1407 1101 1418 1118 ,
1440 1075 1498 1120 sed
1516 1079 1598 1112 mala
1610 1081 1724 1112 Latera
1743 1078 1852 1114 habet.
1881 1082 1919 1114 ld
1927 1083 1988 1122 est³
2012 1081 2079 1125 ipse
2090 1088 2157 1125 qus·

1267 1128 1334 1160 dem
1345 1127 1475 1161 bonum
1485 1127 1611 1169 praestar
1621 1151 1633 1169 ,
1653 1126 1714 1171 sed
1720 1129 1944 1174 magnificat,
1970 1138 2023 1174 qui
2044 1137 2071 1166 ei
2077 1131 2155 1176 sunt

1264 1176 1411 1217 conjunffl
1421 1200 1430 1209 .
1461 1179 1611 1211 Eumdem
1620 1183 1654 1210 ln
1662 1177 1736 1221 sens
1734 1190 1783 1212 um
1788 1178 1920 1222 secunda
1931 1180 2154 1225 Maeiftonenfis

1265 1226 1391 1267 synodus
1410 1225 1602 1267 reprehendit
1623 1225 1765 1269 quosdam
1775 1252 1786 1269 ,
1811 1235 1863 1271 qu!
1876 1233 1980 1264 Lateri
1990 1235 2082 1276 Regis
2097 1234 2155 1266 ad·

1266 1274 1395 1313 baerent.
1425 1275 1567 1321 Joannes
1588 1275 1740 1312 Morinus
1750 1277 1791 1312 de
1814 1278 1994 1321 Papalibus
2004 1279 2023 1314 ὲ
2034 1282 2150 1316 Latere

1265 1325 1399 1370 Legatis
1414 1325 1543 1361 scribit:
1569 1328 1600 1357 E
1611 1329 1722 1361 Latere
1741 1332 1823 1360 mim
1845 1327 1883 1368 est
1897 1331 1949 1362 vel
1966 1337 1980 1362 r
2001 1328 2154 1371 &familia

1267 1373 1443 1418 Pontificu,
1467 1385 1507 1410 ex
1528 1376 1708 1418 officialibus
1730 1378 1936 1415 &Procurato
1964 1379 2020 1413 bus
2047 1384 2153 1416 Dome-

1258 1424 1338 1465 sticls
1360 1431 1394 1458 in
1415 1433 1488 1468 opus
1505 1426 1629 1469 aliquod
1647 1428 1733 1472 eligi,
1761 1429 1797 1462 ὁ·
1812 1429 1974 1472 deputari.
2002 1429 2085 1465 Non
2097 1429 2152 1465 be-

1265 1475 1323 1510 ue.
1345 1474 1481 1513 Etenim
1494 1476 1599 1520 Julius
1610 1475 1813 1512 Puteolanus
1828 1479 2011 1524 Episcopus
2023 1480 2152 1525 nequiit

1262 1525 1353 1560 fulffe
1369 1525 1505 1561 eSanffi
1529 1526 1652 1562 Leonis
1681 1527 1808 1564 familia
1825 1552 1838 1568 ‚
1859 1541 1920 1564 nec
1940 1530 2010 1572 ejus
2025 1530 2153 1565 Dome-

1262 1577 1358 1610 sticns
1381 1576 1579 1611 Procurator
1605 1601 1617 1618 ,
1642 1576 1700 1613 au‘t
1725 1578 1888 1614 Officialis
1913 1604 1921 1612 .
1959 1579 2155 1617 Paschasius

1261 1626 1460 1675 Qes'nellus
1473 1626 1583 1673 scribit
1596 1641 1608 1661 .·
1633 1627 1765 1669 Mfflerio
1778 1653 1791 1669 ,
1815 1641 1882 1664 mea
1900 1631 2020 1673 quidem
2027 1628 2153 1674 flemen—

1259 1684 1324 1718 tia,
1350 1687 1464 1712 amcam
1478 1676 1544 1711 ¹baec
1554 1677 1671 1719 verba,
1691 1676 1803 1721 saltem
1823 1681 1903 1722 quad
1919 1678 2149 1725 adpraesentem

1259 1728 1349 1763 locum
1361 1733 1471 1761 attinet
1481 1752 1494 1767 ‚
1519 1738 1572 1761 nec
1584 1727 1841 1773 almdfigmficant
1852 1754 1865 1770 ‚
1890 1741 1982 1772 quam
1995 1753 2007 1770 ,
2032 1726 2128 1764 Hinc
2137 1753 2147 1762 .

1260 1778 1300 1810 Id
1306 1777 1345 1818 est
1355 1801 1367 1819 ‚
1391 1789 1430 1811 ex
1441 1777 1579 1815 hawrbe
1587 1803 1599 1823 ,
1629 1790 1666 1813 ea
1681 1778 1729 1811 his
1735 1779 1874 1821 partibus
1884 1803 1892 1811 .
1919 1779 1964 1814 Et
1974 1778 2092 1823 probat
2102 1790 2147 1814 ex

1259 1827 1370 1862 Graeca
1399 1828 1608 1872 epistolarum
1641 1829 1855 1863 translatione
1883 1854 1897 1871 ‚
1921 1829 2147 1864 verosimiliter

1258 1879 1341 1912 faeta
1364 1889 1420 1922 per
1442 1878 1610 1922 Julianum
1639 1878 1800 1915 Coensem
1828 1879 2027 1924 Episcopum
2050 1904 2063 1921 ‚
2088 1880 2147 1923 qui

1259 1928 1348 1972 istius
1372 1928 1515 1971 phrafios
1539 1929 1732 1964 Romanum
1753 1929 1944 1972 mysterium
1965 1941 2036 1965 non
2050 1930 2147 1974 poffit

1258 1977 1420 2021 ignorasse
1429 2002 1437 2009 .
1462 1978 1529 2014 Pro
1541 1977 1608 2012 istis
1620 1978 1757 2013 vocibus
1767 1978 1823 2012 ille
1834 1979 2006 2014 dumtaxat
2013 1978 2122 2024 posuit
2134 2004 2147 2020 ,

1256 2031 1349 2061 Hinc:
1377 2027 1580 2072 Respondeo
1591 2039 1688 2064 voces
1710 2040 1771 2063 nec
1781 2030 1866 2076 apud
1879 2029 2071 2065 Romanum
2084 2030 2148 2067 Im-

1257 2079 1406 2120 perium,
1433 2087 1495 2112 nee
1519 2079 1599 2114 item
1622 2078 1710 2122 apud
1738 2078 2015 2123 lacerae-onipso
2027 2079 2147 2125 Regna

1256 2127 1385 2161 vacasse
1395 2127 1554 2170 mysterio
1571 2151 1583 2169 ,
1608 2128 1753 2173 ideoque
1773 2139 1836 2164 nec
1846 2129 1933 2175 apud
1946 2129 2122 2165 Ecclesiam
2133 2153 2143 2162 .

1257 2176 1400 2213 Etistud
1423 2177 1616 2221 mysterium
1635 2179 1772 2213 Sanetus
1798 2176 2006 2225 Augustinus
2018 2178 2150 2214 abunde

1255 2229 1416 2269 exposuit.
1445 2228 1654 2274 Qapropter
1664 2230 1727 2263 esse
1741 2231 1828 2264 inter
1837 2229 2012 2264 Pontificis
2023 2229 2147 2263 Roma-

1256 2278 1290 2311 ni
1303 2278 1420 2316 Latera
1431 2277 1475 2310 est
1486 2279 1548 2311 esse
1559 2278 1610 2312 int
1616 2288 1650 2310 er
1660 2277 1726 2319 ejus
1739 2279 1772 2310 in
1787 2277 1948 2312 Romauae
1959 2277 2154 2315 Provincia

1255 2324 1464 2368 synod0,aut
1476 2326 1637 2361 Romanas
1650 2325 1799 2363 Ecclesiae
1809 2326 2013 2362 Consistorio
2026 2325 2142 2362 Adses-

1255 2376 1394 2410 sores-Et
1406 2374 1440 2408 hi
1449 2386 1542 2410 erant
1549 2376 1618 2419 ejus
1625 2375 1930 2420 Comprorineiales
1941 2374 2148 2423 Episcopi‚&

1254 2424 1444 2462 cardinales
1454 2423 1648 2469 Presbyteri.
1661 2425 1746 2460 Item
1758 2424 1919 2460 Romanae
1930 2424 2078 2460 Ecclesiae
2087 2425 2149 2459 Ar·-

1252 2474 1619 2523 chi·Diaconus.Qam
1630 2474 1827 2520 dignitatem
1839 2475 1978 2510 Hilarus
1986 2473 2078 2521 geffit
2087 2473 2148 2509 sub

1254 2527 1374 2560 Sansto
1382 2525 1505 2560 Leone.
1515 2526 1609 2560 Hine
1618 2525 1787 2560 Dulcitius
1795 2526 1954 2562 Notarius
1962 2536 2032 2560 non
2042 2525 2148 2560 mitto-

1255 2575 1348 2610 batut
1366 2576 1385 2610 ὲ
1399 2577 1518 2611 Latere
1530 2601 1537 2608 .
1563 2575 1639 2610 Nec
1658 2575 1740 2610 item
1764 2575 1954 2612 Cardinales
1974 2575 2142 2611 Diaconi.

1253 2626 1342 2678 Qia
1355 2625 1513 2661 Pontifici
1534 2622 1570 2659 in
1587 2626 1676 2661 sacro
1689 2625 1868 2661 Tribunali
1881 2650 1892 2666 ,
1919 2624 2120 2661 Consistorio
2130 2648 2144 2667 ‚

1254 2688 1311 2711 aut
1337 2675 1477 2720 Synodo
1498 2685 1670 2716 tunclnon
1691 2675 1869 2711 affidebant
1888 2701 1896 2709 .
1924 2676 2043 2711 Hodie
2064 2674 2144 2709 adfi-

1254 2726 1354 2761 dent:
1385 2726 1430 2760 Et
1450 2721 1591 2769 quidem
1610 2737 1688 2760 ante
1709 2726 1908 2772 Episcopus.
1936 2727 2020 2762 Item
2042 2722 2144 2759 hodie

1256 2777 1429 2815 Romanus
1438 2776 1598 2811 Pontifex
1608 2775 1664 2812 vix
1673 2776 1797 2812 adunat
1807 2775 1980 2820 Synodum
1992 2776 2053 2809 suc
2063 2773 2147 2809 Pro-

1255 2827 1389 2865 vinciae:
1417 2825 1573 2870 Pleraque
1598 2828 1668 2872 agit
1692 2827 1726 2862 in
1739 2825 1942 2862 consistorio
1954 2850 1961 2857 .
1991 2824 2036 2858 Et
2047 2822 2143 2858 isthic

1253 2878 1283 2913 ei
1294 2876 1440 2912 adsident
1451 2888 1570 2912 omnes
1583 2901 1595 2917 ,
1620 2877 1656 2913 δε
1669 2874 1946 2911 soliCardinales.
1976 2875 2072 2910 Hinc
2084 2873 2143 2909 ho—

1255 2927 1368 2962 die-illi
1380 2938 1497 2962 omnes
1515 2927 1549 2962 ὅ(
1561 2927 1620 2961 soli
1640 2926 1759 2972 poffint
1770 2925 1833 2960 effe
1845 2924 1963 2970 Legati
1973 2924 1990 2957 a
2003 2925 2122 2960 Latere
2131 2947 2141 2959 .

1255 2977 1400 3012 Proinde
1411 2976 1532 3022 Papale
1554 2978 1656 3012 Latus
1676 2973 1774 3011 hodie
1796 2975 1843 3009 est
1867 2974 1936 3017 ejus
1958 2973 2092 3009 adseffio
2105 2974 2143 3012 ia

1255 3027 1476 3067 Confistorio.
1506 3027 1634 3062 Eodem
1652 3024 1756 3061 modo
1776 3025 1900 3070 exponi
1913 3021 2035 3063 debent
2047 3023 2143 3059 Late·-

1254 3090 1290 3115 ra
1302 3079 1481 3115 Laicorum
1493 3077 1681 3120 Principum
1694 3100 1702 3109 .

1503 3226 1582 3336 {a
1817 3225 1895 3299 a

1912 3473 2090 3511 CAPUT
2124 3443 2129 3448 ¹
