2326 3718
368 118 471 169 '228

292 410 378 437 venit
389 430 400 446 ,
422 413 479 447 per
489 412 761 441 communicatorias
782 409 899 439 litteras
908 406 959 449 effe
967 408 1156 449 conjunctum
1164 433 1174 448 ,

287 455 343 488 ubi
351 463 479 497 paratus
489 457 553 500 esset
562 455 682 499 causam
694 458 788 489 dicere
796 477 807 493 ‚
827 454 856 495 fi
866 456 1044 499 Adversarii
1056 460 1120 499 ejus
1133 458 1174 490 ab

286 516 320 539 eo
330 506 400 539 illas
411 506 555 549 Ecclefias
573 509 704 540 alienare
727 514 903 538 conarentur
916 530 923 537 .
950 509 1036 550 ,Quia
1045 510 1113 550 ergo
1125 518 1177 541 ve-

290 561 357 590 nire
367 557 460 592 noluit
470 559 515 590 ad
522 555 680 599 hospitium
691 555 896 599 collegarum,
922 567 992 597 quos
1015 558 1035 588 ἃ
1043 554 1174 599 suisini·

287 611 373 640 micis
395 600 499 640 contra
511 611 670 639 veritatem
685 603 748 647 suae
770 603 863 648 causae
881 605 1039 649 perversos
1053 606 1174 651 effesen·

285 655 382 691 tiebat
393 657 446 692 vel
449 654 656 699 suspicabatur
667 678 678 694 ,
703 656 777 696 vel,
803 664 838 688 ut
849 654 905 697 ipfi
916 657 1046 699 afferunt
1057 680 1070 698 ‚
1087 656 1173 699 fimu-

280 707 370 740 Iabat
383 730 394 745 ‚
420 709 508 739 tanto
524 706 622 748 magis
646 706 796 738 secundus
808 729 819 746 ‚
837 705 870 747 fi
888 708 959 740 vere
977 713 1063 748 pacis
1084 708 1171 749 custos

282 756 495 799 esj‘evoluisftt,
519 766 626 789 cavere
637 754 739 789 debuit
751 779 762 795 ,
788 766 824 788 ne
834 757 1048 790 damnarentur
1069 757 1171 801 absen-

281 815 351 846 tes,
378 805 554 847 quijudicio
582 817 679 839 eorum
702 808 817 839 omnino
848 807 977 849 interesse
999 809 1170 841 noluerunt.

281 860 387 897 Neque
396 860 475 889 enim
487 857 525 889 de
538 856 720 895 Presbyteris
732 880 743 897 ,
754 865 806 889 aut
820 859 960 890 Diaconis
969 867 1042 898 ,aut
1053 858 1169 900 inferio-

277 911 325 939 ris
339 906 463 939 Ordinis
486 907 632 945 clericis,
655 904 714 949 sed
735 908 773 940 de
786 907 917 950 Collegis
929 908 1091 951 agebatur,
1118 914 1170 952 qui

272 957 385 1001 possent
395 958 519 989 aliorum
531 957 716 999 Collegarum
727 980 738 996 ,
760 955 932 999 prasertim
947 959 1168 1001 apostolicarum

277 1009 310 1041 Ε
312 1005 472 1047 eclesiarum
478 1008 592 1050 Judicio
599 1004 676 1048 caus
669 1019 719 1038 am
727 1004 815 1048 suam
833 1011 982 1051 integram
993 1008 1145 1052 reservare
1153 1034 1166 1048 ,

277 1056 331 1091 ubi
341 1066 446 1090 contra
468 1069 513 1090 eos
521 1056 682 1099 sententiat
701 1058 784 1090 datae
796 1062 830 1090 in
839 1057 974 1101 absentes
996 1060 1073 1093 nullo
1084 1062 1167 1093 modo

275 1107 394 1148 aliquid
403 1108 540 1141 valerent
550 1131 561 1147 ,
590 1108 710 1149 quando
725 1109 979 1148 eorumjudictum
1000 1121 1058 1143 non
1066 1113 1166 1151 primo

273 1159 393 1190 aditum
414 1157 513 1199 postea
537 1155 730 1199 deseruerunt
752 1182 762 1198 ,
786 1156 842 1200 fied
860 1157 1027 1201 suspec‘lum
1045 1159 1164 1203 semper

272 1206 412 1241 habitum
425 1208 580 1248 nunquam
589 1209 675 1240 adire
686 1208 843 1241 voluerunt
858 1233 865 1240 .
891 1214 964 1243 Haec
973 1221 1020 1243 res
1033 1213 1164 1243 maxime

269 1254 428 1305 sollicitare
450 1257 554 1290 debuit
575 1258 754 1296 secundum,
780 1264 833 1300 qut
852 1267 921 1291 tunc
941 1268 1008 1291 erat
1020 1262 1142 1292 Primas
1154 1282 1164 1298 ,

262 1306 457 1349 fipropmea
487 1307 649 1339 Concilium
671 1306 812 1349 regebat,
839 1316 874 1339 ut
888 1313 960 1348 pact
984 1308 1161 1351 consuleret.

270 1359 378 1390 Facile
399 1362 478 1389 enim
492 1354 625 1397 fortasse?
649 1355 759 1388 rabida
782 1361 816 1388 in
825 1355 960 1399 absentes
979 1369 1031 1391 ora
1038 1360 1162 1400 placata

269 1409 323 1441 vel
323 1406 466 1447 ftaenaea
477 1411 679 1448 comprimeret
691 1430 701 1446 ,
707 1405 738 1448 st
743 1407 855 1447 diceret
866 1420 877 1440 :
906 1409 1022 1442 Videtis
1034 1412 1161 1442 Fratres

262 1456 460 1500 Mtantam
474 1456 606 1500 stragem
622 1454 836 1499 persecutionis
858 1456 1055 1500 misericordia
1074 1461 1161 1492 Deir?

267 1508 463 1550 Principibus
469 1506 496 1550 s
489 1509 574 1541 aeculi
580 1515 685 1548 pacem
697 1508 749 1550 effe
762 1509 916 1551 conceffam
927 1533 937 1549 ,
952 1520 1010 1542 non
1020 1508 1159 1542 debemus

266 1558 500 1598 nos'Christiani
520 1560 556 1591 Θ
568 1556 865 1599 Episcopiunitatem
890 1559 1062 1600 dirumpere
1072 1559 1160 1592 Chri-

259 1608 393 1647 stianam
406 1631 416 1648 ,
443 1618 534 1649 quam
553 1609 632 1648 jam.
647 1609 794 1651 paganus
813 1619 871 1641 non
881 1607 1045 1652 insequitur
1057 1615 1162 1642 inimi-

262 1670 335 1692 cus.
363 1663 467 1700 Itaque
475 1666 530 1690 aut
541 1655 612 1697 istas
624 1662 725 1691 omnes
749 1657 854 1701 causas
866 1682 877 1698 ‚
902 1670 977 1702 quas
988 1660 1086 1693 clades
1100 1669 1159 1693 tur-

262 1709 449 1749 bulentiffimi
467 1712 607 1749 temporis
632 1708 746 1748 inflixit
770 1708 906 1750 Ecclefiae
931 1734 942 1750 ,
970 1712 1031 1743 Deo
1046 1711 1076 1753 J
1080 1711 1160 1744 udici

261 1761 480 1798 dimittamus,
506 1767 559 1791 aut
576 1754 604 1798 fi
620 1759 716 1800 aliqui
737 1762 772 1791 in
795 1758 881 1792 vobis
898 1759 980 1801 fint,
1007 1766 1059 1803 qui
1079 1771 1160 1794 certa

260 1810 381 1851 ‚storum
401 1814 527 1843 crimina
552 1810 598 1841 ita
620 1810 760 1842 noverint
776 1834 787 1850 ‚
816 1818 850 1842 ut
873 1820 908 1843 ea
925 1809 1025 1852 facile
1033 1811 1160 1844 valeant

254 1862 379 1894 »edocere
393 1884 403 1900 ,
430 1857 628 1902 negantesque
637 1865 808 1893 convincere
820 1884 831 1900 ,
857 1861 1012 1894 &talibus
1032 1872 1159 1895 commu·

262 1917 368 1944 meare
384 1909 579 1951 formidant,
599 1917 734 1953 pergant
749 1911 794 1943 ad
811 1914 939 1943 Fratres
965 1911 1001 1944 ζ’)
1022 1912 1159 1955 Collegas

264 1960 373 2001 nostros
387 1958 674 2003 Transmarinarum
699 1958 893 2001 Ecclefiarum
913 1958 1099 2003 Episcopos,
1126 1962 1160 1995 (ν’

253 2011 402 2054 ‘ibipriiss
423 2012 460 2044 de
471 2010 587 2050 istorum
603 2009 709 2042 Fallis
735 2011 963 2044 &contumacia
984 2022 1160 2054 conqueran-

261 2071 316 2095 tur
335 2087 346 2102 ,
372 2062 454 2104 quod
473 2061 520 2093 ad
536 2060 687 2101 judicium
708 2061 898 2104 collegarum
921 2059 1062 2101 Afrorum
1083 2063 1160 2094 male

258 2111 316 2154 fibi
328 2109 432 2154 conscii
441 2114 545 2144 venire
554 2110 707 2142 noluerunt
717 2132 729 2149 ,
750 2111 862 2142 atinde
872 2111 934 2142 illis
946 2110 1138 2144 denuncietur
1149 2136 1160 2151 ,

266 2169 299 2196 ut
323 2167 451 2195 veniant
464 2186 475 2202 ,
505 2159 604 2202 ibique
629 2159 750 2200 objeffls
773 2157 973 2202 respondeant
993 2186 1001 2193 .
1028 2162 1122 2205 ,Quod
1136 2160 1166 2202 si

267 2223 326 2245 non
331 2211 468 2254 fecerint.
475 2213 499 2251 ,'
515 2210 557 2244 ibt
567 2215 658 2243 etiam
667 2221 762 2243 eorum
769 2216 917 2251 pravitas
935 2212 970 2244 &
975 2210 1159 2252 perverfitas

267 2260 452 2304 innotescet,
477 2262 614 2304 mtffaque
639 2260 793 2292 Tras‘laria
811 2259 903 2302 super
927 2271 1023 2294 eorum
1045 2267 1161 2294 nomine

254 2350 258 2355 Ι
264 2320 322 2354 per
344 2320 436 2345 totum
449 2311 554 2344 Orbem
574 2319 746 2348 terrarum,
772 2319 956 2351 quacumque
969 2312 1040 2351 jam
1050 2310 1161 2350 Christi

269 2360 396 2402 Ecclefia
409 2361 541 2393 dilatata
554 2359 609 2400 est,
636 2359 675 2392 ah
684 2359 819 2392 omnibus
832 2359 968 2401 Ecclefiis
978 2370 1073 2393 eorum
1086 2372 1161 2393 com-

269 2417 369 2444 munio
402 2411 585 2453 praeeidetur
607 2434 617 2449 ,
650 2421 692 2442 ne
719 2410 829 2451 aliquis
850 2420 930 2443 error
950 2415 983 2444 tn
1006 2409 1162 2444 cathedra

270 2460 405 2502 Ecclefiae
426 2459 621 2503 Carthaginis
654 2465 767 2491 oriatur
793 2484 800 2491 .
826 2462 903 2492 Tum
926 2460 1044 2492 demum
1064 2457 1161 2503 securi

270 2510 451 2554 Episcopum
484 2511 576 2543 alium
601 2509 686 2541 Plebi
708 2507 906 2553 Carthagini&
932 2510 1161 2551 ordinabimus,

265 2574 334 2605 rum
347 2564 366 2594 ἰι
379 2570 439 2595 tota
451 2559 579 2602 Ecclesia
590 2559 635 2603 isti
641 2557 905 2607 separatifuerins
918 2584 929 2600 ‚
957 2560 1083 2603 neforte*
1095 2572 1160 2594 cum

269 2614 351 2646 alius
374 2613 456 2645 modo
473 2610 572 2653 fuerit
600 2611 754 2642 ordinatus
770 2635 780 2649 ‚
808 2621 865 2643 non
885 2616 911 2642 ei
935 2616 1160 2644 communicetur

271 2663 311 2696 ah
320 2661 443 2704 Ecclesia
457 2659 674 2703 Transmarina
688 2683 697 2698 ‚
720 2665 793 2702 quia
810 2659 860 2699 iste
882 2660 921 2692 ab
932 2659 1039 2694 honore
1049 2660 1160 2703 deposi-

272 2722 323 2746 tus
338 2724 394 2746 non
414 2712 586 2750 videbitur,
613 2722 697 2755 quem
712 2712 782 2751 jam
805 2711 977 2743 ordinatum
987 2711 1081 2751 fama
1093 2712 1158 2744 cele·

273 2763 378 2795 bravit
391 2786 401 2801 ,
432 2764 465 2795 (⁹5
477 2763 520 2793 ad
530 2773 596 2795 eum
613 2755 777 2794 'commeare
788 2757 1071 2794 'communicatorias
1084 2762 1159 2794 litte-

269 2824 326 2845 ras
342 2811 438 2854 fecit,
459 2819 548 2854 atque
572 2816 616 2845 ita
640 2822 780 2854 magnum
798 2809 976 2852 scandalum
991 2809 1160 2854 schismatis

274 2868 307 2896 in
317 2859 464 2895 unitatem
475 2861 588 2902 christi
603 2863 805 2904 jampacatis
825 2859 1005 2902 temporibus
1029 2867 1162 2902 ortatur,

274 2915 347 2946 dum
356 2913 548 2955 praepropere‘
564 2911 826 2951 nostras‘volumus
848 2909 1162 2954 praecipitaresenten·

274 2970 355 3002 stas,
381 2965 414 2997 ὠ·
427 2973 483 2996 non
509 2971 613 2995 contoa
638 2961 844 3000 cecilianum,
867 2959 924 3003 sed
942 2970 1045 2994 contra
1056 2961 1162 2995 Orbem

277 3021 441 3052 terrarum,
471 3018 522 3055 qui
534 3018 561 3046 ei
569 3021 625 3054 per
636 3017 837 3056 ignorantiam
846 3018 1038 3045 communicat
1050 3034 1062 3050 ,
1082 3013 1163 3044 Alta-

279 3071 310 3094 re
323 3063 448 3094 alterum
460 3070 567 3106 erigere
578 3064 744 3096 audeamus
756 3076 774 3093 .·
989 3072 991 3075 ’
1065 3073 1067 3077 ·

328 3111 459 3146 Sandius
483 3113 689 3156 Augustinus
709 3113 850 3145 affirmat
876 3110 1140 3146 &docetvaria
1155 3136 1162 3143 .

279 3161 394 3195 Primo
408 3186 418 3199 ,
445 3163 532 3203 quod
550 3161 860 3206 Carthago-habeat
884 3174 951 3196 non
964 3161 1098 3196 modicae
1111 3172 1163 3194 au-

277 3211 443 3245 thoritatis
466 3213 682 3255 Episcopum.
714 3211 846 3255 Utpoti:
857 3211 1043 3250 Exercitum
1063 3211 1166 3245 totius

278 3261 444 3295 Africana
466 3260 645 3295 Dioecefios
668 3287 675 3294 .
703 3262 857 3296 Secundo
881 3286 893 3303 ,
920 3260 1094 3306 quodz==ille
1126 3260 1163 3294 fit

278 3308 596 3346 tantae'authorieatis
609 3335 620 3349 ,
644 3323 682 3345 ut
692 3313 1011 3353 quamvisAftorum
1026 3310 1164 3344 Antisti-

278 3362 363 3396 mm}
374 3364 486 3394 contra
501 3360 532 3392 se
543 3361 784 3403 conspirantem
803 3362 1051 3396 multiwdiitem
1064 3362 1164 3404 P0sse‘

803 120 899 167 ,De
935 121 1258 174 AtntcANAE
1308 117 1619 164 Ecctcstffi.
1665 125 1667 127 ’

296 207 445 250 quipoffet
454 216 514 239 non
520 205 858 249 eume-mmmmm
871 209 1092 242 multitudinem
1116 212 1178 240 ini-

298 261 435 290 micorum
444 279 455 295 ,
470 267 536 289 cum
542 254 575 298 se
583 257 712 298 videret,
716 259 752 291 ὁ·
760 260 903 292 Romanae
913 257 1047 299 Ecclefiae
1055 280 1066 297 ‚
1078 263 1110 291 in
1119 269 1179 300 qua

291 304 410 348 semper
435 305 599 348 apostolicae
607 306 774 341 ,Cathedrae
794 313 890 351 viguit
903 310 1097 349 Principatus
1108 333 1119 348 ,
1144 308 1177 340 (5

292 358 410 388 caeteris
420 361 510 390 terris
521 380 532 397 ‚
554 358 639 390 'unde
659 355 754 400 ipsum
765 357 969 398 Evangelium
987 358 1033 390 ad
1043 358 1176 399 Africam

1239 204 1381 250 ideoque
1389 205 1480 250 juxta
1493 208 1723 253 apostolicum
1738 234 1749 251 ,
1775 210 1925 248 Gratiani
1949 211 2129 258 Imperato-

1232 255 1365 301 rislege
1375 256 1550 300 postmodo
1575 260 1839 302 confirmatum,
1856 262 2030 299 canonem
2053 272 2127 299 non

1239 306 1335 348 poffit
1345 306 1388 340 ab
1399 307 1465 341 illis
1475 309 1687 344 criminaliter
1696 310 1833 352 judicari
1844 335 1853 343 .
1880 312 1999 349 Tertio
2012 339 2022 355 ,
2032 314 2124 359 quod

1239 355 1439 400 ubicumque
1460 357 1618 400 judicatus
1640 361 1735 404 poffit
1755 371 1930 403 provocare
1951 364 1992 399 ad
2006 365 2124 400 Sedem

1239 406 1469 449 Apostolicam
1483 433 1490 440 .
1516 409 1666 458 Qum,
1691 410 1783 454 quod
1796 409 1861 445 hoc
1870 411 1980 448 locum
2003 413 2124 449 habeat

1241 467 1307 491 non
1329 457 1504 492 dumtaxat
1523 459 1557 493 in
1578 462 1648 505 ipso
1659 459 1916 506 Carthaginensi·
1929 462 2123 509 Archi-Epi-

1238 508 1356 550 scopo,
1385 506 1439 542 sed
1449 509 1594 544 etiamin
1607 512 1731 546 cunetis
1755 511 1914 545 Afrorum
1932 512 2123 557 Episcopis,

1236 567 1375 600 quorum
1396 557 1524 602 aliquos
1545 570 1621 596 cum
1630 561 1805 596 Ceciliano
1817 562 1997 597 Numidica
2007 561 2126 598 Secun-

1235 607 1433 650 disynodus
1447 610 1675 644 damnaverat.
1703 611 1823 646 Cunsti
1844 612 1963 655 poffint
1983 613 2137 647 suasca--

1235 657 1370 692 minales
1392 659 1502 693 causas
1525 658 1808 703 ApostolicaeSedi
1830 663 2003 697 reservare.
2031 662 2124 697 Audi

1234 709 1363 743 causam
1378 720 1394 742 .·’
1414 709 1503 756 Qia
1529 721 1599 743 non
1622 711 1696 745 sunt
1717 710 1930 756 Presbyteri,
1956 712 2125 752 Diaconi‚

1234 767 1289 791 aut
1323 759 1492 794 inferiores
1524 760 1646 795 Clerici
1669 784 1681 801 ,
1706 761 1761 795 sed
1787 761 1938 807 Episcopi
1961 789 1968 796 .
1996 762 2126 806 Nempe

1235 807 1390 843 Africana
1411 811 1616 855 consuetudo
1636 810 1724 845 solos
1747 810 1956 855 Presbyteros
1977 825 2015 847 ac
2039 813 2125 847 alios

1233 858 1401 900 Geticos,
1427 870 1635 904 nequaquam
1661 860 1842 904 Episcopos
1864 872 1952 898 vetat
1975 863 2016 898 ad
2029 862 2126 907 Apo-

1233 907 1381 943 stolicam
1403 911 1520 944 Sedem
1533 935 1544 951 ‚
1569 911 1738 946 autetiam
1757 912 1951 947 Generalem
1974 912 2125 947 Ecclefiae

1231 959 1404 1001 Synodum
1431 971 1626 1003 provocare.
1654 961 1787 1009 Qinto
1808 961 2018 1007 >Augustinus
2041 962 2125 997 affir-

1231 1019 1298 1042 mat
1309 1007 1408 1043 hosce
1419 1009 1671 1054 Episcoposnon
1684 1012 1920 1047 tantummodo
1932 1013 2004 1057 post
2016 1012 2127 1055 Syno-

1230 1059 1348 1092 nodale
1361 1060 1526 1103 Judicium
1538 1061 1572 1095 ὅ(
1584 1072 1748 1104 acceptam
1761 1062 1986 1097 damnationis
1996 1064 2126 1097 senten-

1228 1109 1329 1150 tiam,
1355 1110 1408 1143 sed
1432 1111 1532 1145 etiam
1554 1122 1631 1145 ante
1651 1123 1788 1146 omnem
1813 1112 1929 1155 judicii
1943 1113 2122 1157 ingressum

1228 1160 1314 1201 poffe
1341 1171 1381 1192 ex
1407 1160 1560 1204 legitimae
1579 1161 1822 1203 suspectationis
1842 1162 1935 1197 causa
1947 1164 2056 1197 taliter
2068 1174 2125 1206 ap-

1226 1208 1365 1249 pellare.
1393 1208 1520 1248 Sexto,
1548 1210 1638 1252 quod
1662 1209 1729 1244 haec
1750 1211 1996 1253 suspestationis
2026 1213 2123 1255 causa

1229 1269 1294 1290 non
1308 1257 1449 1300 potuerit
1472 1259 1630 1303 cognosci
1655 1270 1692 1292 ac
1715 1259 1846 1293 definiri
1860 1271 1914 1303 per
1923 1260 2010 1303 ipsos
2019 1262 2125 1304 sospe-

1226 1309 1327 1340 &atos
1343 1308 1523 1350 Episcopus
1535 1333 1546 1349 ‚
1571 1308 1626 1343 sed
1642 1319 1694 1351 per
1708 1320 1765 1343 eos
1776 1308 1922 1343 debuerit
1934 1310 2061 1344 traduci
2080 1310 2127 1344 ιὰ

1225 1358 1342 1392 Sedem
1355 1357 1584 1401 Apostolicam
1595 1384 1602 1391 .
1633 1358 1736 1404 Quod
1749 1359 1959 1403 suspectantes
1969 1370 2046 1394 aute
2053 1371 2126 1394 om-

1229 1407 1281 1441 nia
1304 1406 1479 1442 debuerint
1501 1409 1571 1442 illic
1591 1409 1744 1443 convinci
1757 1409 1797 1444 de
1817 1409 1934 1444 frivola
1948 1409 2127 1455 acillegiti-

1227 1469 1278 1491 ma
1291 1459 1498 1493 contumacia
1511 1483 1522 1499 ,
1547 1458 1582 1492 &
1597 1470 1654 1503 per
1666 1459 1892 1502 Apostolicam
1903 1458 2020 1495 Sedern
2043 1470 2126 1495 tune

1228 1508 1347 1542 remitti
1359 1508 1393 1542 δε
1404 1508 1561 1551 compelli
1572 1509 1613 1543 ad
1626 1507 1791 1543 Africanae
1803 1510 1931 1552 Synodi
1943 1509 2104 1553 judicium
2113 1525 2126 1541 .*

1227 1556 1374 1600 Septimo
1401 1559 1534 1592 Sanctus
1558 1558 1762 1604 Augustinus
1781 1560 1919 1595 affirmat
1946 1559 2124 1595 Africanos

1229 1608 1432 1652 Episcopus,
1460 1607 1540 1642 dum
1558 1619 1613 1652 per
1623 1609 1816 1644 Romanum
1831 1610 2036 1646 Pontificem
2050 1610 2123 1654 juffi

1229 1658 1346 1692 nolunt
1356 1658 1462 1693 redire
1472 1658 1512 1692 ad
1525 1658 1740 1694 domesticam
1762 1660 1959 1703 Synodum,
1982 1662 2046 1696 effe
2066 1671 2124 1704 pet

1226 1708 1369 1743 eundem
1390 1707 1589 1743 Pontificem
1609 1709 1815 1744 damnandos
1834 1720 1875 1743 ex
1889 1711 2120 1751 contumacia,

1226 1759 1260 1793 &
1279 1758 1375 1802 hujus
1401 1758 1567 1792 sententia:
1587 1758 1795 1794 Trastoriam
1817 1762 1879 1794 effe
1902 1761 2123 1795 transmitten-

1226 1809 1302 1843 dam
1324 1809 1365 1843 ad
1386 1819 1502 1843 omnes
1523 1808 1583 1843 sub
1605 1808 1691 1844 coelo
1712 1809 1872 1844 Ecclefias
1895 1833 1903 1842 .
1930 1810 1975 1845 Et
1993 1808 2059 1844 hoc
2082 1820 2124 1844 ne

1226 1861 1337 1902 aliquis
1348 1870 1429 1893 error
1450 1865 1565 1892 oriatur
1587 1865 1622 1892 in
1643 1858 1799 1893 Catbedra
1810 1858 1942 1902 Ecclefiae
1956 1859 2120 1905 Cartbagi-

1226 1915 1292 1944 nis.
1319 1909 1472 1943 Affirmat
1492 1907 1558 1943 hoc
1581 1911 1754 1952 praesertim
1776 1910 1970 1945 servandum
1981 1910 2120 1945 fuiffe&

1225 1960 1287 1994 effe
1303 1958 1530 1994 inVPrimatiali
1543 1956 1756 2004 Carthaginis
1778 1959 1921 1994 Ecclesia
1933 1985 1941 1992 .
1968 1961 2122 2002 Οᾶεινό,

1225 2020 1305 2044 ωηο
1330 2008 1462 2043 tandem
1483 2008 1592 2044 secure
1618 2008 1757 2054 potuisse
1780 2010 1961 2044 consecrari
1993 2021 2120 2045 novum

1226 2060 1448 2103 Episcopum:
1475 2058 1553 2093 Post
1570 2061 1687 2094 saetam
1697 2060 1989 2095 aurconfirmatam
2003 2061 2121 2105 prioris

1225 2109 1474 2144 damnationem
1497 2109 1516 2142 a
1541 2109 1695 2144 Romana
1710 2110 1866 2146 Ecclesia.
1892 2111 1986 2159 Qia
2005 2110 2122 2146 videli-

1224 2169 1278 2194 cet
1304 2171 1457 2203 perpetua
1476 2159 1641 2194 Africanas
1666 2160 1815 2195 Ecclefiae
1826 2162 2034 2196 consuetudo
2053 2161 2124 2196 Ro—

1225 2221 1328 2244 manae
1341 2210 1572 2244 damnatorum
1584 2211 1603 2244 a
1615 2211 1648 2244 se
1660 2209 1896 2253 Episcoporum
1907 2210 2121 2255 appellationi

1223 2261 1347 2303 semper
1371 2259 1490 2292 detulit
1513 2258 1687 2301 suspenfivi
1708 2260 1808 2292 etiam
1833 2261 1965 2293 effectus
1974 2269 2119 2294 reveren·

1224 2309 1303 2342 tiam
1314 2329 1325 2348 ,
1351 2306 1529 2351 postmodo
1551 2307 1781 2341 confirmatam
1792 2331 1804 2349 ,
1829 2308 1864 2342 δε
1878 2308 1919 2342 ad
1928 2319 2046 2344 omnes
2058 2308 2119 2342 Ec-
2185 2347 2187 2351 f

1223 2358 1330 2393 clefias
1350 2358 1519 2392 extensam
1546 2368 1600 2401 per
1611 2357 1815 2391 sardicenses
1826 2357 1982 2392 Canones
1994 2382 2004 2391 .
2029 2359 2120 2407 Qae
2147 2387 2152 2391 .

1223 2409 1339 2442 omnia
1357 2408 1528 2441 Romanas
1551 2418 1593 2441 ex
1616 2406 1731 2440 Africa
1743 2406 1980 2450 appellationes
1990 2406 2124 2443 interdi-

1223 2467 1304 2493 cunt
1333 2457 1481 2491 inferiori
1503 2455 1628 2496 Clero,
1653 2457 1689 2491 δε
1711 2456 1928 2502 patentiffime
1937 2457 2120 2493 asseverant

1225 2507 1351 2543 cunstis
1366 2507 1555 2551 Episcopis.

1274 2558 1401 2592 Eadem
1414 2559 1450 2591 in
1459 2557 1598 2601 epistola
1606 2559 1746 2596 Sanstus
1758 2557 1964 2603 Augustinus
1982 2557 2119 2594 demo&

1224 2609 1301 2643 strat
1312 2608 1608 2653 Carthaginensem
1619 2633 1630 2648 ,
1641 2620 1710 2653 quae
1722 2609 1890 2643 absentem
1909 2609 2121 2644 Cecilianum

1225 2656 1584 2699 attentavirdamnare,
1609 2658 1752 2693 Secundi
1778 2658 2006 2704 Tigifitaniin
2016 2658 2122 2703 priva-

1226 2721 1258 2743 ta
1281 2707 1384 2744 domo
1403 2708 1597 2743 celebratam
1609 2710 1784 2752 Synodum
1796 2720 1865 2744 non
1886 2710 2119 2751 fuiffecompe-

1225 2770 1351 2793 tentem
1363 2770 1400 2792 ac
1413 2759 1596 2802 legitimum
1608 2759 1772 2802 Iudicem,
1795 2769 1893 2803 atque
1901 2758 2120 2802 prosequitur:

1226 2809 1349 2853 ,Quibus
1360 2809 1497 2842 omnibus
1522 2809 1606 2842 rebus
1624 2820 1690 2843 cum
1710 2821 1779 2849 eos,
1803 2808 1991 2842 Secundum
2003 2807 2119 2851 &eJus

1218 2858 1392 2898 ‘Affecla=s>‚
1418 2871 1475 2892 non
1497 2871 1585 2893 veros
1603 2861 1736 2905 Judices
1759 2881 1770 2898 ,
1791 2856 1850 2899 sed
1869 2863 2005 2891 inimicos:
2020 2866 2117 2899 'atque

1225 2918 1372 2952 corruptos
1385 2911 1554 2943 cecilianus
1564 2909 1727 2951 conveniffe
1749 2906 1947 2950 cognosceret,
1974 2908 2117 2950 quomodo

1224 2960 1404 3004 fieripoffet,
1429 2969 1464 2993 ut
1476 2961 1528 2993 vel
1538 2957 1599 3002 ipse
1610 2959 1723 2997 vellet,
1750 2959 1801 2991 vel
1812 2958 1943 2999 Populus
1955 2981 1966 2996 ‚
1991 2961 2114 2999 cuipre-

1217 3009 1333 3051 fidebat
1346 3034 1358 3051 ,
1379 3015 1562 3052 permitteret
1582 3033 1594 3049 ,
1617 3016 1652 3040 ut
1673 3007 1778 3041 relic'la
1797 3006 1925 3048 Ecclesia
1946 3013 2003 3040 iret
2016 3013 2049 3040 in
2067 3008 2116 3040 do·

1225 3072 1307 3096 mum
1311 3067 1475 3103 privatam
1484 3083 1495 3099 ,
1522 3068 1580 3091 non
1590 3059 1775 3101 collegarum
1787 3056 1990 3100 discutiendus
2000 3062 2113 3091 exami-

1225 3121 1260 3143 ne
1276 3122 1295 3150 ,¹
1307 3109 1366 3153 sed
1378 3109 1532 3144 Fac‘lionis
1552 3117 1659 3148 cuneo,
1685 3110 1719 3141 &⁵
1729 3109 1805 3140 odiis
1817 3107 2008 3141 muliebribus
2026 3110 2114 3140 truci-

1224 3161 1346 3193 dandus
1359 3160 1372 3193 ?
1399 3162 1475 3190 Cum
1477 3155 1534 3198 fibi
1544 3158 1714 3201 praesertim
1725 3159 1842 3191 videret
1868 3158 1952 3199 apud
1962 3154 2113 3196 Ecclefiaem

1224 3208 1472 3252 Transmarinam
1484 3229 1496 3246 ,
1520 3209 1541 3240 ἂ
1559 3213 1696 3249 privatis
1707 3212 1875 3241 inimicitiis
1886 3231 1898 3248 ,
1929 3209 1965 3242 &³
1983 3206 2023 3239 ab
2033 3213 2114 3238 utra-

1222 3270 1284 3301 que,
1295 3266 1386 3300 parte
1405 3255 1579 3300 dissensionis
1601 3259 1753 3298 alienam,
1778 3263 1975 3299 incorruptum
1994 3256 2113 3288 &Inte-

1217 3321 1309 3354 grum
1331 3318 1459 3341 examen
1479 3305 1575 3350 causae
1595 3306 1661 3350 suae
1686 3319 1838 3341 remanere
1858 3332 1865 3339 .
1891 3307 1948 3339 Ubi
1973 3302 2005 3345 fi
2034 3303 2114 3337 nihil

1228 3356 1402 3401 Adversarii
1414 3368 1500 3401 agere
1512 3358 1628 3391 vellent
1638 3373 1656 3398 ,v
1675 3356 1768 3400 ipsise
1779 3358 1818 3390 ab
1827 3352 2047 3393 innocentiffima
2057 3358 2112 3386 Or-

276 3407 513 3448 conoemuere.z
534 3409 625 3458 Quia
647 3420 764 3453 nempe
782 3413 827 3445 est
850 3413 1003 3447 omnium
1012 3411 1164 3452 Psimas,
1215 3410 1275 3443 ‘bis
1284 3416 1434 3444 terrarum
1449 3408 1866 3451 communionepraecidercnt.
1890 3406 1923 3437 Si
1932 3411 2031 3438 autem
2048 3405 2110 3436 illie

1994 3463 2060 3488 lum
