2326 3718
98 1883 161 1916 1.ib.
193 1891 205 1912 1
213 1890 238 1919 ς.

97 1924 174 1963 cap·
189 1933 236 1959 44·

707 137 991 184 Romanus
1023 135 1610 181 APPELLATIONIBUS.

249 221 398 257 mififfet.
426 217 589 254 Videntur
611 219 752 263 profiteri
773 218 858 253 istud
880 218 1002 263 ipsum,
1031 217 1121 262 quod

249 268 422 314 postmodo
435 269 648 304 Antiochena
662 269 851 304 Eusebianae
862 270 1010 303 factionis
1021 269 1123 312 Syno-

248 320 309 356 dus
321 320 440 363 scripfit
452 320 493 355 ad
514 321 667 355 San-stum
687 320 809 364 Julium
823 319 1039 354 Pontificem.-
1066 321 1123 352 In·-

247 371 405 413 concuffam
414 370 627 405 authoritatem
649 369 739 403 habet
761 371 896 413 quaelibet
916 371 1041 410 synodus
1052 393 1078 408 ,.
1089 370 1123 402 Θ

247 422 450 454 contumeliose
460 428 561 464 agitur
570 432 633 454 cum
636 425 668 465 J
669 422 846 462 udice‚cu7'us
851 423 995 463 judicium
1005 418 1045 451 ab
1057 419 1124 451 aliis

248 477 442 504 examinatur
457 496 464 502 .
491 471 613 518 Eadem
633 471 778 505 Romani
800 472 887 505 Cleri
913 469 1007 504 verba
1030 478 1123 512 urget

249 520 392 564 Joannes
403 521 581 564 Launojus,
589 521 623 554 ἀ
632 531 673 554 ex
683 521 756 565 ipsis
765 522 905 556 confidit
916 522 946 555 se
958 519 1000 554 de
1010 519 1126 553 Sanno

249 567 416 614 Apostolo
426 570 524 605 Petro
534 570 713 615 gloriosum
724 568 1127 615 triumphare-Respondeo

249 620 346 655 istam
362 620 575 655 Eusebianam
584 632 621 655 ac
629 621 866 656 schismaticam
873 620 1019 666 regulam
1028 618 1124 652 abun·

250 668 423 706 derevinci
443 669 643 713 &Rescripto
657 671 780 706 laudati
803 672 995 705 Pontificis.
1026 667 1127 701 Aliud

249 721 297 755 est
308 731 538 766 quancumque
561 721 752 755 sententiam
774 722 935 756 retractari
945 720 962 753 ὲ
976 718 1128 763 superiori

250 771 386 813 Judice,
411 771 499 804 aliud
511 771 555 804 est
576 770 691 812 justam
711 771 902 805 sententiam
923 769 964 805 ab
988 771 1058 813 ipso
1071 770 1130 803 cir-

250 820 406 854 cumduci
430 821 465 855 &
485 820 665 855 exsufflari:
692 820 807 856 Solum
830 822 984 864 posterius
993 821 1037 854 est
1052 820 1130 866 infe-

251 870 347 904 rioris
369 871 492 915 Judicis
513 870 730 905 contumelia.
756 867 810 905 Ex
822 871 1017 914 Apostolico
1040 870 1129 903 enim

252 919 393 954 Canone
402 920 540 954 Nicaena
552 919 705 961 Synodus
732 920 837 953 sanxit
850 921 868 954 a
882 920 1036 962 superiori
1047 916 1131 961 Iudi-

251 959 292 1003 ce
304 981 372 1003 non
385 969 446 1002 effe
455 968 645 1009 solvendum
657 968 826 1004 vinculum
838 993 849 1008 ‚
875 970 932 1003 nisi
946 969 1036 1013 quod
1055 980 1132 1012 pro-

251 1017 424 1051 cesseritex
437 1016 601 1050 inferioris
611 1015 733 1060 Judicis
746 1019 1031 1062 pusillanimitate,
1056 1030 1133 1053 con·

251 1066 402 1101 tentione
417 1091 428 1107 ,
454 1076 511 1100 aut
534 1067 602 1102 alio
626 1067 712 1102 vitio
725 1093 732 1100 .
760 1069 809 1104 At
832 1068 909 1104 vero
924 1068 998 1104 data
1011 1069 1133 1103 aPatre

250 1116 418 1160 Episcopo
430 1117 464 1150 in
477 1116 584 1153 filium
602 1116 810 1154 Marcionem
823 1121 980 1154 sententia
992 1130 1059 1154 erat
1078 1130 1134 1154 un·

250 1166 423 1210 dequaque
437 1165 625 1210 justiffima:
651 1168 745 1202 Hinc
770 1169 943 1205 Romanus
962 1170 1077 1204 Clerus
1090 1181 1134 1203 re·

251 1215 301 1250 ἂὲ
324 1217 466 1260 reposuit
486 1217 588 1261 ipsam
609 1216 628 1251 ἒι
643 1219 847 1255 sesineillius
869 1221 952 1264 juffu
966 1231 1034 1254 non
1046 1221 1135 1264 posse

251 1266 356 1308 solvi,
383 1266 469 1308 Iuste
490 1267 579 1302 enim
598 1267 739 1312 ligatum
763 1281 854 1306 reum
867 1270 991 1305 remitti
1007 1280 1135 1315 oportet

251 1316 294 1353 ad
303 1315 423 1358 jussum
433 1314 473 1350 ad
493 1316 730 1361 beneplacitum
756 1320 908 1365 ligantis.

301 1366 348 1399 Et
357 1364 425 1400 haec
435 1365 568 1410 quidem
589 1368 714 1404 solutio
724 1370 819 1413 poffit
832 1370 933 1405 videri
956 1371 1117 1406 sufficiens
1127 1394 1134 1401 -

251 1413 415 1450 Attamen
426 1427 475 1451 res
485 1417 531 1451 est
543 1418 687 1460 penitius
700 1419 956 1464 introspicienda
975 1447 983 1454 .
1010 1421 1135 1456 Notan-

253 1463 297 1499 da
309 1466 384 1502 sunt
393 1463 461 1500 haec
482 1468 588 1503 Sancti
603 1467 782 1513 Epiphanii
798 1470 895 1505 verba
905 1485 916 1505 .-
943 1474 1075 1505 Marcion
1087 1483 1136 1505 ex-

248 1513 418 1554 stimulatus
439 1518 564 1548 invidia
576 1539 588 1555 ,
613 1519 694 1558 quod
710 1529 768 1550 non
779 1520 950 1559 Principem
973 1521 1033 1550 illic
1045 1521 1137 1551 locum

254 1564 436 1606 impetraffet
449 1588 457 1596 .
484 1563 598 1599 Palam
608 1564 742 1600 edicunt
755 1591 766 1607 ,
790 1567 879 1609 quod
886 1567 1041 1602 Marcion
1050 1567 1138 1601 Pres-

256 1609 414 1652 byteralis
437 1611 575 1644 honoris
586 1613 825 1647 restitutionem
850 1627 920 1648 non
929 1617 1137 1658 simpliciter,

253 1657 312 1692 sed
329 1658 399 1692 illic
421 1658 539 1694 Romae
552 1659 699 1695 obtinere
709 1662 938 1705 postulaverit:
967 1664 1070 1712 Qod
1082 1676 1138 1707 po,-

254 1706 381 1742 stularit
392 1706 564 1752 Presbyter
574 1709 770 1746 incardinari
782 1713 817 1746 in
829 1714 1019 1748 Romanam
1028 1713 1140 1748 Eccle-

257 1757 338 1792 fiam
351 1782 359 1790 .
385 1761 512 1795 Etenim
527 1758 646 1803 suorum
671 1764 862 1804 Popularium
880 1764 995 1806 probra
1017 1765 1139 1798 &ludit

256 1807 326 1841 brta
333 1808 503 1851 nonferens
514 1833 525 1849 ‚
538 1822 578 1844 ex
590 1811 757 1854 Sinopensi
771 1814 905 1849 civitate
916 1814 1002 1848 clam
1025 1812 1138 1848 disces-
1157 1837 1159 1840 .

255 1858 361 1899 serat,
386 1858 527 1903 ideoque
538 1872 706 1905 nunquam
720 1863 852 1898 volebat
873 1864 914 1899 eo
924 1863 1043 1899 redire.
1071 1863 1139 1899 Vo-

257 1907 322 1943 luit
332 1907 450 1946 Romae
470 1910 637 1947 traducere
650 1913 767 1947 vitam.
800 1914 855 1948 De
866 1915 950 1949 alma
961 1914 1050 1949 enim
1070 1914 1139 1949 Ur-

257 1957 300 1992 be
315 1958 491 1994 Cornelius
500 1960 641 1996 Tacitus
651 1962 687 1996 in
699 1962 888 1999 Annalibus
907 1966 988 1999 reste
1001 1964 1135 2008 scripsit:

258 2009 329 2051 ,Quo
339 2009 441 2043 cuneta
451 2012 580 2054 undique
587 2018 698 2047 atrocia
707 2023 799 2057 atque
806 2016 950 2057 pudenda
969 2015 1115 2056 confluunt
1130 2040 1140 2056 ,

257 2058 513 2102 celebranturque.
539 2062 633 2097 Hinc
654 2064 754 2107 igitur
764 2065 864 2099 etiam
887 2067 1041 2100 Marcion
1061 2065 1141 2098 illuc

258 2118 330 2141 non
353 2109 526 2144 dumtaxat
545 2111 710 2145 confluere
733 2114 768 2146 ὃς
790 2125 935 2155 manere,
962 2115 1017 2149 sed
1041 2114 1141 2149 etiam

260 2155 413 2192 celebrari
428 2160 530 2193 voluit
543 2173 554 2193 .·
577 2161 650 2195 Effe
661 2161 703 2194 de
716 2163 815 2197 Clero
825 2188 835 2204 ,
856 2165 890 2198 ὅ(
902 2163 1035 2207 quidem
1045 2164 1141 2198 Prin-

259 2217 336 2249 ceps
348 2219 386 2241 ac
399 2207 587 2252 Presbyter.
615 2211 658 2244 Et
669 2209 735 2246 huc
744 2213 884 2255 respexit
896 2238 906 2254 ,
933 2214 1012 2247 dum
1024 2215 1059 2247 in
1080 2213 1140 2247 hae-

259 2256 354 2289 resim
374 2258 558 2301 prolapsus,
583 2260 713 2302 palam,
741 2261 846 2302 idest,
874 2261 1079 2306 impudenter
1102 2274 1140 2297 ac

258 2306 328 2340 fine
345 2307 455 2341 fronte
474 2308 562 2342 dixit
573 2310 614 2344 ad
628 2309 761 2345 Clerum
774 2325 785 2344 :
812 2315 874 2344 Cur
884 2318 929 2347 me
939 2318 1065 2355 recipere
1088 2325 1142 2346 no-

259 2355 384 2395 luistis?
409 2358 453 2391 Et
477 2359 593 2394 Clerus
615 2362 780 2404 reposuit.-
806 2363 904 2396 Nobis
924 2365 1031 2406 iniussu
1056 2374 1143 2396 vene-

260 2406 352 2438 randi
374 2410 479 2440 Patris
501 2415 546 2441 tut
555 2409 660 2449 facere
683 2411 760 2450 istud
770 2423 827 2444 non
837 2414 905 2446 licet
917 2437 925 2445 .
952 2417 1068 2446 Contra
1076 2412 1141 2456 spe-

260 2454 443 2496 dlatt'fflmum
466 2461 492 2488 C
494 2460 615 2501 allegam
639 2458 759 2493 Patrem
771 2470 853 2494 tuum
864 2455 959 2496 molt‘r‘i
971 2462 1145 2505 nibllpoffu-

261 2515 348 2538 mus.
376 2506 492 2540 Sensus
518 2509 588 2542 est.-
614 2508 688 2542 Nec
710 2510 912 2553 justiffimam
922 2513 973 2547 tui
986 2512 1092 2547 Patris
1103 2510 1143 2546 de

260 2564 294 2589 te
306 2555 500 2591 sententiam
511 2558 771 2601 circumducere,
799 2571 860 2595 nec
883 2571 937 2602 te,
963 2562 1041 2596 licet
1063 2563 1143 2596 inte-

260 2615 317 2650 ger
337 2606 413 2639 effes
435 2632 445 2648 ‚
472 2607 507 2640 in
530 2609 678 2643 nostrum
699 2609 866 2645 cardinem
887 2612 954 2646 sine
975 2612 1041 2654 ejus
1061 2612 1142 2655 jussu

260 2656 426 2698 possumus
449 2657 619 2692 admittere
637 2684 644 2690 .
670 2660 762 2707 Qia
783 2672 900 2704 nempe
929 2662 1143 2706 Apostolicus

261 2705 383 2739 Canon
404 2705 548 2742 alienum
571 2709 738 2744 Clericum
758 2711 824 2745 fine
846 2713 967 2756 proprii
988 2712 1142 2756 Episcopi

261 2755 343 2799 jussu
355 2766 392 2790 ac
405 2756 524 2791 litteris
538 2768 622 2792 vetat
632 2759 674 2794 ab
685 2760 753 2794 alio
765 2761 932 2806 Episcopo
943 2762 1141 2797 incardinari

260 2806 297 2839 in
308 2806 396 2840 suam
410 2806 588 2842 Ecclesiam
601 2834 608 2841 .
635 2809 736 2844 Istum
748 2811 922 2847 Canonem
933 2821 1013 2847 tunc
1034 2812 1143 2847 omni·

262 2855 461 2891 noservabat
483 2856 581 2892 etiam
595 2859 750 2894 Romana
767 2862 910 2897 Ecclesia
924 2888 931 2895 .
961 2865 1004 2897 Et
1016 2860 1096 2897 hinc
1106 2861 1140 2896 in

262 2902 445 2940 haereticum
455 2919 492 2942 ac
513 2908 685 2945 barbarum
702 2912 846 2945 furorem
859 2913 963 2947 versus
980 2912 1141 2947 Ponticus

265 2952 416 2990 Marcion
426 2957 591 3001 respondit
603 2970 614 2990 .-
642 2960 799 3002 Ecclesiam
818 2962 946 3001 vestram
955 2974 1004 3007 ego
1014 2963 1141 3005 dissocia·

265 3000 302 3034 bo
323 3026 334 3042 ,
369 3017 403 3038 ac
420 3012 452 3039 in
470 3019 535 3041 eam
552 3007 767 3052 sempiternum
805 3010 936 3055 Schisma
958 3018 1119 3045 immittam
1132 3037 1139 3044 .

266 3052 382 3087 Sensus
399 3057 444 3090 est
469 3058 611 3093 lucidus:
641 3061 731 3107 Quia
754 3072 807 3095 me
830 3074 898 3096 non
912 3063 1011 3096 vultis
1023 3061 1141 3097 habere

266 3101 513 3147 Presbyterum,
538 3108 689 3152 equidem
712 3111 830 3146 Romae
847 3112 1066 3156 permanebo,
1094 3113 1141 3146 fu-

267 3161 357 3186 turus
383 3154 473 3188 vobis
495 3169 662 3202 perpetuus
682 3160 801 3203 hostis,
830 3162 981 3196 &vestrae
993 3162 1141 3198 Ecclesiae

265 3202 407 3237 crudelis
427 3204 596 3242 lacerator.
624 3210 690 3245 Uti
709 3211 875 3247 Martinus
896 3212 1060 3248 Lutherus
1081 3212 1139 3246 Pa-

266 3263 379 3309 patum
390 3264 428 3288 ac
441 3253 665 3298 Apostolicam
684 3262 801 3297 Sedem
814 3264 942 3307 penitus
964 3264 1119 3298 suffocare
1130 3287 1140 3303 ,

268 3312 312 3336 tta
324 3302 476 3338 Marcion
489 3305 632 3340 minatus
640 3309 685 3343 est
695 3311 797 3354 ipsam
819 3314 958 3348 lacerate
980 3315 1141 3357 sempiter-

270 3362 317 3386 no
327 3350 496 3388 schismate
511 3379 518 3386 .
545 3355 591 3389 Et
612 3357 697 3391 certe
708 3365 878 3402 permansit
889 3364 1021 3398 Romae.
1048 3365 1140 3397 Hinc

269 3402 360 3442 enlm
380 3403 420 3437 de
432 3402 549 3438 Sansto
572 3405 746 3452 Policarpo
763 3412 871 3448 scribit
890 3414 925 3448 in
947 3412 1137 3449 Ecclesiasti-

372 3451 480 3494 Cbrist.
491 3457 571 3498 Lupi
582 3459 681 3498 Opera
691 3460 817 3494 T.V1n.

1922 147 1952 195 7
1964 153 1984 194 3

1181 224 1295 249 corum
1303 213 1502 256 Scriptorum
1515 212 1667 255 catalogo
1682 215 1815 251 Sanetus
1822 214 2060 259 Hieronymus:

1185 266 1355 305 polycarpus
1367 288 1378 304 ‚
1404 261 1562 304 Ecclesiam
1573 267 1604 294 in
1616 263 1690 296 Urbe
1699 275 1814 308 regente
1837 271 1952 301 Aniceto
1964 291 1976 308 ,
2002 271 2061 301 Ro·

1183 326 1263 348 mam
1283 320 1369 347 venit
1392 337 1403 354 ‚
1428 313 1480 346 ubi
1498 313 1645 355 plurimos
1667 315 1846 350 credentium
1860 341 1872 358 ,
1897 321 2059 359 Marcionis

1182 363 1361 409 persuafione
1373 365 1506 406 deceptos
1521 389 1531 405 ,
1557 364 1682 396 reduxit
1702 365 1746 396 ad
1748 365 1841 405 fidem
1854 390 1862 399 .
1892 359 2025 410 Cumque
2034 374 2061 402 et

1179 415 1309 458 fortuito
1319 414 1440 448 obviam
1449 414 1547 459 fuisset
1570 417 1723 459 Marcion,
1748 414 1782 446 (tt
1801 415 1927 456 diceret,
1954 425 2063 462 cogno-

1183 464 1242 509 scis
1258 476 1309 499 nos
1322 489 1333 506 ,
1358 463 1510 508 respondit
1524 477 1531 496 :
1560 461 1701 507 cognosco
1713 464 1945 507 Primogenitum
1958 469 2066 501 Diabo-

1187 517 1230 549 li.
1257 515 1402 560 Hygino
1421 515 1567 549 successit
1590 514 1702 555 Pius„
1729 512 1793 547 Pio
1814 514 1994 550 Anicetus:
2022 519 2066 552 Et

1188 566 1267 599 Pius
1278 566 1359 599 sedit
1370 577 1424 608 per
1437 576 1555 599 novem
1567 575 1674 599 annos
1686 589 1693 595 .
1719 564 1831 611 Qare
1843 565 1932 598 vides
1942 590 1953 605 ‚
1978 567 2067 609 quod

1189 616 1343 650 Marcion
1366 615 1483 650 Romae
1503 615 1613 649 firmus
1623 615 1854 658 permanserit,
1883 615 1916 649 &
1934 617 2069 658 pertina-

1191 667 1270 700 citer
1293 666 1467 710 perrexerit
1487 665 1623 700 lacerare
1657 664 1835 700 Ecclesiam
1856 689 1864 697 .
1889 666 1970 699 Haec
1995 667 2069 700 sunt

1192 716 1290 750 Sensa
1302 715 1409 750 Sansti
1431 714 1629 759 Epiphanii:
1658 715 1702 748 Et
1722 716 1810 759 quod
1827 715 1991 750 Romanis
2004 715 2071 759 Ap-

1194 764 1422 809 pellationibus
1434 775 1501 798 non
1514 765 1706 806 detrahant,
1735 765 1788 799 sed
1811 764 1885 809 ipfis
1901 765 1982 801 dent
1994 766 2074 805 luci-

1194 815 1356 849 dissimum
1368 815 1590 850 testimonium
1602 827 1639 850 ac
1650 816 1868 859 patrocinium
1879 840 1891 857 ,
1903 816 1964 854 «est
1983 817 2075 860 peni·
2100 856 2104 860 ⁸

1195 877 1246 900 tus
1260 865 1467 900 manifestum
1482 890 1490 898 .

1245 915 1403 951 Notanda
1425 918 1499 950 sunt
1521 916 1599 951 item
1622 916 1739 958 verba,
1766 915 1884 960 quibus
1905 917 2077 961 Romanus

1197 965 1314 999 Clerus
1324 967 1506 1000 Marcionis
1521 976 1644 1010 patrem
1655 966 1796 1011 appellat
1807 980 1819 1000 .·
1838 966 2078 1009 spet‘latiffimum

1196 1015 1347 1058 collegam
1358 1039 1365 1046 .
1379 1014 1568 1050 Ostendunt
1578 1017 1672 1051 fuisse
1682 1018 1844 1052 eximium
1857 1017 2057 1062 Episcopum
2066 1041 2079 1058 ,

1196 1077 1233 1100 ac
1244 1064 1447 1099 notiffimum
1460 1064 1620 1097 Romanae
1631 1066 1777 1101 Ecclesiae
1788 1092 1795 1099 .
1822 1068 1897 1102 Nec
1913 1067 2082 1112 ambigen-

1196 1115 1276 1151 dum
1287 1115 1331 1149 est
1343 1139 1354 1155 ,
1382 1114 1461 1158 quin
1484 1114 1517 1147 ὃς
1529 1113 1596 1156 ipse
1608 1113 1649 1147 de
1658 1114 1719 1148 filii
1730 1116 1943 1156 criminibus,
1970 1117 2010 1151 de
2022 1117 2081 1154 suo

1198 1167 1231 1199 in
1245 1166 1347 1209 ipsum
1360 1164 1491 1208 Judicio
1502 1187 1513 1203 ,
1542 1174 1579 1197 ac
1590 1163 1708 1198 frivola
1727 1163 1796 1206 ejus
1806 1166 2025 1208 appellatione
2047 1167 2082 1201 &

1195 1216 1272 1261 fuga
1285 1215 1461 1249 relationes
1472 1215 1617 1248 Romam
1638 1214 1865 1248 transmiserit.
1892 1214 2036 1249 Proinde
2047 1216 2082 1250 δε

1198 1268 1263 1310 ipse
1275 1266 1413 1310 agnovit
1426 1277 1462 1299 ac
1476 1274 1643 1298 veneratus
1665 1264 1711 1298 est
1725 1263 1803 1298 istas
1816 1263 2065 1308 Appellationes
2075 1276 2086 1296 ·.

1197 1315 1350 1361 ’Agnovit
1362 1315 1620 1350 retrastatorium
1641 1313 1802 1357 judicium
1823 1324 1890 1347 non
1907 1314 2086 1349 necessario

1197 1367 1261 1401 esse
1285 1365 1473 1401 faciendum
1495 1366 1531 1399 in
1555 1365 1685 1409 propria
1709 1364 1912 1405 Provincia,
1938 1363 1992 1399 sed
2015 1364 2087 1397 fieri

1199 1416 1342 1451 omnino
1355 1417 1443 1459 posse
1454 1417 1489 1450 in
1500 1414 1586 1450 alma
1602 1414 1699 1450 Urbe
1712 1440 1718 1446 .
1746 1414 1850 1449 Prout
1865 1415 2022 1459 placuerit
2034 1415 2086 1448 sa-

1200 1466 1397 1511 pientissimo
1410 1465 1556 1500 Romani
1569 1465 1724 1509 Episcopi
1733 1465 1868 1499 arbitrio
1885 1490 1892 1496 .
1902 1465 1995 1498 Hinc
2006 1466 2088 1498 item

1200 1517 1371 1556 discimus,
1402 1515 1490 1560 quod
1503 1515 1639 1551 viduata:
1661 1515 1824 1550 Romana:
1850 1515 2002 1550 Ecclefiae
2013 1514 2092 1548 Cle-

1201 1575 1254 1598 rus
1277 1566 1512 1608 appellationes
1535 1576 1615 1598 tunc
1641 1565 1850 1603 admitteret,
1876 1565 2021 1608 ipsasque
2041 1574 2091 1598 τε·

1201 1615 1368 1654 tractaret,
1396 1624 1434 1648 ac
1457 1612 1607 1647 definiret
1621 1638 1628 1645 .
1657 1612 1760 1658 Quod
1783 1614 1886 1656 ipsum
1908 1612 2015 1647 lucide
2027 1613 2089 1647 de-

1202 1662 1361 1695 monstrat
1379 1663 1520 1702 ejusdem
1541 1674 1599 1703 per
1619 1663 1729 1695 Sancti
1751 1662 1889 1696 Fabiani
1916 1662 2089 1696 pontificis

1203 1709 1401 1752 Martyrium
1414 1709 1561 1743 vacantis
1580 1709 1728 1743 Ecclefiae
1741 1711 1857 1744 Clerus
1868 1712 1902 1744 in
1916 1710 2090 1754 Rescripto

1202 1760 1243 1794 ad
1254 1760 1406 1794 Sanctum
1427 1758 1655 1802 cyprianum:
1686 1761 1781 1803 ,Quod
1788 1768 1887 1793 autem
1900 1766 2036 1802 pertinet
2046 1762 2092 1794 aa

1204 1813 1365 1844 Privatum
1387 1808 1650 1851 Lambefitanum‚
1671 1817 1728 1851 pro
1739 1818 1788 1843 tuo
1812 1810 2012 1852 morefecijlii,
2037 1814 2093 1854 qui

1202 1871 1264 1894 rem
1275 1860 1357 1893 nobis
1378 1859 1535 1902 Jollt'citam
1555 1865 1693 1893 nuntiare
1714 1859 1847 1899 voluisti.
1877 1865 1989 1895 Omnes
2009 1867 2090 1896 enim
2126 1858 2129 1861 ¹

1202 1921 1253 1944 nos
1273 1911 1351 1943 decet
1359 1917 1416 1952 pro
1439 1918 1554 1952 corpore
1574 1916 1664 1944 totius
1688 1909 1824 1952 Ecclefiae
1840 1912 1985 1945 excubare
1997 1938 2004 1944 .
2033 1911 2097 1946 Sea

1203 1973 1256 1994 nos
1268 1965 1360 1994 etiam
1380 1969 1451 1994 ante
1467 1962 1587 1994 litteras
1608 1960 1777 2002 tuasfraus
1790 1962 1893 1994 callidi
1902 1960 2033 1996 bomt'm‘s
2046 1965 2097 1995 la-

1203 2020 1263 2045 tere
1276 2014 1335 2044 non
1342 2016 1443 2053 potuit
1457 2036 1463 2043 .
1491 2015 1579 2044 Nam
1591 2022 1656 2044 cum
1666 2011 1792 2044 antehac
1810 2012 1934 2053 quidam
1947 2024 1985 2046 ex
2003 2011 2093 2055 ipsius
2110 2017 2196 2060 Epist·
2202 2024 2253 2058 302*

1203 2065 1345 2103 nequitia
1355 2060 1467 2094 cohorte
1479 2062 1603 2104 venisset
1613 2063 1795 2095 Vexillarius
1810 2064 1955 2104 Privati,
1983 2063 2094 2105 &fur-

1202 2118 1230 2142 to
1241 2123 1275 2144 ac
1277 2111 1494 2152 fraudulenter
1505 2113 1623 2145 litteras
1634 2113 1654 2142 a
1665 2111 1746 2145 nobis
1758 2112 1863 2146 elicere
1875 2122 1992 2147 curaret
2003 2139 2014 2155 ,
2039 2124 2093 2147 nec

1183 2162 1272 2211 {quis
1294 2159 1359 2202 effet
1380 2161 1491 2200 latuit,
1517 2171 1568 2194 nec
1592 2162 1733 2203 litteras,
1759 2173 1834 2203 quas
1847 2163 1990 2204 volebat,
2015 2175 2093 2197 acce-

1183 2217 1187 2249 ι
1200 2216 1268 2253 pit.
1296 2209 1445 2244 Privatus
1466 2210 1710 2246 Lambefitanus
1741 2211 1922 2256 Episcopus
1946 2215 2050 2248 fuerat
2071 2215 2092 2249 a

1204 2260 1366 2299 Donato,
1392 2260 1917 2305 SanstiCyprianiAntecessore,
1950 2263 2092 2298 damna-

1184 2318 1254 2342 .tus
1274 2321 1312 2344 ac
1334 2309 1548 2354 degradatus:
1577 2311 1621 2344 Et
1641 2311 1708 2353 ejus
1731 2313 1924 2346 sententiam
1939 2313 1970 2346 in
1984 2313 2093 2357 appel·

1203 2359 1325 2394 lantem
1342 2358 1512 2394 hominem
1536 2360 1670 2395 Sanetus
1695 2361 1860 2396 Fabianus
1881 2364 2094 2398 confirmave-

1203 2418 1251 2442 rat
1262 2434 1269 2442 .
1297 2408 1390 2444 Hinc
1402 2410 1459 2444 ille
1469 2411 1539 2454 post
1553 2409 1727 2445 pontificis
1742 2423 1882 2447 mortem
1893 2412 2014 2447 studuit
2026 2414 2093 2448 cirae.

1204 2459 1398 2493 cumducere
1421 2470 1595 2502 utrumque
1618 2461 1778 2502 judicium
1802 2475 1808 2493 :
1838 2463 1981 2496 Romam
2004 2464 2093 2498 misit

1205 2510 1264 2542 suae
1274 2507 1421 2543 cohortis
1435 2507 1655 2542 Vexillarium
1668 2533 1679 2549 ‚
1696 2511 1751 2551 qui
1771 2511 1942 2545 viduatum
1954 2512 2091 2548 Clerum

1204 2559 1239 2592 in
1262 2558 1355 2593 istam
1382 2558 1696 2592 circumductionem
1719 2559 2014 2596 circumscriberet.
2041 2566 2091 2598 At

1204 2608 1422 2643 fraudulentia
1445 2620 1513 2642 non
1536 2610 1679 2644 succeffit
1697 2633 1705 2641 .
1731 2609 1867 2645 Interim
1890 2610 1969 2646 hinc
1988 2612 2091 2648 etiam

1205 2659 1295 2693 vides
1322 2658 1495 2693 Africanos
1517 2669 1648 2702 quoque
1674 2659 1854 2705 Episcopos
1875 2663 1998 2706 semper
2020 2662 2092 2697 Ro-

1204 2720 1291 2743 mam
1314 2709 1517 2752 provocasse:
1548 2709 1620 2743 Nec
1642 2709 1814 2746 dumtaxat
1839 2711 1879 2746 ad
1901 2712 2090 2748 Dominum

1203 2758 1343 2802 Papam,
1377 2759 1428 2794 sed
1452 2760 1551 2793 etiam
1576 2760 1615 2794 ad
1629 2760 1799 2795 viduatum
1821 2762 1976 2797 Clerum.
2004 2763 2090 2798 Item

1206 2809 1294 2843 vides
1316 2810 1391 2844 istas
1402 2809 1635 2852 appellationes
1657 2822 1726 2845 non
1747 2811 1782 2845 in
1806 2810 1921 2846 Africa
1937 2813 2030 2846 fuisse
2043 2824 2090 2847 re-

1203 2861 1373 2900 tractatas,
1399 2860 1451 2893 sed
1476 2860 1509 2893 in
1528 2860 1612 2894 alma
1630 2860 1745 2894 Urbe.
1773 2862 1855 2896 Haec
1878 2862 2023 2897 suoloco
2035 2863 2090 2897 de-

1203 2902 1611 2955 monstrabuntur‘iargins
1623 2935 1632 2942 .

1253 2960 1401 3006 Qaestio
1412 2959 1479 2998 est,
1504 2958 1691 3006 Qomodo
1702 2959 1856 2995 Marcion
1880 2963 2023 3006 potuerit
2043 2973 2090 2999 ta-

1202 3010 1268 3049 lia,
1300 3009 1395 3044 sacris
1407 3010 1600 3044 Canouibus
1618 3011 1725 3053 palam
1746 3010 1864 3052 obvia,
1890 3011 1909 3044 ἐι
1932 3012 2087 3048 Romana

1202 3059 1342 3093 Ecclesia
1367 3060 1548 3103 postulare?
1576 3061 1654 3094 Erat
1677 3060 1903 3096 Ecclesiasticae
1923 3062 2039 3107 regulae
2049 3075 2087 3099 ac

1199 3108 1376 3153 disciplinae-
1387 3110 1611 3154 peritissimus:
1639 3111 1720 3158 Qo
1734 3110 1835 3155 igitur
1856 3111 1957 3151 titulo
1971 3123 2027 3148 aut
2038 3114 2087 3147 fu-

1199 3172 1240 3194 co
1252 3159 1671 3203 postulavitimpoffibilia?
1697 3160 1897 3204 Respondeo
1923 3162 2010 3196 hunc
2029 3174 2085 3197 no-

1197 3210 1278 3244 dum
1298 3210 1380 3244 solvi
1402 3209 1420 3242 a
1440 3210 1690 3244 Commentario
1707 3236 1718 3252 ,
1744 3222 1844 3254 quem
1864 3212 2083 3255 Synodalibus

1198 3261 1389 3294 Sardicenfis
1415 3259 1562 3294 Concilii
1587 3260 1700 3295 litteris
1726 3261 1869 3297 subdunt
1895 3264 2081 3307 fragmenta

1199 3311 1305 3346 Sansti
1327 3309 1449 3343 Hilarii
1468 3309 1676 3344 pictaviensis
1700 3310 1878 3357 Episcopi:
1907 3315 2014 3357 ,Quam
2035 3322 2083 3355 op-

1197 3366 1411 3403 portunitatem
1421 3359 1501 3394 nolli
1511 3358 1646 3404 Ursactus
1661 3363 1694 3396 Θ
1701 3362 1814 3395 Valens
1824 3386 1836 3402 ,
1860 3365 2003 3397 Romanae
2015 3364 2081 3395 Ple-

1199 3411 1245 3445 bis
1257 3409 1433 3455 Episcopum
1445 3410 1556 3447 adeunt
1573 3436 1583 3453 ,
1607 3417 1696 3455 recipi
1702 3410 1737 3455 se
1759 3417 1791 3446 in
1803 3411 1956 3454 Ecclefiam
1980 3413 2083 3453 depre-

1735 3462 1768 3495 G
1965 3470 2031 3493 can-
