2326 3718
387 125 488 175 256

310 202 408 242 deliit
419 229 431 246 ‚
455 201 565 240 donee
584 201 716 239 tandem
727 227 739 244 ,
766 203 853 248 pacis
861 205 955 239 causa
966 228 977 244 ‚
1003 203 1068 236 fuit
1081 210 1223 236 creatus

313 253 497 298 Episcopus
519 251 723 298 Nepefinus.
749 252 805 289 Ad
822 254 1032 300 quaestionem
1045 251 1205 286 dirimen-

311 304 387 338 dam
412 301 593 346 ¹Imperator
613 304 788 345 Honorius
799 306 833 339 in
860 302 935 337 Idus
960 302 1071 346 Junias
1083 301 1204 335 indixit

309 351 520 396 Spoletinam
539 354 715 398 *Synodum
727 379 738 395 ,
762 356 798 389 &
822 354 863 388 ad
879 353 982 396 ipsam
1003 352 1204 390 convocavit

306 412 387 441 curn
401 400 585 444 Gallicanis
597 404 696 439 etiam
708 403 884 438 Africanos
903 402 1083 446 Episcopos
1094 427 1105 442 ,
1134 413 1202 445 ptae·

309 451 422 487 sertim
446 453 623 493 Primatem
642 454 816 489 Aurelium
829 477 839 493 ‚
865 453 1019 492 Sanctum
1047 452 1202 497 Augusti-

308 513 391 538 num
403 528 415 545 ‚
439 504 586 547 aliosque
599 505 754 538 fimiiium
771 503 931 543 virtutum
944 526 952 535 .
980 503 1111 537 Litterae
1121 503 1203 537 datae

306 553 384 594 sunt
403 549 507 589 'tertio
533 554 697 589 Kalendas
722 552 843 596 Aprilis
853 578 863 593 ,
891 552 925 586 in
939 553 1053 597 vigilia
1065 552 1199 587 Pascha·

306 604 369 647 vtis;
396 604 431 639 &
452 604 607 647 Episcopi
628 603 682 636 isti
698 603 730 642 se
742 604 897 647 parabant
910 603 1022 643 aditet
1038 627 1044 635 .
1075 601 1200 638 Verum

306 652 459 689 Eulalius
468 652 636 687 damnavit
647 653 868 697 semetipsum,
879 663 978 697 atque
990 652 1034 687 ita
1047 654 1198 696 praevenit

305 702 479 747 synodum
489 725 498 741 ,-
525 702 659 737 Etenim
673 704 793 745 quinto
816 703 948 738 decimo
961 702 1127 738 Kalendas
1151 704 1198 738 A·

303 754 400 798 priles
413 751 691 797 contraPrincipis
703 754 903 788 Mandatum
915 753 1197 799 intravitUrbem‚

302 800 341 837 'ac
353 801 462 837 turbas
472 802 543 847 egit
556 827 563 834 .
592 803 685 843 Hinc
708 805 807 839 tertio
829 815 934 838 nonas
949 804 1079 848 Apriles
1092 805 1196 848 ipsum

301 853 397 887 omni
412 851 633 896 praetendendi
645 853 790 897 Papatus
810 854 878 897 jure
889 854 1043 889 excidisse
1055 867 1196 898 pronun-

301 903 404 937 ciavit
415 902 621 945 Honorius,
644 905 678 939 ὃς
699 903 865 939 Bonifacii
887 905 1082 941 electionem
1092 904 1195 941 decla·

299 953 384 988 ravit
395 951 581 999 legitimam
593 966 632 988 ac
644 955 788 988 firmam.
816 954 963 1002 Septimo
974 955 1051 990 Idus
1067 956 1194 1000 Apriles

297 1003 340 1038 ad
363 1004 509 1048 Largum
521 1002 641 1038 Africae
652 1004 678 1037 P
687 1005 897 1043 roconsulem
916 1007 1037 1050 scripfit
1051 1006 1193 1051 Spoleti·-

296 1064 347 1087 11ae
355 1050 487 1098 &nodi
497 1053 715 1094 neceffitatem
725 1055 902 1096 evanuiffe,
913 1056 1055 1101 ideoque
1064 1068 1124 1092 nec
1134 1057 1191 1091 fibi

294 1102 488 1138 neceffirios
499 1104 565 1139 effe
577 1104 757 1144 Africanos
769 1105 959 1150 Episcopos
963 1108 1007 1142 Et
1020 1107 1113 1146 hasce
1124 1108 1191 1142 Lit-

295 1161 377 1193 teras
389 1153 516 1199 Largus
526 1165 607 1189 mox
616 1155 776 1200 vulgavit.
805 1156 931 1195 Tune
923 1157 1024 1201 igitur
1037 1156 1190 1193 Aurelius

292 1204 478 1247 suspensam
496 1204 670 1247 Synodum
694 1205 818 1244 indixit
842 1206 878 1240 in
903 1207 992 1242 diem
1005 1207 1188 1252 vigesimam

290 1254 445 1298 quintam
465 1253 575 1293 Maii.
602 1254 697 1289 Hinc
721 1255 871 1299 intellige
891 1255 1035 1299 ejusdem
1059 1256 1187 1290 Aurelii

292 1303 516 1347 praefationem
539 1302 580 1337 ad
601 1303 695 1343 istam
707 1304 898 1346 Synodum;
928 1304 995 1346 Post
1013 1306 1092 1342 diem
1107 1314 1189 1348 prae-

287 1353 428 1393 stitutum
449 1354 595 1393 concilii,
621 1362 658 1392 ut
675 1353 874 1391 recordamini
898 1356 1029 1389 Fratres
1052 1355 1187 1396 Chariffl·

289 1409 357 1444 mi,
382 1402 478 1436 multa
485 1401 631 1446 flagitata
639 1402 712 1447 sunt
718 1410 774 1446 per
783 1406 975 1447 expeaeames
1000 1409 1130 1440 Fratres
1142 1418 1187 1439 no-

282 1452 363 1501 stros
373 1476 386 1494 ,
411 1458 463 1496 qui
475 1463 554 1486 nunc
566 1453 798 1498 adpraesentem
816 1457 960 1495 synodum
974 1459 1083 1501 Legati
1093 1459 1187 1493 adve

287 1512 423 1545 nerum,
448 1513 515 1548 quae
537 1503 633 1545 Gestis
658 1505 762 1549 neceffe
771 1505 810 1546 est
827 1515 861 1539 ut
869 1505 1085 1549 conficientur.
1113 1509 1188 1551 ,Qua

288 1555 328 1592 de
340 1564 374 1589 re
385 1555 511 1587 Domino
522 1553 613 1594 nestro
623 1555 660 1588 de
669 1563 771 1590 tantae
781 1559 1023 1600 congregationis
1033 1566 1109 1595 caetu
1114 1569 1185 1602 gra·

287 1608 353 1642 tias
366 1603 542 1646 referimus.
569 1603 621 1638 Illi
634 1604 691 1650 qui
703 1605 954 1645 provinciarum
967 1607 1113 1652 Legatos
1133 1618 1186 1642 ex-

287 1655 492 1699 spectarunt,
519 1663 612 1690 erant
623 1655 741 1701 Legati
754 1655 963 1700 ApostolicI.
992 1658 1147 1694 Etenim
1138 1670 1187 1693 in-

288 1714 337 1743 ter
352 1704 605 1744 Provinciarum
621 1705 769 1752 Legatos
780 1716 874 1742 erant
884 1709 1019 1743 Sanstus
1031 1707 1184 1754 Augusti‘

286 1766 371 1798 nus,
395 1755 531 1793 Sandtus
543 1755 676 1800 Alipius
688 1780 698 1796 ‚
717 1768 755 1791 ac
767 1756 922 1792 Novatus
935 1759 1095 1792 Sitifensis
1112 1758 1184 1802 Epi-

283 1806 404 1850 scopus
424 1828 435 1850 ,
461 1805 588 1843 evocati
616 1806 789 1850 spoletum
815 1832 823 1844 .
849 1807 1040 1852 Apostolici
1074 1810 1185 1853 itaque

288 1856 408 1901 Legati
431 1855 472 1890 ad
497 1855 604 1900 primo
627 1856 837 1902 praestitutam
848 1858 976 1901 synodi
987 1858 1075 1896 diem
1095 1870 1185 1897 vene-

287 1917 365 1946 runt
377 1904 616 1952 Carthaginem
628 1903 640 1948 ;
667 1907 846 1956 Spoletina
866 1907 993 1949 synodi
1005 1918 1159 1944 eventum
1171 1934 1181 1950 ‚

287 1967 326 1994 ac
348 1957 506 1990 Afrorum
521 1956 762 2000 Episcoporum
785 1957 931 1991 reditum
953 1956 1050 1993 isthic
1061 1959 1185 2002 ptaesto·

287 2008 413 2041 lantes.
444 2006 487 2039 Et
502 2006 635 2040 interim
649 2005 690 2041 ab
703 2007 865 2050 Aurelio,
890 2017 928 2044 ac
945 2007 1018 2041 aliis
1031 2009 1183 2051 praesenti·

287 2056 349 2096 bus
359 2056 529 2100 Episcopis
542 2055 745 2099 postularunt
766 2057 852 2091 varia
864 2080 877 2098 ,
906 2059 1131 2101 praeparatoria
1143 2058 1183 2092 ad

289 2105 494 2150 synodalem
516 2104 746 2143 definitionem
767 2130 773 2138 .
799 2106 928 2149 Synodi
948 2108 1182 2151 compendium

287 2154 390 2191 habes
403 2155 443 2190 ad
455 2154 525 2198 ejus
537 2154 713 2191 exordium
725 2169 734 2190 ε
761 2160 799 2190 In
808 2155 860 2189 boc
871 2158 999 2192 Concilio
1009 2157 1109 2192 adium
1120 2157 1184 2199 est,

287 2215 320 2246 ut
331 2211 493 2242 Nicaenum
505 2207 667 2240 Concilium
693 2206 734 2239 ab
747 2205 903 2249 Episcopis
919 2209 1126 2242 Orientalibus
1135 2217 1184 2250 pe-

287 2265 396 2295 teretur
408 2282 420 2298 ,
446 2262 493 2290 cui
504 2257 611 2295 synodo
632 2256 773 2298 interfuit
784 2260 907 2301 Legatio
929 2261 1073 2292 Romanae
1087 2260 1182 2291 Eccle-

282 2307 335 2350 fiae
365 2331 375 2347 ,
403 2306 564 2346 Faustinus
589 2305 756 2348 Episcopus
782 2330 792 2345 ‚
820 2306 990 2348 Philippus*
1008 2310 1042 2340 <a
1068 2306 1182 2350 Asellus

282 2352 458 2395 *Presbyteri
471 2379 478 2386 .
504 2356 585 2388 Non
599 2357 673 2389 sunt
687 2356 783 2390 verba
795 2356 974 2398 Synodalia
986 2380 997 2396 ,
1019 2357 1073 2390 sed
1085 2357 1183 2390 Com-

289 2406 438 2450 pilatoris
450 2431 457 2438 .
485 2405 595 2451 Qem
609 2405 708 2442 etiam
720 2417 762 2440 ex
774 2404 824 2439 his
836 2405 943 2440 verbis
953 2407 1080 2441 constat
1092 2407 1184 2441 fuisse

289 2455 461 2495 hominem
475 2455 635 2502 privatum
647 2480 654 2491 ,

339 2507 395 2539 De
408 2504 470 2543 hac
482 2505 619 2547 synodo
633 2503 742 2540 scribit
753 2505 785 2538 in
799 2506 888 2541 sexto
900 2507 959 2541 suo
969 2506 1054 2543 libro
1068 2506 1184 2543 Petrus

288 2556 331 2591 de
344 2555 460 2591 Marca
473 2567 480 2587 :
509 2557 803 2589 Extraordinarium
824 2561 858 2589 in
870 2557 981 2590 Politia
993 2556 1185 2598 Ecclefialiica

288 2615 357 2642 'erat
367 2611 449 2640 mitti
458 2611 492 2639 in
507 2608 686 2639 Provincias
699 2609 843 2649 Legatum
860 2631 871 2647 ,
899 2614 948 2650 qui
960 2610 1098 2641 Conciliis
1112 2610 1183 2641 Pro-

289 2662 458 2691 vinciarum
478 2656 645 2699 intereffet,
671 2658 918 2699 quemadmodum
940 2659 984 2690 ad
994 2658 1184 2698 Caelestinum

292 2710 415 2750 Papam
433 2705 539 2750 scribit
562 2707 725 2740 concilium
746 2706 920 2748 Africanum
935 2721 946 2743 ,·
974 2709 1061 2742 Nam
1085 2708 1184 2742 utali-

291 2758 375 2801 qui,
402 2758 572 2800 tamquam
598 2756 879 2793 aSanctitatistuae
891 2758 1028 2798 Latere,
1054 2757 1185 2793 mittan-

289 2817 366 2848 tur,
393 2806 484 2844 nulla
505 2806 691 2840 invenimus
727 2806 862 2841 Parrum
900 2808 1038 2851 Synodo
1063 2808 1185 2842 consti-

291 2867 404 2892 tutum
427 2883 435 2890 .
460 2858 545 2890 Unde
569 2858 746 2892 concludunt
772 2868 831 2890 non
854 2859 1047 2892 toleraturum
1071 2859 1183 2892 diutius

293 2907 430 2950 Af'ricam
441 2906 580 2948 Faustini
590 2906 731 2950 Episcopi
741 2931 752 2947 ,
779 2909 864 2944 Sedis
878 2907 1040 2950 Apostolicae
1054 2911 1161 2952 Legati
1175 2932 1185 2948 ‚

290 2956 503 3002 praesentiam.
533 2961 579 2991 De
597 2958 648 2991 illo
668 2962 747 2994 enim
770 2959 897 3002 intelllgi
920 2959 1005 2991 debet
1026 2958 1074 2992 hic
1085 2959 1159 2992 locus
1172 2983 1183 2999 ,

293 3020 352 3044 non
379 3017 478 3045 autem
495 3009 532 3042 de
543 3012 667 3051 Apiario
678 3032 688 3049 ,
714 3016 749 3041 ut
768 3007 880 3051 cen-licit
899 3009 1097 3050 Illustriffimus
1109 3013 1185 3041 Car-

294 3058 407 3091 dinalis
427 3061 588 3095 Perronius
610 3084 618 3092 .
647 3058 693 3096 Et
714 3057 850 3095 adducit
874 3058 983 3093 locum
1005 3072 1011 3091 :
1039 3064 1126 3095 Nam
1148 3059 1185 3091 de

298 3110 413 3140 Fratre
428 3108 518 3148 nostro
530 3108 672 3149 Faustino
682 3132 694 3149 ,
721 3116 816 3142 amoto
818 3111 889 3150 jam
896 3118 952 3150 pro
967 3108 1031 3152 suis
1042 3107 1182 3150 nefandis

298 3161 442 3197 nequitiis
456 3161 597 3199 Apiario,
619 3157 844 3201 securisumus
871 3161 1023 3200 quodcum
1034 3158 1184 3204 probitate

300 3216 336 3239 ac
347 3206 545 3241 moderatione
564 3217 625 3243 tuae
637 3211 657 3241 5
658 3209 836 3249 ananam
857 3208 949 3255 salva
952 3209 1096 3251 fraterna
1106 3207 1179 3241 cha-

298 3260 417 3295 ritate,
441 3255 560 3290 ulterius
585 3256 688 3303 Africa
707 3261 995 3303 minimepatiatur.
1025 3258 1124 3292 Retste
1134 3260 1181 3293 af-

299 3306 408 3343 firmat
418 3304 529 3340 locum
542 3305 630 3340 hunc
654 3320 721 3344 non
734 3309 775 3344 de
787 3310 945 3354 Apiario,
973 3309 1027 3347 sed
1037 3319 1129 3354 agere
1140 3309 1182 3344 de

299 3355 435 3396 ulterius
454 3366 523 3392 nou
546 3356 680 3392 ferendo
700 3359 886 3397 Faustino.
913 3361 1039 3398 Errat
1029 3372 1064 3395 m
1086 3359 1179 3395 aliis.

837 113 922 160 De
956 116 1285 166 Araicnuzss
1319 110 1627 161 Ecctesns

1269 199 1383 234 Primo
1402 222 1414 245 ‚
1436 201 1528 246 quod
1547 212 1628 237 tnnc
1650 202 1686 238 in
1709 203 1930 241 Ecclefiastica
1953 203 2076 241 Politia
2094 206 2152 244 ext:

1267 242 1518 288 traordinarium
1542 253 1665 288 effetin
1677 253 1865 291 Provincias
1885 257 1972 290 mitti
1986 255 2153 300 Apostoli-

1267 311 1342 334 cum
1356 299 1373 334 ὲ
1385 300 1498 350 Papali
1510 304 1627 339 Latere
1636 304 1819 348 Legatum,
1832 307 1888 348 qui
1900 306 2155 343 provinciarum

1267 352 1431 387 interesset
1451 353 1613 412 synodis.
1642 353 1776 390 Etenim
1800 354 1963 398 pluribus,
1989 358 2031 391 ad
2045 358 2152 391 Nica-i-

1267 412 1343 435 nam
1357 405 1585 446 praeparatoriis
1594 429 1605 446 ‚
1631 405 1734 439 totius
1745 402 1956 450 AEgyptiacae
1970 406 2153 443 Dioecesios

1267 450 1503 491 Alexandrinis
1522 453 1663 498 Synodis
1683 454 1808 489 Hosius
1830 454 2149 501 CordubensisEpi·

1267 503 1402 546 scopus,
1430 504 1539 538 Sanffl
1551 505 1705 548 Sylvestri
1717 506 1881 549 Legatus,
1900 516 1968 539 non
1978 505 2150 543 dumaxat

1265 552 1435 594 interfuit,
1461 553 1513 588 sed
1536 553 1666 599 insuper
1679 555 1822 599 praesedit
1836 580 1843 588 .
1870 555 1975 602 Qod
1996 556 2150 599 ipsumin

1264 602 1476 637 Antiochena
1500 605 1569 649 post
1583 605 1753 642 Nicaenam
1776 605 1915 649 Synodo
1926 607 2074 642 fecerunt
2086 605 2151 641 Eu-

1265 652 1367 688 sebius
1378 653 1592 691 Vercellenfis
1606 655 1784 699 Episcopus
1797 680 1808 696 ,
1834 657 1868 690 &
1880 656 2013 690 Lucifer
2024 655 2150 692 Calathe

1263 712 1360 738 tanus
1378 728 1389 745 ,
1417 704 1560 750 Legatio
1584 705 1692 741 Sancti
1718 705 1840 743 Liberii
1863 731 1871 741 ,.
1910 706 1978 743 Eos
1999 705 2151 750 Magnus

1262 750 1458 789 Athanasius
1470 778 1482 795 ,
1508 766 1546 789 ac
1565 755 1633 797 ejus
1645 754 1796 799 Synodus
1818 757 1853 790 in
1866 755 2088 800 Synodalibus
2107 754 2150 791 ad

1262 803 1355 837 istam
1366 805 1540 847 Synodum
1561 805 1678 843 litteris
1700 805 1842 843 scribunt
1854 817 1929 845 ante
1939 817 2057 844 omnes
2069 806 2149 851 Epi·

1262 854 1377 896 scopos
1387 877 1398 895 ,
1429 854 1569 899 ideoque
1578 855 1742 893 affirmant
1751 855 1925 900 praesediffe
1937 881 1944 890 .

1309 903 1477 939 Secundus
1498 916 1585 939 error
1606 906 1653 940 est
1674 930 1685 947 ,
1711 906 1800 950 quod
1821 905 1971 941 Africani
1992 905 2150 950 Episcopi

1259 953 1514 998 improbaverim
1536 967 1673 991 omnem
1696 956 1880 992 istiusmodi
1904 956 2149 1001 Legationemae

1260 1004 1393 1039 Etenim
1416 1005 1642 1049 improbarunt
1664 1007 1766 1041 solam
1785 1006 1900 1048 istam,
1926 1017 1998 1054 quae
2007 1006 2151 1043 mittere-

1259 1063 1310 1088 tur
1317 1054 1359 1089 ad
1371 1055 1583 1090 retraetandas
1593 1058 1703 1094 causas
1714 1057 1940 1092 Romanarum
1951 1056 2152 1100 appellatio-⁴

1257 1115 1357 1139 num.
1386 1105 1474 1143 Etin
1488 1118 1529 1141 eo
1540 1106 1884 1152 graviterdeviarunt.
1911 1106 2150 1143 Tertiuserrot

1257 1154 1325 1195 est,
1351 1155 1439 1200 quod
1461 1157 1674 1196 Faustinum,
1700 1167 1765 1200 qua
1786 1156 1950 1201 Legatum
1965 1155 2150 1201 postulave-

1257 1203 1322 1237 rint
1346 1205 1511 1241 revocari.
1540 1205 1675 1239 Etenim
1698 1213 1768 1241 non
1788 1205 1835 1239 ob
1846 1205 2065 1252 Legationis,
2090 1206 2152 1242 sed

1256 1252 1302 1287 ob
1329 1251 1421 1287 vatiae
1444 1253 1602 1291 molestiae
1624 1253 1810 1289 &aliorum
1820 1255 2005 1289 excelsuum
2015 1257 2151 1291 eausam

1257 1302 1297 1337 id
1302 1301 1528 1346 postularunt.
1555 1301 1682 1340 Verum
1693 1314 1792 1348 quare
1805 1303 1979 1338 Faustinus
2001 1302 2150 1348 huicSy-

1256 1352 1348 1386 nodo
1357 1362 1425 1388 non
1437 1353 1605 1397 praesedit?
1630 1353 1737 1402 Qod
1751 1363 1818 1387 non
1842 1353 1884 1388 ad
1894 1351 2127 1400 praefidendum
2137 1376 2152 1395 ,

1224 1432 1228 1434 a
1255 1402 1310 1437 sed
1332 1402 1502 1442 dumtaxat
1525 1404 1566 1439 ad
1589 1403 1849 1443 conferendum,
1872 1414 1910 1438 ac
1925 1403 2152 1439 demonstran-

1254 1453 1335 1487 dum
1346 1455 1422 1488 effer
1437 1454 1582 1499 Legatus
1601 1453 1791 1493 aZozimo.
1818 1454 1947 1488 Locum
1967 1453 2150 1491 ceffit=rolis

1257 1501 1396 1538 Aurelio
1418 1503 1690 1550 Carthaginensi,
1713 1503 1749 1538 ἀ
1771 1503 1957 1538 Valentino
1976 1503 2149 1539 Numidia

1254 1553 1416 1588 Primati
1442 1554 1544 1601 Qud
1566 1554 1649 1589 alter
1671 1554 1734 1589 toti
1754 1552 1920 1594 Dioeceli‚
1943 1553 2094 1599 adeoque
2111 1554 2149 1593 di:

1254 1603 1392 1647 Synodo
1405 1605 1608 1648 praesideret,
1633 1604 1715 1643 alter
1726 1603 1919 1654 singularem
1941 1602 2038 1641 isthic
2049 1603 2150 1641 habe-

1253 1664 1300 1689 ret
1315 1653 1595 1699 Praerogativam-

1302 1704 1496 1750 Legationis
1516 1706 1551 1741 ὅ(
1561 1704 1690 1751 Synodi
1703 1705 1837 1748 scopum
1848 1704 1987 1750 exponit
1996 1702 2149 1749 synoda·

1253 1754 1344 1789 iiead
1367 1756 1522 1790 Sanctum
1536 1755 1749 1790 Bonifacium
1769 1754 1926 1798 epistola:
1953 1753 2148 1799 Sanbulos·-

1252 1807 1344 1847 quam
1352 1803 1417 1841 baec
1430 1806 1567 1850 reparati
1582 1804 1715 1849 Apiarii
1735 1803 1823 1848 causa
1833 1803 1884 1845 isto
1893 1809 2022 1840 termino
2029 1804 2148 1839 claud*

1251 1865 1332 1890 retur
1352 1880 1364 1898 ‚
1389 1861 1469 1891 inter
1491 1857 1558 1889 alta
1581 1881 1593 1896 ,
1617 1866 1687 1898 quae
1708 1855 1861 1889 diuturnis
1886 1852 2149 1900 diſseptationibus

1252 1904 1447 1948 versabamus
1459 1931 1471 1946 ‚
1497 1912 1569 1948 quia
1579 1910 1658 1941 ratio
1667 1903 1734 1952 ipsa
1741 1903 1878 1949 poscebat
1889 1928 1900 1945 ,
1924 1912 1958 1940 ut
1973 1906 2064 1948 apud
2071 1903 2150 1940 18ae

1253 1953 1448 1996 Ecclefiastica
1467 1957 1491 1991 ti
1504 1954 1669 1989 Fratribus
1692 1953 1796 1994 nostris
1818 1954 1961 1993 Faustino
1977 1952 2146 1998 Episbopo,

1251 2005 1286 2038 Θ
1305 2004 1450 2047 Philippo
1474 2016 1510 2039 ac
1534 2003 1628 2049 Asello
1652 2004 1901 2047 compresbyteris
1924 2015 2147 2047 quaereromus,

1250 2061 1284 2087 ut
1290 2055 1464 2095 promerent
1488 2056 1642 2097 quidquid
1653 2061 1698 2088 eis
1722 2053 1868 2097 nobilium
1878 2056 2030 2099 agendum
2040 2054 2147 2098 fatffn

1251 2103 1438 2145 munaum,
1465 2106 1608 2141 nonnulla
1619 2106 1740 2149 quidem
1752 2102 1814 2144 fiae
1825 2104 1883 2138 ullo
1894 2106 2006 2147 scripto
2011 2102 2148 2152 profecit·

1251 2151 1362 2196 nsunt
1373 2153 1494 2190 verbis
1520 2156 1585 2189 Sed
1590 2166 1656 2188 cum
1667 2155 1811 2197 idpotius
1819 2154 2022 2202 flagitarem
2031 2177 2043 2195 ,
2066 2154 2150 2198 quoe

1251 2209 1284 2236 in
1294 2204 1405 2237 litteris
1410 2205 1555 2249 ferrent,
1577 2206 2029 2246 commonitoriumptoeulerum
2040 2225 2052 2245 ,
2063 2203 2147 2246 quod

1251 2259 1408 2288 recitatum
1419 2254 1503 2287 nobis
1515 2260 1607 2287 etiam
1621 2255 1717 2293 Gestis
1726 2277 1737 2294 ,
1763 2252 1938 2295 quaesecum
1946 2255 1990 2288 ad
1997 2264 2052 2288 vos
2060 2252 2145 2294 defe-

1250 2311 1321 2334 runt
1334 2325 1345 2342 ,
1372 2302 1411 2342 est
1421 2303 1598 2345 allegatum.
1626 2306 1664 2335 In
1678 2313 1733 2346 quo
1743 2308 1785 2334 eis
1799 2311 1927 2347 quatuor
1941 2304 2082 2346 qud-:m
2092 2313 2144 2335 no·

1250 2349 1359 2394 hiscum
1376 2354 1509 2394 gerenda
1531 2352 1680 2385 mandata
1697 2350 1786 2396 sunt.
1818 2355 1914 2384 Unum
1924 2353 1962 2387 de
1971 2353 2145 2393 appeliatio-

1251 2401 1339 2434 m'bus
1352 2400 1564 2445 Episcoporum
1580 2402 1624 2434 ad
1632 2405 1776 2435 Romana
1787 2400 1921 2442 Ecclefiae
1932 2402 2121 2436 Sacerdotem
2133 2425 2143 2434 .

1252 2451 1386 2484 Alterum
1399 2476 1410 2492 ,
1436 2462 1474 2484 ne
1491 2452 1535 2484 ad
1544 2455 1728 2485 comitatum
1753 2449 1893 2494 Episcopi
1911 2452 2080 2493 importune
2088 2460 2146 2484 κι-

1252 2506 1358 2546 vigent
1385 2526 1392 2534 .
1426 2504 1559 2535 Tertium
1583 2502 1621 2534 de
1646 2500 1817 2537 traQandis
1844 2499 2082 2540 Presbyter-run·
2107 2502 2144 2535 θ

1254 2555 1450 2585 Diaconorum
1463 2550 1552 2593 caufis
1565 2552 1649 2595 apud
1655 2551 1799 2598 finitImos
1809 2549 1971 2594 Episcopos
1986 2575 1998 2592 ,
2016 2549 2143 2595 fiasuis

1251 2608 1494 2636 excommunicati
1502 2601 1798 2646 perperamfuerint.
1811 2599 1966 2645 ,Quartum
1976 2602 2014 2636 de
2024 2601 2142 2635 Urbano

1253 2650 1400 2696 Episcopo
1414 2653 1692 2685 excommunicando
1700 2676 1710 2693 ,
1737 2651 1790 2685 vel
1797 2656 1888 2684 etiam
1899 2655 2025 2685 Romam
2035 2660 2144 2685 vecan-

1252 2704 1310 2743 do,
1337 2701 1396 2744 nifi
1410 2713 1446 2736 ea
1458 2726 1469 2742 ‚
1495 2713 1561 2744 quae
1585 2702 1734 2736 videbant
1744 2702 1917 2747 corrigenda
1928 2726 1941 2744 ‚
1965 2706 2140 2745 corrigeret.

1252 2752 1438 2796 Apostolici
1450 2751 1489 2786 ad
1501 2753 1667 2797 generales
1681 2776 1692 2792 ,
1703 2762 1759 2786 aut
1768 2752 1847 2786 alias
1854 2752 2009 2796 Synodos
2019 2751 2141 2796 Legati

1251 2803 1492 2837 consueverunt
1503 2802 1621 2837 habere
1635 2802 1794 2838 Mandata
1803 2800 1946 2847 duplicia
1958 2825 1969 2842 ,
1990 2800 2141 2844 duplices

1253 2852 1495 2887 instructiones:
1523 2854 1685 2891 Secretam
1704 2851 1943 2894 &patentalem
1956 2875 1964 2882 .
1989 2851 2086 2886 Hinc
2094 2861 2142 2885 et·

1250 2903 1316 2937 iam
1340 2904 1509 2947 praesentes
1519 2903 1637 2948 Legati
1648 2901 1787 2937 nonnulla
1799 2898 1862 2942 fine
1885 2902 1944 2936 ullo
1952 2902 2066 2944 Scripta
2073 2909 2142 2945 pro-

1245 2952 1340 3000 secuti
1359 2952 1432 2997 sunt
1454 2954 1557 2989 verbis
1571 2977 1579 2985 .
1606 2949 1736 2994 Nempe
1748 2961 1791 2984 ex
1805 2952 1859 2986 sua
1880 2952 1998 2987 secreta
2015 2950 2141 2987 instru-

1250 3003 1360 3038 &ione
1375 3027 1384 3037 .
1409 3005 1454 3040 Et
1464 3005 1542 3048 quia
1555 3003 1613 3038 ista
1625 3001 1776 3035 videntur
1796 3012 1865 3043 non
1879 3001 2031 3044 placuisse
2044 3024 2055 3043 ,
2082 3001 2142 3046 Sy-

1250 3055 1358 3089 nodus
1380 3052 1554 3089 interceffit
1573 3065 1584 3086 .-
1612 3050 1793 3084 Postulavit
1814 3062 1851 3085 ut
1871 3049 2065 3088 exhiberent
2087 3061 2140 3094 pa-

1250 3104 1385 3139 tentalia
1407 3103 1567 3140 Mandata
1589 3101 1649 3138 suae
1671 3100 1885 3146 Legationis.
1915 3102 1959 3136 Et
1981 3101 2032 3135 illi
2047 3098 2140 3137 exhi-

1249 3155 1391 3189 buerunt
1412 3152 1741 3190 Commonitorium,
1765 3150 2044 3196 comprehendens
2063 3158 2138 3194 qna·

1249 3215 1324 3240 tuot
1334 3203 1506 3239 articulos.
1533 3203 1616 3250 Qae
1625 3202 1742 3236 omnia
1762 3211 1799 3237 ut
1820 3202 1915 3247 plene
1940 3202 2133 3239 videantur,

1247 3253 1378 3298 expedit
1389 3251 1684 3300 Carthaginensem
1697 3251 1872 3298 Synodum
1896 3251 2054 3289 illustrate
2065 3246 2136 3284 bre·

1248 3304 1281 3340 vi
1298 3302 1456 3339 Scholio-

1936 3446 2083 3486 EXOR-
