2326 3718
65 2359 140 2394 Cap.
155 2365 198 2384 ιι.

690 183 974 229 ROMAms
1010 182 1599 228 Aonnmxomnus.

239 266 342 304 misus
355 265 624 311 appellantesnee
634 264 675 301 nd
685 267 777 300 suam
787 264 904 299 faciem
922 262 1085 299 admiserit
1095 261 1112 294 ἓ

239 316 465 360 Etrespondet
485 319 645 352 rationem
668 316 730 351 effe
743 314 810 349 haec
829 312 1115 357 Garat-Augusta-

239 375 290 399 nae
302 365 428 410 Synodi
439 368 550 402 verba:
576 370 608 401 si
621 371 688 410 μὴ
708 366 867 399 damnatos
892 371 923 398 tn
933 369 1111 399 commumo-

239 425 307 449 nem
316 417 461 461 παρῇσι
473 443 484 458 ,
505 417 592 461 sciret
612 415 686 459 inse
708 417 835 450 eandem
853 414 1045 457 promendam
1050 411 1115 455 sen·

238 471 363 499 tentiam
375 493 382 499 .
406 467 602 513 Respondeo
615 465 682 501 haec
692 466 810 501 iterum
824 464 907 500 olere
924 462 1114 498 Eusebianae

237 515 403 551 Faoionis
417 517 609 563 proterviam
620 541 627 548 .
655 516 787 552 Etenim
800 516 902 551 &ista
915 513 1027 548 Patrio
1037 514 1115 547 San-

238 569 324 603 &um
336 568 456 611 Julium
467 567 665 602 Pontificem
688 566 811 601 censuit
822 563 968 601 cecidisse
980 562 1014 596 in
1029 561 1116 596 infli-

238 619 320 652 &am
330 619 445 653 Saneto
455 615 638 652 Athanasio
651 617 895 652 damnationem
905 638 916 654 ,
939 612 1029 657 quod
1037 623 1113 646 eum

236 668 298 703 ase
317 668 508 707 damnatum
530 667 586 702 ille
599 668 633 702 in
645 666 912 702 communionem
931 661 1093 706 recepisset
1107 686 1114 693 .

237 719 373 753 Snarum
383 717 592 762 Synodorum
605 718 776 752 sententias
795 713 922 749 censuit
944 724 1013 747 non
1027 713 1115 756 posse

236 768 368 802 devolvi
379 768 525 803 Romam
541 793 552 809 ‚
578 779 638 801 nec
659 767 731 800 istic
742 763 898 800 retractari
909 788 920 805 ,
946 761 1047 808 longe
1058 761 1115 796 mi-

237 817 300 852 nus
310 818 431 863 corrigi
443 829 501 853 aut
512 817 676 852 exsufflari
685 841 693 849 .
716 816 759 850 Et
770 813 902 859 quidem
917 812 964 847 illi
976 811 1116 858 agebant

236 869 278 903 de
299 868 375 904 solis
400 867 672 904 patriarchalibus
689 889 699 905 ,
725 876 780 899 aut
806 865 907 898 totius
933 862 1116 897 Orientalis

237 918 390 952 Ecclefiae
403 917 564 959 Synodis3
591 924 623 948 at
634 914 710 948 vero
723 912 910 947 Paschasius
920 912 1116 957 Quesnellus

238 968 348 1002 scribit
359 967 400 1000 de
409 965 552 1007 synodis
566 962 834 999 Occidentalium
845 961 1094 996 Provinciarum
1105 984 1116 1001 ,

237 1026 315 1059 quas
324 1015 382 1048 suo
393 1012 584 1048 Patriarchae
595 1013 687 1048 subdi
701 1023 799 1048 nemo
819 1013 865 1047 est
887 1023 1033 1055 unquam
1049 1011 1117 1045 infi-

235 1067 340 1099 ciatus
362 1088 369 1096 .
397 1062 540 1098 Proinde
567 1064 701 1099 Sanctus
723 1062 886 1098 Damasus
913 1072 1116 1105 nequaquam

236 1115 347 1149 timuit
359 1112 444 1148 istud
453 1115 647 1159 contagium
658 1139 669 1154 ,
697 1113 749 1148 sed
763 1115 892 1148 secutus
909 1112 954 1147 est
966 1112 1119 1155 antiquis·

233 1166 354 1199 fimum
366 1164 525 1199 Romauae
548 1165 698 1199 Ecclesiae
717 1170 842 1200 morem
857 1189 869 1203 ‚
892 1175 934 1198 ex
954 1174 1023 1207 quo
1043 1164 1119 1197 San-

235 1217 305 1249 stns
316 1214 404 1259 Papa
423 1214 457 1249 &
469 1214 599 1258 Martyr
610 1210 793 1258 Stephanus
815 1212 923 1248 Sancti
935 1212 1094 1257 Cypriani
1106 1237 1116 1253 ,

235 1265 321 1300 circa
332 1265 535 1309 Baptismum
555 1266 708 1306 errantis,
736 1268 863 1309 Legatos
884 1263 1046 1307 Episcopos
1068 1273 1120 1296 nec

236 1316 280 1349 ad
287 1314 446 1360 sermonem
471 1317 599 1358 colloquii
615 1314 726 1359 saltem
744 1319 905 1348 communis
915 1312 1060 1355 admtfit,
1085 1312 1120 1347 δε

233 1364 506 1408 omneillisapud
517 1364 628 1400 fideles
654 1364 828 1399 interdixit
838 1361 1043 1408 hospitium.
1069 1362 1119 1397 Ita

231 1416 271 1450 in
282 1415 404 1451 famosa
417 1417 470 1450 sua
480 1414 615 1459 epistola
627 1415 759 1450 testatur
771 1414 984 1449 Firmilianus
995 1438 1006 1454 ‚
1034 1413 1120 1456 apud

234 1465 448 1510 Cappadoces
470 1464 769 1510 Archi-Episcopus
793 1464 1006 1500 Caesaraeenfis
1020 1489 1027 1495 .
1054 1463 1121 1498 Eo-

231 1514 312 1549 dem
324 1514 427 1549 modo
437 1517 582 1558 Magnus
593 1515 681 1556 Papa
691 1516 763 1546 Leo
784 1516 931 1559 tractavit
944 1512 1122 1552 Eutychia-

234 1574 299 1598 nos
308 1564 453 1608 Legatos
462 1562 696 1598 Alexandrinas
706 1560 853 1595 Ecclesiae
863 1573 874 1593 .-
894 1563 1002 1602 Legati
1015 1569 1067 1592 nec
1078 1561 1122 1592 ad

252 1615 347 1642 actem
357 1609 447 1651 usque
453 1609 648 1652 salutationis
659 1610 774 1648 admtffl
786 1630 798 1646 ,
818 1607 882 1647 fine
905 1610 1003 1648 aliquo
1019 1608 1122 1646 effervu

234 1657 347 1701 reverfi
360 1656 450 1703 sunt.
476 1658 525 1692 Ita
546 1656 731 1691 Dioscorus
755 1655 930 1698 Presbyter
950 1654 1124 1689 &Cherae-

234 1720 318 1744 mon
328 1709 467 1749 Lector,
492 1707 635 1751 ejusdem
659 1706 807 1741 Ecclefiae
829 1704 916 1750 apud
928 1703 1119 1740 Constanti-

235 1759 388 1803 nopolim
409 1758 609 1802 Apocrisarii
628 1782 639 1799 ‚
665 1756 768 1801 questi
790 1758 865 1791 sunt
883 1756 1065 1790 Cresconio
1087 1755 1121 1789 δε
1138 1775 1140 1778 >

237 1809 406 1844 Germano
430 1809 623 1852 Episcopis‚
648 1808 719 1842 istic
742 1807 876 1851 Legatis
897 1805 1056 1840 Anastafii
1079 1807 1124 1839 se·

237 1859 340 1895 cundi
353 1859 544 1894 Pontificis.
573 1857 683 1892 Etiam
697 1856 737 1891 de
751 1857 850 1891 Petro
862 1855 1024 1897 Fullone,
1051 1854 1120 1890 An·

236 1907 369 1944 tiochiae
388 1907 573 1944 Patriarcha
586 1934 597 1949 ,
623 1909 656 1942 &
668 1908 795 1951 Joanne
817 1906 1019 1950 Apamaeenfi
1045 1907 1119 1949 Epi-

237 1957 340 2004 scopo
357 1983 368 2000 ,
393 1959 610 2004 Metropolita
624 1957 778 1992 Secundae
787 1957 888 2000 Syriae
902 1979 913 1997 ,
939 1955 1125 1999 Eutychia-

238 2010 292 2043 nis
311 2009 470 2045 haereticis
492 2034 503 2051 ,
530 2008 639 2045 scribit
664 2008 821 2042 Narratio
842 2006 883 2041 de
906 1986 1140 2065 Eutychianae!

239 2060 382 2102 perfidiae
402 2061 543 2095 successu
564 2060 665 2100 usque
689 2059 729 2093 ad
752 2057 944 2092 damnatum
958 2056 1121 2091 Acacium

242 2109 653 2153 Constantinopolitanum
671 2108 868 2151 Episcopum
892 2121 902 2140 .-
930 2110 1049 2140 Aeacius
1070 2068 1139 2148 pe·i

241 2163 294 2191 tm
315 2159 499 2201 Apostolitam
522 2160 626 2192 sedem
647 2181 658 2197 ‚
683 2167 717 2191 ut
730 2155 759 2199 fi
779 2159 823 2190 ad
842 2157 965 2190 eandem
987 2156 1122 2199 confuge-

238 2216 310 2242 rent
334 2233 345 2250 ,
370 2219 407 2242 ne
431 2207 493 2252 ipso
519 2209 639 2251 quidem
660 2208 744 2251 digni
763 2206 940 2240 haberentur
961 2205 1121 2249 adspediu.

237 2253 284 2292 Et
303 2257 346 2292 de
357 2259 474 2293 Sansto
494 2256 647 2303 Agapeto
670 2256 854 2296 pontifice,
884 2255 1121 2290 Constantino-

1922 195 1942 238 3
1959 197 1975 225 1

1173 259 1252 303 nffet
1265 258 1430 302 nobiscum,
1457 258 1798 303 Promissumimplevie,
1824 262 2046 304 damnavitque

1174 315 1274 353 impiae
1286 309 1432 351 Ec‘lbefios
1444 311 1585 354 dogmata
1594 332 1606 349 ,
1632 307 1704 351 acse
1723 318 1777 352 per
1786 313 1895 346 reblam
1910 311 2051 356 profeffio-

1175 372 1240 394 nem
1251 372 1316 394 cum
1333 359 1440 404 sanila
1451 359 1578 401 Ecclefia
1595 361 1752 400 conjunxit
1762 384 1770 392 .
1798 361 1840 394 Et
1853 363 1914 397 fuit
1934 362 2052 398 admis-

1175 412 1225 445 sus
1236 411 1277 445 ad
1289 411 1407 446 faeiem
1419 410 1593 445 Pontificis
1602 433 1609 440 ·
1636 410 1749 444 Nemo
1764 409 1942 446 Haereticus
1954 437 1965 452 ,
1991 412 2051 447 nisi

1176 460 1244 505 post
1265 461 1511 496 conversionem
1533 462 1566 495 δε
1580 460 1757 494 solemnem
1776 460 1907 493 Haeresis
1932 461 2056 502 abjurv

1175 512 1320 553 tionem,
1348 512 1456 554 potuit
1478 521 1623 556 unquam
1645 508 1730 544 hanc
1751 509 1877 544 videre.
1905 510 1948 543 Et
1970 509 2054 545 hanc

1177 561 1320 607 regulam
1336 562 1468 597 >secutus
1489 563 1534 597 est
1548 562 1683 597 sanstus
1694 561 1856 596 Damasus
1874 559 1908 593 in
1922 559 2055 593 Priscil—

1177 612 1300 647 lianum
1316 637 1323 645 .

1320 810 1665 858 CAPUT
1763 812 1923 857 VIII.

1180 933 1441 977 Examinatm·
1468 933 1707 997 Imperatoris
1730 930 1913 976 Gratiani
1940 932 2032 976 Lex
2053 963 2066 987 ,

1249 1016 1326 1064 quae
1339 1015 1456 1043 omnes
1469 998 1714 1048 Occidentalis
1728 998 1898 1064 Ecclcfiae
1911 1004 2068 1047 Metro-

1244 1066 1384 1135 politas
1408 1064 1608 1135 Epifiopos
1627 1066 1739 1133 juffit
1751 1074 1788 1118 in
1794 1074 1924 1138 prima
1956 1073 2070 1117 etiam

1251 1138 1431 1186 instantia
1448 1135 1618 1206 judicari
1642 1134 1669 1183 d
1684 1140 1855 1195 Romano
1868 1138 2045 1204 Pontifice
2057 1173 2070 1186 .

1272 1259 1410 1296 Ozimus
1423 1257 1580 1293 Pontifex
1592 1258 1633 1292 ad
1650 1258 1683 1292 se
1695 1257 1794 1292 traxit
1807 1256 1943 1300 primam
1956 1256 2076 1291 instan-

1299 1311 1379 1345 tiam
1390 1308 1522 1344 Proculi
1544 1307 1747 1343 Massiliensis
1761 1307 1936 1351 Episcopi,
1963 1307 1994 1340 se
2019 1318 2077 1341 no-

1183 1372 1260 1395 vum
1273 1359 1420 1395 secundae
1435 1358 1657 1394 Narbonensis
1677 1358 1861 1394 Provinciae
1881 1356 2095 1408 Μεσοροίἰ-ε

1182 1422 1250 1446 tam
1262 1409 1490 1455 praetendentis
1502 1434 1513 1451 ,
1540 1410 1574 1444 ὅ(
1586 1409 1627 1444 de
1639 1407 1700 1443 hac
1715 1420 1747 1443 re
1762 1408 1871 1442 scribit
1883 1405 2072 1442 Paschasius

1183 1461 1380 1509 Qesnelius
1393 1474 1405 1494 .-
1431 1463 1490 1494 Hoc
1503 1459 1702 1500 illustrrffimus
1733 1461 1841 1492 Petrus
1858 1459 1894 1491 de
1905 1461 2011 1490 Marco
2032 1457 2079 1490 di-

1181 1517 1219 1546 cit
1232 1512 1330 1546 ac‘lum
1345 1511 1397 1554 esse
1406 1514 1508 1544 Roma
1515 1510 1576 1552 post
1586 1513 1731 1543 Gratiani
1741 1511 1832 1553 legem
1840 1507 2080 1552 promulgatam,

1183 1571 1250 1600 quae
1270 1565 1400 1594 Romam·
1412 1561 1563 1602 Pontificn
1565 1561 1684 1601 judicio
1709 1558 1895 1602 commiserat
1909 1559 2078 1600 Metropoli·

1184 1619 1271 1642 tanos
1283 1633 1295 1650 ,
1320 1618 1466 1650 quamque
1476 1615 1579 1642 merito
1584 1612 1656 1647 jure
1669 1621 1729 1643 non
1740 1609 1989 1649 multifaciebant
2005 1608 2077 1640 Gal·

1182 1658 1273 1687 licant
1284 1678 1295 1694 ,
1321 1665 1423 1695 utpote
1435 1656 1638 1695 consuetudini
1649 1655 1856 1696 Ecclefiasticae
1870 1681 1880 1696 ,
1905 1654 2078 1698 receptisque

1183 1705 1290 1748 regulis
1311 1701 1493 1746 adversam.
1522 1703 1685 1749 „Quidquid
1698 1702 1737 1742 fit
1761 1704 1798 1734 dc
1821 1704 1876 1735 bac
1895 1706 1955 1746 Iege
1976 1727 1987 1744 ,
2014 1716 2079 1745 quae

1185 1761 1343 1789 canonum
1348 1751 1520 1797 sanfflones
1531 1752 1687 1794 infirmare
1699 1763 1758 1785 non
1766 1758 1866 1793 potuit
1879 1777 1889 1793 ,
1918 1764 1974 1785 non
1984 1751 2021 1792 est
2028 1764 2079 1787 cur·

1184 1815 1237 1838 nos
1248 1807 1367 1838 Zozimi
1381 1812 1501 1837 conatus
1512 1803 1561 1844 iste
1569 1804 1733 1844 plurimum
1740 1801 1876 1845 sollicitet
1888 1827 1899 1844 ,
1916 1803 1979 1837 &a
2010 1803 2081 1838 An-

1184 1853 1317 1898 ti-Papae
1338 1852 1485 1888 Ursicini
1524 1876 1537 1892 ,
1560 1852 1635 1887 licet
1656 1852 1837 1887 Coloniam
1860 1851 2081 1897 Agrippinam

1184 1904 1342 1949 relegati,
1367 1903 1481 1938 Farffio
1493 1903 1635 1948 graviter
1647 1903 1775 1937 vexavit
1799 1903 1955 1937 Ecclefias
1968 1929 1975 1936 .
2005 1903 2081 1938 Plu·

1184 1959 1232 1989 re's
1244 1954 1422 1998 Episcopos
1434 1954 1540 1988 movit
1553 1954 1587 1987 in
1600 1952 1815 1987 rebellionem
1838 1951 1999 1987 Romanae
2019 1954 2081 1989 Ec-

1183 2005 1301 2039 clesiae.
1334 2005 1427 2038 Hinc
1451 2004 1484 2037 in
1498 2003 1651 2038 Romana
1674 2001 1814 2046 synodo
1836 2004 1971 2038 Sanstus
1992 2002 2080 2048 Papa

1184 2054 1344 2090 Damasus
1359 2053 1400 2089 ab
1413 2054 1662 2098 imperatoribus
1682 2054 1844 2088 Gratiano
1869 2066 1907 2089 ac
1930 2054 2079 2089 Valenti-

1183 2104 1284 2140 niano
1309 2104 1484 2150 postulavit
1499 2104 1588 2148 plura
1609 2104 1731 2139 auxilia
1744 2129 1756 2145 ,
1784 2106 1868 2139 inter
1879 2117 1947 2149 quae
1959 2106 2021 2140 fuit
2046 2106 2080 2140 ὅτ.

1184 2154 1248 2189 hoc
1260 2169 1271 2188 .-
1291 2159 1323 2199 J
1325 2154 1412 2189 ubere
1423 2158 1527 2188 Pietas
1539 2155 1640 2195 vestra
1656 2157 1794 2198 dignetur
1807 2179 1818 2196 ‚
1843 2160 2020 2199 quicumque
2030 2156 2084 2190 vel

1184 2208 1310 2238 Fratris
1331 2204 1417 2246 nostri
1440 2204 1584 2246 Damasi,
1611 2206 1665 2238 vel
1675 2206 1768 2246 nostro
1781 2207 1917 2247 judicio,
1945 2211 1997 2249 qui
2018 2213 2080 2241 Ca-

1185 2254 1285 2288 tholici
1291 2253 1394 2298 sumus
1406 2278 1418 2295 ,
1437 2254 1539 2296 fuerit
1549 2256 1760 2289 condemnatus
1772 2279 1783 2295 ,
1809 2266 1898 2299 atque
1910 2256 2016 2297 injuste
2028 2268 2080 2290 vo-

236 2307 345 2351 polim
365 2308 499 2343 advecto
521 2333 532 2348 ,
558 2307 666 2342 scribit
692 2308 730 2341 in
756 2306 923 2341 Breviario
949 2305 1121 2340 Liberatus
1186 2305 1270 2339 luerit
1293 2310 1419 2339 retinere
1444 2303 1619 2347 Ecclefiam,
1646 2307 1698 2339 vel
1708 2314 1830 2339 vocatus
1853 2309 1873 2338 ὰ
1894 2307 2076 2341 sacerdotale

238 2358 414 2393 Diaeonus
426 2373 437 2393 .-
465 2362 616 2402 Agapetus
634 2357 767 2392 anthimi
779 2381 790 2398 ,
816 2356 957 2391 haeretici
967 2367 1005 2390 ae
1017 2355 1121 2390 intru-
1175 2356 1290 2396 judicio
1302 2366 1360 2389 non
1370 2355 1464 2398 adesse
1477 2379 1489 2395 ‚
1516 2361 1630 2390 accitus
1642 2356 1686 2388 ad
1694 2355 1801 2389 Urbem
1812 2359 1938 2389 Romam
1951 2362 2054 2390 veniat
2066 2381 2077 2397 ,

237 2408 261 2440 fi
285 2407 647 2451 Constantinopolitani
669 2406 864 2442 Patriarchae
885 2432 896 2448 ,
928 2405 1120 2449 presentiam
1184 2404 1308 2447 autfiin
1319 2405 1568 2451 longinqquribus
1582 2406 1726 2440 Partibus
1737 2405 1906 2450 hujusmodi
1929 2405 2078 2450 emerserit

236 2455 357 2501 sprevit
368 2482 378 2498 ,
405 2469 526 2500 eumque
535 2460 578 2490 ad
583 2457 776 2500 salutandum
782 2454 927 2500 suscipere
938 2458 1047 2490 noluit.
1075 2457 1119 2490 Et

237 2507 341 2542 nullis
362 2507 555 2550 Principum
569 2532 579 2547 ,
605 2508 698 2551 ipsius
719 2507 820 2542 eriam
839 2506 994 2551 Augustae
1006 2503 1120 2540 Theo-

238 2556 323 2590 dorae
335 2557 501 2592 Promiffis
514 2581 524 2598 ,
553 2557 700 2601 precibus
709 2582 720 2598 ,
732 2567 788 2591 aut
801 2557 900 2591 minis
911 2557 950 2590 ad
966 2557 999 2591 id
1011 2558 1042 2591 se
1054 2567 1119 2601 per-

238 2607 324 2642 misit
359 2607 511 2643 inclinari
535 2634 541 2640 .
569 2607 614 2643 Et
643 2608 684 2641 de
719 2607 906 2642 Graecorum
930 2606 1122 2650 Episcopis,

239 2656 296 2690 fibi
309 2658 394 2692 circa
414 2659 474 2692 tria
485 2657 608 2692 famosa
623 2658 669 2692 Ca
674 2657 776 2701 pirula
796 2657 928 2692 obedire
937 2654 1119 2691 detrectan-

238 2707 346 2746 tibus,
360 2707 400 2742 ad
411 2718 545 2742 omnem
559 2707 732 2743 Ecclesiam
745 2708 862 2751 scripsit
873 2706 1020 2753 Vigilius
1033 2706 1120 2741 Pon·

240 2757 323 2792 tifex
335 2771 346 2790 :
372 2762 435 2792 Eos
448 2759 571 2792 ulterius
583 2769 639 2791 non
646 2756 831 2800 permifimus
854 2757 907 2800 effe
932 2756 1034 2797 nostrae
1044 2768 1119 2791 com-

239 2813 388 2842 mumoni:
397 2814 566 2851 participer
576 2833 587 2849 ,
614 2819 664 2842 nec
676 2808 740 2852 ads
729 2809 830 2851 penus
842 2818 935 2841 eorum
947 2809 1017 2841 oculi
1028 2807 1115 2848 nostri

238 2866 425 2901 receperunt.
454 2858 547 2894 Hinc
558 2860 591 2893 &
604 2856 745 2901 Pyrrhus
759 2883 768 2898 ‚
789 2856 1015 2902 Eutychianos
1029 2858 1115 2892 Con·

239 2908 538 2953 stantinopolitanae
550 2908 695 2944 Ecclefiae
707 2909 851 2943 Antistes
862 2933 872 2948 ‚
889 2909 907 2942 a
919 2908 1036 2942 Sancto
1049 2907 1118 2942 Ab·

240 2956 315 2993 bate
336 2960 490 2994 Maximo
510 2960 679 2994 convietus
698 2960 925 2999 ‹Sc-confusus,
951 2957 1117 2994 humiliter

240 3006 429 3050 supplicavit
441 3024 452 3044 .-
478 3016 539 3045 Hoc
550 3021 640 3044 unum
656 3008 788 3053 &solum
799 3021 865 3053 rogo
878 3033 888 3048 ,
910 3014 1043 3051 primum
1054 3015 1116 3051 qut-

245 3057 314 3089 dem
322 3067 353 3091 ut
363 3071 473 3094 merear
483 3060 642 3103 apostolica
650 3060 782 3095 Delubra
792 3085 802 3100 ‚
822 3064 916 3103 magis
927 3068 1029 3092 autem
1039 3058 1115 3102 ipsos

241 3105 430 3146 Ap⁰st⁰l⁰rum
445 3113 596 3158 Principes
608 3112 732 3145 adorare
743 3136 750 3143 .
778 3111 894 3144 Deinde
904 3112 975 3143 vero
987 3117 1019 3142 ut
1028 3111 1116 3142 liceat

236 3153 441 3198 sanc‘liffimum
463 3163 579 3203 Papam
599 3167 631 3194 in
648 3161 763 3203 faciem
783 3162 909 3200 videre,
933 3165 1014 3202 eique
1035 3159 1116 3199 libel·

240 3206 304 3238 lum
313 3216 409 3238 mrum
419 3231 429 3246 2
455 3219 516 3248 quae
541 3209 667 3254 absurde
682 3210 763 3256 gesta
781 3210 873 3254 sunt,
903 3212 1023 3245 tradere
1037 3235 1044 3243 .
1073 3210 1116 3245 Et

239 3255 376 3290 sanstus
399 3256 585 3301 Maximus,
610 3274 647 3296 ac
671 3262 852 3307 Gregorius
873 3260 1036 3295 Patricius
1058 3261 1116 3295 res-

241 3305 427 3347 ponderunt
450 3318 456 3338 :
485 3309 614 3350 ,Quando
631 3320 682 3345 tua
698 3310 849 3355 propofitio
870 3311 945 3345 bona
967 3310 1006 3350 est
1024 3318 1115 3353 atque

238 3356 326 3388 utilis
341 3379 351 3395 ‚
369 3354 407 3398 fic
420 3355 479 3398 fiat
493 3381 500 3388 .
528 3357 628 3391 Tunc
641 3360 803 3403 Pyrrhum
825 3373 867 3396 ex
881 3362 995 3396 Africa
1010 3372 1114 3405 porta·

240 3414 318 3439 runt
339 3405 503 3447 Romam,
530 3406 564 3439 &
583 3407 715 3443 Sanstus
737 3412 907 3447 Maximus
927 3412 1050 3455 pergit:
1079 3415 1114 3444 1n

241 3453 320 3490 hane
337 3455 552 3491 celeberrimam
563 3457 667 3492 Urbem
692 3462 817 3495 Romam
836 3473 902 3496 oum
927 3460 1054 3500 Pyrrhus
1066 3473 1114 3495 ve-

1183 2455 1298 2498 quaestto
1306 2481 1318 2498 ‚
1344 2457 1390 2490 ad
1398 2458 1626 2499 Metropolitum
1635 2457 1799 2491 deducatur
1823 2469 1965 2492 examen.
1994 2460 2050 2492 Vel
2050 2457 2082 2500 fi

1183 2503 1245 2547 ipse
1267 2507 1514 2548 Metropolitanus
1526 2505 1587 2545 est.
1615 2509 1742 2539 Romam
1763 2507 1938 2550 necessario,
1964 2509 2018 2542 vel
2034 2509 2079 2541 ad

1181 2567 1228 2589 eos
1241 2580 1252 2596 ‚
1279 2567 1349 2598 quos
1361 2559 1510 2588 Romanus
1522 2553 1688 2597 Episcopus
1693 2558 1725 2600 J
1728 2556 1828 2589 udices
1842 2558 1958 2591 dederit
1973 2582 1985 2599 ,
2012 2569 2077 2591 con-

1180 2607 1300 2640 tendere
1303 2605 1366 2648 fine
1378 2606 1524 2639 dilatione
1530 2604 1677 2644 Jubeatur
1688 2629 1695 2637 .
1726 2604 1769 2639 Et
1783 2605 1950 2650 Principes
1960 2609 2001 2644 ‚in
2025 2619 2077 2642 ea-

1181 2656 1256 2691 dem
1279 2655 1376 2691 verba
1398 2656 1643 2699 rescripserunt.
1671 2654 1857 2690 Paschasius
1876 2657 2076 2703 Qesnelius

1183 2718 1260 2741 cum
1271 2706 1373 2741 Petro
1382 2705 1424 2740 de
1434 2706 1547 2740 Marca
1558 2706 1669 2739 censet
1687 2705 1721 2740 ὃ(
1733 2706 1907 2749 Synodum
1922 2706 2075 2751 postulas—

1181 2758 1212 2791 se
1224 2782 1234 2798 ,
1260 2757 1294 2791 δε
1306 2757 1474 2800 Principes
1488 2756 1625 2790 sanxisse
1645 2765 1759 2791 contra
1773 2756 1929 2792 Canones
1939 2782 1946 2790 .

1231 2807 1432 2851 Respondeo
1443 2805 1529 2841 hanc
1540 2807 1602 2841 effe
1614 2816 1781 2841 enormem
1793 2807 2028 2842 contumeliam
2040 2810 2073 2845 ὃς

1181 2856 1214 2890 in
1229 2857 1322 2906 istam
1345 2857 1537 2900 synodum,
1565 2856 1597 2890 &
1624 2857 1659 2890 iu
1682 2856 1760 2892 istos
1775 2857 1942 2902 Principes
1953 2883 1960 2891 .
1988 2860 2073 2906 Qae

1181 2908 1383 2943 contumelia
1405 2907 1511 2951 major
1535 2932 1546 2948 ,
1572 2916 1668 2950 quam
1692 2915 1821 2942 tantum
1847 2907 2046 2942 Pontificem
2061 2932 2073 2949 ,

1180 2957 1311 3002 ejusque
1326 2957 1553 3002 Apostolicam
1566 2981 1577 2997 ,
1603 2957 1655 2991 cui
1671 2957 1804 2991 Sanctus
1816 2956 2008 2991 Ambrosius
2018 2957 2071 2993 ad·

1180 3008 1266 3048 fuit,
1292 3008 1464 3052 Synodum
1478 3008 1518 3042 de
1531 3007 1800 3051 Apostolicorum
1819 3007 1998 3042 Cauonum
2023 3009 2071 3042 in-

1180 3059 1336 3093 frastione
1349 3059 1505 3092 infamare
1519 3058 1534 3089 ἒ
1564 3057 1792 3099 Apostolicum
1804 3067 1947 3100 namque
1961 3059 2070 3093 Cano-

1180 3119 1255 3142 nem
1267 3109 1408 3142 omuino
1419 3108 1528 3143 laudat
1543 3108 1575 3140 in
1587 3107 1748 3142 relatione
1761 3106 1802 3141 ad
1824 3107 1978 3142 Sanctum
1993 3109 2068 3142 Cae-

1181 3159 1331 3193 lesiinum
1345 3158 1541 3193 Pontificem
1556 3154 1715 3200 Ephefina
1724 3155 1876 3200 synodus
1890 3181 1900 3197 ‚
1928 3157 2068 3193 scribens

1179 3219 1295 3244 contra
1307 3209 1442 3253 Ioannis
1451 3205 1642 3241 Patriarchae
1651 3207 1857 3242 Antiocheni
1867 3209 1892 3241 F
1893 3209 2067 3249 astionem,

1180 3260 1292 3294 ausam
1316 3259 1470 3294 damnare
1480 3257 1633 3292 Sanctum
1654 3257 1820 3299 cyrillum
1843 3257 2066 3293 patriarcham

1182 3309 1460 3344 Alexandrinum:
1487 3311 1520 3342 51·
1530 3307 1709 3349 quibuslibet
1716 3307 1847 3350 potestas
1867 3308 1926 3350 fiat
1946 3310 2066 3349 mojori-

1180 3360 1235 3394 bus
1258 3364 1276 3394 5
1279 3360 1384 3393 edibus
1393 3359 1599 3393 contumeliam
1623 3357 1773 3399 inserendi
1785 3383 1796 3400 ,
1824 3360 1857 3392 (θ’
1870 3365 1903 3392 in
1916 3359 1982 3392 illos
1997 3382 2007 3398 ,
2032 3363 2064 3390 in

1181 3422 1252 3453 quos
1265 3410 1430 3452 nthIJuris
1444 3409 1554 3443 habent
1566 3432 1576 3448 ,
1597 3407 1763 3451 sententias
1784 3409 2002 3451 pronuntiandi
2017 3409 2064 3449 us:

1181 3472 1235 3504 que
1245 3463 1318 3496 adeo
1328 3466 1447 3504 iniquas
1460 3485 1471 3502 ,
1498 3461 1532 3494 ὁ·
1544 3461 1564 3493 ὰ
1578 3459 1747 3494 canonibus
1766 3456 1965 3503 discrepantes
1977 3480 1988 3496 ,
2013 3457 2065 3491 vel

1913 3512 2014 3550 potiur
