2326 3718
237 2438 239 2442 “
298 2429 485 2464 AEmiliam
517 2454 527 2469 ,
557 2429 807 2473 Campaniam,
836 2430 976 2475 reliquas
998 2430 1191 2466 Provincias

342 244 472 271 morione
483 243 584 269 contra
596 231 797 271 Presbyterum
803 231 891 275 fisum
902 234 947 266 ad
952 231 1122 275 praefatam
1145 242 1223 264 exa·-

343 291 534 320 minationem
543 289 740 323 conveniant,
759 281 831 324 ficut
854 282 933 326 sacri
949 286 1084 315 Canones
1096 291 1131 313 ac
1145 283 1223 324 leges

337 341 518 379 praecipiunt
528 357 540 375 ,
565 342 599 368 ut
611 335 656 366 ad
665 335 829 367 Primatem
853 330 1072 375 uniuscuiusque
1098 334 1224 364 Provin-

339 391 394 419 ciae
418 391 471 428 qui
493 390 611 429 negotia
630 385 776 417 videntur
796 383 901 416 habere
912 406 924 422 ,
948 391 1121 416 concurrant
1135 405 1146 421 ,
1173 381 1225 417 vel

337 436 384 468 ad
404 436 543 472 synodum
557 459 568 475 ,
593 440 646 477 qui
667 432 701 476 se
724 431 807 476 laefhs
824 431 1014 472 existimant,
1039 435 1096 475 quo
1111 442 1169 465 non
1183 429 1220 471 fit

337 486 454 528 difficile*
466 484 550 526 testes
559 485 717 527 producere
733 506 745 522 ,
770 488 939 516 invitentur
951 507 958 514 .
985 481 1221 526 Trans-Alpinis

334 545 434 570 autem
444 560 455 576 ‚
481 537 515 570 cb·
525 537 597 568 aliis
607 540 659 577 qui
665 532 800 573 fimititer
812 537 844 564 in
855 533 1024 576 longinquis
1042 530 1221 574 Regionibus

333 596 551 619 commorantur
565 608 576 624 ,
600 582 755 625 Apostollca
765 582 853 615 Sedes
869 606 880 622 ,
907 580 1095 623 &sacrorum
1123 584 1220 614 Cano-

327 646 406 668 vratum
430 636 663 678 Promulgatores
682 656 694 673 ,
718 643 786 674 quae
797 630 871 675 sunt
881 636 1034 673 unicuique
1050 632 1219 665 Provinciae

333 686 474 727 pofflbilia
492 709 504 725 ,
528 687 563 718 (er
585 681 762 717 authoritati
784 686 991 716 convenientia
1005 705 1016 721 ,
1037 688 1131 723 'atque
1149 687 1219 723 paci

330 731 465 776 Ecclefiae
488 736 698 777 congruentia,
724 732 854 765 tenenda
876 733 1093 774 &exequenda
1110 730 1217 775 discre-

327 785 430 824 etffime*
436 783 637 826 praefixerunt
648 806 657 814 .
684 780 730 816 Et
743 782 786 815 D.
800 782 916 816 Petrus
928 782 968 815 de
989 781 1103 815 Marca
1127 793 1216 816 corn-

324 840 517 873 m'entatur;
543 836 727 867 Francorum
739 832 876 874 desiderio
886 831 1081 873 opponebatur
1103 830 1215 875 consue-

327 883 398 916 tudo
407 884 535 917 aliarum
548 881 741 924 Ecclefiarum
752 907 763 923 ,
788 893 854 925 quae
882 881 1070 921 Presbyteros
1082 884 1213 915 damna-

322 942 373 966 θοι
395 930 614 977 consentiebant
634 939 666 967 in
688 932 796 971 synodo
822 935 978 972 Romana,
1004 938 1050 965 cui
1073 931 1212 976 Episcopi

319 994 426 1018 -eorum
436 985 599 1027 interessent
611 1008 623 1025 ‚
641 983 791 1024 judicari.
826 983 953 1024 Excipit
963 985 1128 1024 Imperator
1133 991 1213 1024 prae-

322 1034 405 1068 clare
427 1035 589 1069 admodum
601 1056 612 1072 ‚
638 1030 790 1074 disparem
814 1032 867 1074 effi·
886 1036 1028 1065 rationem
1049 1031 1209 1075 Episcopo-

319 1095 390 1117 rum
410 1087 553 1117 Romanae
578 1081 651 1115 Urbi
664 1086 827 1115 vicinorum
839 1104 850 1121 ,
877 1082 913 1116 &
936 1092 1032 1115 eorum
1042 1088 1092 1125 qui
1103 1092 1208 1117 trans—

321 1134 412 1174 Alpes
423 1133 529 1176 ᾔσθη.
558 1131 627 1165 Illos
639 1131 780 1172 quippei
799 1134 889 1173 Papa
917 1132 1079 1175 consecrari
1090 1158 1101 1175 ,
1127 1135 1210 1167 &ad

312 1184 385 1223 <ejus
396 1184 539 1221 synodum
547 1185 721 1223 pertinere,
745 1183 800 1223 quo
821 1180 983 1224 secundum
1005 1186 1142 1218 Canones
1161 1196 1206 1218 ac·

319 1234 422 1268 cedere
433 1238 596 1273 tenentur,
621 1230 739 1273 ideoque
764 1235 892 1275 intereJJe
907 1234 984 1275 poffe
995 1233 1206 1268 examinandis

314 1282 442 1324 querelis
466 1303 478 1320 ,
503 1292 580 1323 quas
614 1292 711 1315 eorum
748 1282 915 1321 Presbyteri
941 1291 1110 1323 proponunt
1132 1308 1139 1315 .
1166 1287 1205 1316 At

309 1329 621 1374 Trans-Alpinorum,
645 1332 825 1373 aliorumque
851 1337 902 1373 qui
926 1337 959 1363 in
969 1334 1135 1375 longinquis
1148 1336 1201 1368 Re-

307 1381 450 1426 gionibus
475 1389 711 1420 commorantur,
735 1379 886 1424 diversam
908 1381 959 1424 esse
980 1380 1118 1425 causam.
1145 1388 1203 1416 Ca-

302 1441 401 1464 -mnes
414 1431 448 1464 Θ
460 1431 584 1464 Decreta
608 1430 787 1473 Pontificum
804 1430 884 1465 nibil
891 1433 977 1465 aliud
986 1432 1025 1465 ab
1038 1439 1080 1467 eis
1091 1433 1203 1478 exegis-

307 1477 342 1523 se
355 1504 366 1519 ,
389 1489 481 1521 quam
502 1481 538 1513 id
560 1481 637 1525 quod
652 1481 778 1522 poffibile
787 1480 908 1523 fuerit,
935 1484 968 1516 ὢ·
980 1484 1059 1526 quod
1067 1483 1202 1517 authori-

306 1532 371 1562 ·tati
392 1533 551 1564 canonica·
563 1554 574 1570 ,
597 1536 725 1573 pacique
746 1531 949 1573 Ecclesiasticae
970 1532 1197 1576 conftntaneum

305 1578 387 1620 foret
410 1604 418 1612 .
445 1582 616 1623 Nunquam
636 1579 758 1614 adiano:
784 1581 1014 1623 Trans-Alpinos
1038 1580 1198 1624 Episcopos

304 1631 357 1663 ad
372 1634 429 1663 iter
451 1633 620 1663 Romanum
642 1638 698 1672 pr'o
716 1629 924 1673 quaestionibus
941 1632 1193 1672 Presbyterorum.

306 1681 505 1724 ,Quamquam
515 1679 641 1723 fortaffe
667 1686 713 1713 ita
733 1679 905 1722 usurpatum
930 1681 969 1713 ab
989 1686 1030 1713 iis
1045 1705 1055 1720 ,
1081 1686 1132 1722 qui
1153 1683 1198 1713 ad

305 1728 464 1775 specialem
483 1728 623 1770 Episcopi
635 1732 763 1760 Romani
774 1728 922 1770 Dioecefim
930 1729 1122 1770 pertinebant
1133 1753 1139 1761 .

351 1777 505 1825 (Quaestio
529 1787 618 1818 erat,
645 1777 704 1812 An
726 1776 891 1812 Gallicani
916 1777 1102 1822 Presbyteri
1126 1781 1196 1822 pos-

301 1828 375 1864 ·sent
394 1851 406 1867 ,
433 1828 636 1872 praetermiffa
654 1829 719 1862 suae
738 1828 921 1863 Provinciae
949 1829 1086 1872 Synodo
1098 1853 1109 1870 ,
1134 1829 1197 1864 im-

303 1876 452 1913 mediate
471 1877 617 1912 Romam
639 1889 835 1922 provocare.
863 1879 907 1912 Et
928 1878 1102 1914 Pontificis
1115 1891 1195 1914 cau·-

297 1929 373 1963 {am
384 1926 558 1972 adjuvabat
570 1938 741 1972 perpetuus
752 1940 823 1964 mos
839 1930 943 1964 totius
953 1930 1053 1965 Italiae
1065 1954 1076 1970 ‚
1103 1930 1195 1974 eujus

301 1978 499 2026 Presbyteri·
513 1979 558 2013 ita
579 1977 809 2022 appellabant,
835 1980 869 2014 δε
892 1990 1033 2025 quorum
1062 1980 1195 2024 Episco-

295 2039 362 2073 ΔΡος
383 2028 472 2072 Papa
494 2027 651 2063 evocabat
675 2029 716 2063 ad
741 2032 995 2065 retrastatorium
1008 2031 1171 2075 Judicium
1187 2056 1194 2063 .

302 2078 410 2114 Porro
421 2079 653 2114 Romanorum
665 2079 846 2123 Episcopus
871 2080 917 2114 est
931 2093 1000 2115 non
1015 2081 1193 2116 solummo—

296 2128 349 2164 do
382 2129 469 2173 Papa
495 2153 506 2169 ‚
533 2129 587 2164 sed
611 2129 740 2173 insuper
760 2130 957 2165 Occidentis
982 2130 1194 2172 Patriarcha,

303 2177 472 2214 Exarchus
481 2178 603 2221 Italiae,
629 2191 667 2213 ac
677 2179 896 2223 Metropolim
917 2182 979 2214 sua:
989 2180 1192 2215 Provinciae.

299 2230 348 2264 Et
360 2228 456 2273 hujus
467 2240 582 2264 omnes
595 2229 777 2273 Episcopus
789 2231 976 2271 consecrat,
1003 2232 1192 2266 consecran-

297 2279 363 2314 dos
391 2289 508 2314 evocat
526 2279 569 2314 ad
587 2280 659 2313 suas
677 2290 813 2321 manus,
839 2280 872 2314 δι
897 2281 955 2314 suo
979 2289 1124 2324 tempore
1151 2281 1190 2315 ad

298 2331 373 2364 suas
387 2330 609 2364 Provinciales
623 2327 777 2372 Synodos
787 2355 796 2362 .
826 2330 908 2364 Haec
919 2329 1093 2365 Provincia
1107 2331 1190 2366 olim

305 2387 376 2413 erat
412 2379 586 2414 vastissima
614 2391 621 2410 :
659 2378 967 2425 Comprehendebat
1006 2380 1164 2416 Picenum
1180 2407 1191 2422 ‚

291 2481 405 2523 -usque
429 2480 471 2514 ad
495 2480 589 2514 Mare
611 2479 763 2522 Jonium,
791 2480 962 2524 ipsamque
987 2475 1134 2516 siciliam
1157 2482 1190 2515 &

294 2529 489 2565 Corsicam.
516 2528 584 2564 Isto
596 2530 731 2574 quidem
741 2540 887 2574 tempore
898 2529 1044 2565 Siciliam
1056 2556 1068 2573 ,
1093 2531 1189 2566 Cala·

301 2579 431 2620 briam,
460 2579 617 2622 Apuliam
638 2604 650 2621 ,
678 2580 823 2624 aliasque
848 2580 950 2615 Italiae
971 2579 1192 2622 Provincias,

303 2641 361 2675 per
383 2629 566 2665 haereticam
587 2630 714 2664 Leonis
740 2630 838 2665 Isauri
851 2630 1056 2673 Imperatoris
1065 2631 1191 2666 violen-

303 2681 385 2714 tiam
397 2681 565 2716 abstrastas
577 2705 588 2721 ,
614 2679 783 2715 detinebat
795 2678 981 2715 patriarcha
1003 2680 1192 2715 Constanti-

303 2729 516 2771 nopolitanus
538 2743 545 2762 ;
572 2728 698 2765 Verum
723 2729 879 2764 violentia
905 2740 973 2763 non
1001 2731 1191 2773 praejudicat

305 2778 387 2822 juri.
415 2780 489 2813 Rex
503 2780 602 2823 igitur
612 2779 774 2819 Carolus,
798 2790 837 2813 ac
849 2779 1066 2823 Metropolita
1084 2780 1188 2814 Hinc-

305 2839 414 2863 marus
428 2830 588 2864 affirmant
598 2828 714 2864 harum
726 2827 918 2874 Regionum
929 2829 1078 2864 Clericos
1099 2831 1186 2873 posse

302 2879 323 2913 ἢ
336 2878 467 2914 suorum
482 2879 718 2924 Episcoporum
732 2879 900 2914 sententiis
909 2878 1070 2924 appellare
1081 2881 1121 2915 ad
1131 2880 1189 2915 Pa-

305 2941 382 2972 pam
394 2954 405 2970 ,
427 2940 525 2974 atque
537 2929 681 2973 ipsorum
689 2926 873 2974 Episcopos
882 2929 923 2964 ad
936 2931 1187 2965 retranatorium

304 2979 469 3021 'judicium
490 2979 509 3014 a
530 2979 618 3025 Papa
636 2979 790 3021 evocari,
819 2991 860 3014 eo
885 2980 972 3023 quod
1000 2981 1036 3015 fit
1047 2981 1189 3023 ipsorum

305 3028 604 3071 Metropolitanus,
630 3030 769 3072 ideoque
797 3024 865 3063 non
889 3029 1031 3064 habeant
1042 3029 1131 3064 aliud
1142 3042 1190 3065 re·

305 3125 562 3168 Trans—Alpinis
574 3152 584 3168 ‚
611 3128 805 3165 habentibus
816 3129 887 3164 suas
900 3130 1040 3174 proprias
1051 3130 1188 3164 Provin-

305 3274 477 3308 vocandas.
494 3273 537 3307 Et
547 3275 679 3317 quidem
693 3276 715 3309 fi
726 3277 821 3311 isthic
834 3280 962 3316 stetisset
973 3279 1187 3319 Hincmarus,

306 3076 436 3119 fugium
448 3101 454 3108 .
483 3078 530 3111 At
538 3079 637 3125 longe
647 3081 746 3116 aliam
755 3079 816 3114 effe
825 3081 987 3115 rationem
1001 3080 1034 3114 in
1049 3079 1188 3114 Clericis

304 3175 375 3209 cias
391 3199 402 3214 ‚
428 3176 572 3218 proprios
584 3177 834 3222 Metropolitas,
861 3180 1066 3224 propriasque
1085 3180 1188 3222 Syno-

306 3225 385 3259 dos.
413 3225 482 3258 Eos
507 3225 645 3269 obligari
658 3227 699 3260 ad
723 3229 797 3262 istas
808 3231 961 3273 synodos
973 3229 1120 3273 proxime
1138 3230 1188 3264 in-

306 3336 377 3359 non
389 3322 516 3357 carebat
525 3323 753 3366 fundamento,
765 3327 798 3360 &
811 3338 935 3370 poterat
946 3328 1110 3366 exaudiri.
1139 3330 1185 3363 At

306 3423 535 3474 Apostolieam
546 3421 696 3462 adversus
720 3425 849 3460 suarum
876 3428 1083 3470 synodorum
1101 3430 1187 3474 Judi-

304 3374 375 3408 istis
385 3373 523 3408 Clericis
546 3374 670 3406 auferre
685 3376 869 3411 facultatem
881 3379 1183 3419 invocandiSedern

838 150 925 197 DE
959 147 1333 196 GALLICANAE
1367 141 1674 197 EchEsrn

1275 227 1329 263 ‹cia
1352 250 1363 266 ‚
1389 229 1424 264 ὅτ.
1443 229 1638 269 Africanum
1661 245 1786 270 morem
1804 236 1997 281 'protrudere
2019 237 2056 273 in
2078 239 2163 276 'Gal‘

1282 278 1358 310 liam
1370 302 1381 318 ,
1407 289 1474 314 erat
1495 285 1669 318 criminosa
1686 288 1890 330 praesumptio
1904 313 1911 320 .

1329 327 1530 367 Hincmarus
1540 332 1606 368 haec
1616 334 1740 376 opt-ime
1753 347 1845 379 norat
1859 363 1871 371 ⁴.
1898 338 2006 374 Norat
2028 339 2160 375 inferio-

1282 388 1349 411 rern
1370 379 1471 414 totius
1497 382 1617 418 Mundi
1629 385 1762 425 Clerum
1775 387 1896 431 semper
1909 389 1927 422 a
1940 390 2003 424 suis
2011 390 2157 433 Synodis

1278 430 1465 471 provocasse
1474 429 1614 475 Romam
1627 460 1637 475 ‚
1664 431 1781 469 &istas
1794 438 2046 480 provocationes
2071 441 2157 475 sern-

1279 489 1333 520 per
1356 480 1448 513 fuiffe
1468 481 1597 518 directas
1618 485 1798 520 secundum
1823 486 1978 522 Canones
1990 490 2168 525 Sardiceoez

1279 528 1324 562 ses
1339 553 1346 561 .
1373 530 1452 563 Hoc
1464 531 1552 567 nodo
1565 545 1600 568 ut
1611 535 1641 569 se
1661 535 1816 577 extricet,
1844 538 2047 580 prosequitur
2060 553 2072 574 .-
2099 545 2156 575 Le-

1270 584 1371 622 gimus
1392 586 1482 613 etiam
1501 585 1642 623 quamvis
1671 588 1810 626 rariffime?
1834 597 2019 630 praeceptum
2039 590 2060 620 ἁ
2080 592 2155 624 Sede

1277 629 1434 671 Apostolicn
1455 656 1465 670 ,
1493 631 1634 675 quosdam
1660 636 1697 669 de
1718 638 1971 681 longinquiortbus
1998 639 2153 674 Parocbns

1272 678 1408 721 specialis
1430 681 1561 723 Dioecefis
1592 686 1716 716 Romani
1730 687 1903 728 Pontificts,
1929 691 1975 722 ad
1982 691 2065 730 cujus
2073 688 2153 733 solli·-

1273 732 1432 764 citudinem
1442 730 1621 774 universalis
1634 734 1757 774 Ecclefia
1765 745 1898 778 pertinet
1912 764 1923 780 ‚
1945 748 2070 781 propter
2087 751 2154 773 con-

1273 789 1402 814 tumaces
1414 788 1611 816 contentiones
1622 784 1741 825 aliquas
1743 784 1833 829 futffe
1857 795 2003 822 invitatos
2014 814 2022 822 .
2048 791 2106 823 Sed
2113 791 2151 823 de

1273 829 1498 873 Trans-Alpinis
1513 833 1689 875 Regionibus
1702 859 1713 874 ,
1739 834 1841 876 quibus
1849 840 1965 874 decreta
1977 842 2150 883 Privilegia

1267 877 1390 922 servari
1401 881 1508 915 debent
1518 907 1529 922 ‚
1552 883 1611 916 tale
1623 885 1700 926 quid
1704 892 1761 925 pro
1776 887 2013 924 Presbyter-orum
2027 891 2061 923 (π
2078 893 2152 922 Dia-

1270 940 1404 964 conorum
1429 933 1626 973 appellatione
1645 935 1666 966 ἃ
1688 936 1761 967 sede
1783 935 1941 977 Apostolica
1970 947 2152 980 praeceptum

1265 979 1353 1023 fuiffe
1388 993 1446 1014 non
1471 982 1595 1026 legimus
1626 1007 1635 1015 .
1668 982 1732 1017 Per
1767 984 1967 1030 longinquas
2005 988 2153 1032 specialis

1272 1029 1428 1065 Dioecefis
1440 1031 1586 1066 Romani
1601 1031 1774 1068 Pontificis
1797 1034 1973 1071 Parochias
1994 1038 2152 1083 intelligit

1269 1090 1402 1115 omnem
1426 1080 1683 1118 Patriarchatum
1707 1083 1898 1120 Romanum
1920 1111 1927 1119 .
1953 1087 2088 1123 Fatetur
2107 1100 2151 1123 ex

1262 1131 1499 1166 ,remotioribus
1523 1133 1613 1168 istius
1637 1133 1876 1171 patriarchatus
1901 1136 2085 1172 Provinciis
2110 1150 2151 1173 ac

1268 1179 1438 1215 Parochiis
1461 1182 1671 1226 Presbyteros
1695 1186 2070 1231 quandoqueappellasse
2082 1189 2151 1223 Ro-

1266 1231 1372 1271 mam,
1400 1232 1434 1267 δε
1459 1232 1639 1276 Episcopos
1649 1234 1690 1268 ad
1703 1235 1956 1271 retrastatorium
1982 1238 2149 1280 Judiciurn

1266 1290 1421 1314 evocatos
1430 1283 1644 1325 comparuisse
1659 1296 1670 1317 :
1698 1282 1823 1319 Veram
1836 1285 2006 1325 rariffitne‚
2021 1287 2055 1321 δι
2069 1298 2152 1322 non-

1266 1329 1322 1363 nisi
1334 1330 1379 1364 ob
1389 1341 1599 1366 contumaces
1612 1333 1846 1369 contentiones
1858 1361 1866 1368 .
1893 1334 2000 1370 Addit
2012 1334 2047 1370 id
2065 1348 2151 1372 nun-

1265 1390 1362 1424 quam
1375 1382 1494 1415 fastum
1509 1383 1542 1414 in
1560 1382 1668 1429 Gallia
1680 1396 1692 1416 .·
1719 1382 1772 1425 Ec>
1783 1384 1872 1428 quod
1884 1386 1951 1429 ipsa
1960 1387 2046 1421 circa
2059 1384 2149 1422 hunc

1263 1431 1435 1466 articulum
1459 1429 1576 1466 habeat
1600 1433 1774 1478 singularia
1800 1433 1978 1481 Privilegia
2001 1461 2009 1469 .
2035 1435 2149 1471 'Nem-

1262 1491 1300 1525 pe
1311 1480 1485 1525 Privilegia
1498 1482 1662 1517 Africanae
1679 1484 1827 1518 Ecclefiae
1838 1509 1845 1516 .
1870 1486 1952 1532 Qo
1968 1486 2002 1520 in
2026 1488 2148 1529 punito

1260 1530 1443 1573 graviffime
1466 1530 1604 1564 labitur.
1629 1532 1738 1566 Lucet
1750 1545 1794 1567 ex
1819 1535 1914 1577 supra
1935 1534 2082 1569 adductis
2103 1546 2150 1570 te*

1259 1577 1423 1615 stimoniis
1446 1578 1551 1613 Sansti
1575 1579 1701 1615 Leonis
1725 1581 1760 1615 in
1773 1583 1908 1626 epistola
1919 1583 1959 1618 ad
1972 1584 2147 1626 Rusticum

1261 1627 1529 1668 Narbonensem,
1556 1630 1664 1662 Sansti
1690 1631 1785 1664 Aviti
1798 1633 1843 1665 vin
1855 1633 1971 1667 litteris
1989 1634 2031 1668 ad
2044 1635 2147 1670 Anse-

1259 1676 1422 1710 mondum
1434 1701 1445 1717 ,
1473 1676 1597 1721 Pelagii
1620 1679 1715 1720 primi
1729 1680 1762 1713 in
1778 1680 1950 1725 Rescripto
1961 1682 2002 1718 ad
2020 1683 2148 1728 Sapau-

1257 1724 1336 1760 dum
1360 1726 1606 1767 Arelatensem,
1633 1739 1670 1762 ac
1694 1728 1850 1773 Gregorii
1874 1731 1960 1766 tertii
1973 1733 2008 1766 in
2029 1733 2146 1768 litteris

1257 1776 1299 1810 ad
1313 1777 1467 1811 Sannum
1495 1776 1708 1815 Bonifacium
1722 1804 1729 1811 .
1756 1779 1859 1814 Porro
1868 1781 1959 1824 quod
1971 1780 2145 1818 Gallicana

1257 1826 1399 1861 Ecclesia
1414 1827 1498 1865 circa
1509 1827 1679 1862 Romanas
1691 1828 1854 1864 inferioris
1868 1831 1959 1868 Cleri
1983 1831 2145 1876 Appella-

1256 1877 1364 1911 tiones
1376 1875 1525 1911 habuerit
1540 1877 1757 1923 privilegium
1771 1891 1827 1915 aut
1838 1892 1962 1916 morem
1980 1881 2144 1923 Africanas

1257 1926 1426 1967 Ecclefiae,
1453 1928 1499 1961 est
1525 1928 1682 1964 frivolum
1704 1941 1944 1975 nugamentum
1962 1957 1970 1964 .
1996 1928 2143 1971 Proinde

1255 1975 1323 2011 haec
1337 1977 1513 2012 Hincmari
1525 1980 1677 2022 exceptio
1688 1980 1808 2015 merito
1828 1981 1890 2016 fuit
1909 1982 2045 2017 refutata
2056 2006 2064 2015 .

1305 2027 1421 2062 Petrus
1446 2028 1487 2062 de
1513 2028 1630 2063 Marca
1648 2028 1899 2076 pergit‘agitare
1909 2033 2140 2076 quaestionem,

1257 2076 1312 2112 An
1327 2077 1492 2113 Gallicani
1504 2078 1685 2123 Presbyteri
1697 2082 1825 2123 possent
1836 2082 1854 2116 a
1866 2082 1995 2116 suorum
2010 2083 2142 2126 Episco-

1258 2139 1372 2171 porum
1383 2128 1519 2171 Judiciis
1530 2129 1720 2164 immediate
1731 2154 1743 2171 ,
1770 2131 1914 2176 neglesta
1927 2133 1987 2166 suae
2003 2132 2144 2167 Provin-

1254 2179 1314 2211 ciae
1326 2178 1466 2220 synodo
1477 2203 1487 2218 ,
1513 2189 1694 2222 provocare
1719 2180 1759 2214 ad
1774 2181 1972 2216 Pontificem
1985 2206 1997 2223 ‚
2020 2183 2057 2218 &
2067 2193 2142 2226 pro-

1254 2228 1416 2271 sequitur:
1444 2232 1490 2260 Et
1505 2232 1643 2273 Joannis
1666 2231 1783 2272 quidem
1804 2235 1887 2264 VIII.
1909 2234 2027 2265 videtur
2039 2235 2140 2273 majo·-

1252 2289 1315 2311 rem
1326 2284 1520 2320 antiquarum
1529 2279 1742 2318 institutionum
1763 2292 1863 2313 curam
1875 2279 2003 2323 habuisse
2010 2281 2073 2322 post
2091 2293 2141 2315 ac·

1252 2335 1366 2369 ceptam
1379 2329 1481 2361 Caroli
1498 2329 1645 2370 epistolam
1658 2354 1669 2370 ,
1695 2342 1788 2372 quam
1810 2334 1933 2364 Decreto
1955 2331 2054 2364 oc‘i'avt
2065 2333 2141 2364 Con-

1254 2378 1315 2411 cilti
1335 2383 1447 2411 muniri
1471 2376 1679 2422 conspiciebat.
1710 2382 1833 2423 ,Quippe
1855 2382 1875 2412 5
1878 2379 1994 2422 igebodo
2019 2380 2141 2427 Narbo·

1256 2427 1338 2468 nenfi
1347 2427 1436 2461 Arc-bi
1448 2446 1459 2453 -
1472 2428 1615 2470 Episcopo
1627 2431 1788 2471 exprobrat
1802 2427 1930 2471 facinus
1955 2431 2141 2472 quorundam

1255 2475 1465 2520 Epifi‘oporum
1487 2481 1656 2512 Provinciae
1678 2478 1881 2520 Narbonenfis
1905 2504 1916 2520 ‚
1943 2486 1996 2523 qui
2013 2479 2140 2520 Presby-

1254 2537 1351 2562 terum
1377 2530 1532 2570 quemdam
1556 2527 1720 2572 accusatum
1745 2531 1790 2564 «τά
1813 2531 1917 2563 sedem
1951 2529 2139 2572 apostolicam

1253 2579 1388 2611 accedere
1415 2578 1566 2621 ‚iusserant
1608 2603 1619 2620 ,
1652 2585 1774 2612 interim
1810 2582 1883 2613 vero
1923 2589 1989 2612 eum
2017 2578 2141 2622 suspen-

1253 2628 1360 2661 derant
1380 2652 1392 2669 ,
1417 2640 1452 2660 ac
1476 2626 1653 2670 quibusdam
1680 2633 1821 2670 epitimiis
1848 2652 1859 2667 ,
1898 2627 1977 2661 idest
2008 2652 2019 2669 ,
2039 2630 2140 2671 poeni-

1254 2678 1368 2712 tentiis
1398 2687 1595 2712 oneraverant
1615 2703 1626 2719 ‚
1653 2679 1738 2712 donec
1766 2680 1855 2712 aliter
1875 2676 2011 2721 summus
2035 2681 2137 2713 Ponti-

1249 2726 1306 2768 fex
1320 2727 1483 2771 statuiffin.
1514 2730 1606 2762 Porro
1631 2740 1672 2768 ea,
1691 2730 1728 2762 de
1743 2727 1829 2771 causa
1840 2727 2046 2768 Presbyterum
2054 2729 2138 2763 illum

1255 2781 1382 2810 Romani
1413 2776 1554 2821 Episcopi
1555 2780 1685 2823 Judt‘cio
1712 2777 1938 2821 commiserant,
1962 2777 2136 2821 quode-ausa

1256 2828 1348 2861 dubia
1367 2827 1434 2870 effet
1446 2852 1453 2859 .
1481 2830 1576 2862 Addit
1595 2831 1667 2863 vero
1678 2828 1826 2863 reeerllos
1846 2829 1882 2861 id
1890 2839 1976 2871 agere
1991 2829 2113 2871 potuisse
2123 2852 2135 2868 ,

1248 2875 1278 2918 fi
1293 2888 1327 2910 ea
1350 2877 1386 2910 in
1411 2877 1557 2921 plenario
1579 2879 1737 2914 Concilio
1752 2882 1951 2917 examinata,
1975 2878 2136 2920 eonstitrffet

1256 2927 1307 2972 effe
1329 2927 1475 2969 difficilem
1488 2953 1496 2960 .
1524 2932 1573 2962 Eo
1593 2935 1672 2962 enim
1692 2926 1759 2971 casu
1783 2925 1890 2968 confidi
1897 2928 2020 2970 potuisse
2031 2930 2135 2962 sedem

1256 2976 1443 3019 apostolicam
1464 3003 1476 3020 ,
1496 2976 1656 3021 secundum
1685 2984 1843 3020 antiquam
1877 2976 2133 3021 conficetudineme

1256 3027 1313 3062 Ut
1334 3028 1380 3063 ita
1402 3029 1484 3063 facta
1503 3027 1631 3071 Scripto
1653 3028 1830 3068 relatione,
1856 3027 1879 3064 fi
1900 3028 1978 3070 quid
1990 3028 2132 3063 dubium

1253 3077 1313 3112 fibi
1325 3078 1375 3111 vel
1386 3079 1520 3113 difficile
1530 3077 1686 3122 ingessisse
1707 3078 1891 3118 videretur,
1917 3077 2065 3112 nostrum
2083 3079 2133 3112 su-

1253 3138 1308 3171 per
1328 3126 1415 3169 hoc,
1440 3139 1532 3162 more
1552 3128 1678 3171 prisco,
1706 3129 1882 3162 Decretum
1902 3129 2130 3171 exposcerent.

1252 3173 1444 3220 ,Quapropter
1451 3179 1483 3221 J
1483 3188 1592 3211 oannes
1602 3183 1791 3221 cognitionem
1802 3177 1886 3220 illam
1898 3202 1909 3217 ,
1934 3179 1974 3211 ab
1983 3190 2014 3212 eo
2023 3180 2131 3210 Metro-

1246 3228 1380 3270 politano
1398 3227 1508 3271 J'uscipi
1524 3227 1638 3270 jubet,
1664 3236 1697 3260 ut
1713 3230 1785 3270 jure
1798 3234 1919 3270 proprio
1927 3238 1992 3261 eam
2003 3224 2129 3266 definiat

1251 3287 1316 3310 cum
1323 3278 1449 3320 Collegis
1457 3276 1521 3320 sais
1538 3302 1547 3310 .
1573 3278 1656 3312 Haec
1672 3279 1746 3312 sunt
1757 3278 1852 3312 verba
1863 3275 2034 3311 Pontificis
2047 3288 2053 3307 :
2067 3280 2129 3309 Er-

1248 3329 1288 3372 go?
1303 3325 1411 3370 saltem
1431 3337 1507 3360 nune
1529 3330 1723 3361 Fraterm'tas
1737 3338 1810 3370 tua,
1834 3326 2050 3367 Metropolitum·
2054 3328 2127 3367 jure

1250 3382 1347 3420 potita
1358 3401 1369 3417 ‚
1394 3387 1432 3410 ex
1443 3379 1474 3408 E
1471 3375 1598 3419 piscopt‘s
1606 3376 1705 3420 sub'se
1716 3380 1880 3423 degentium
1893 3376 1944 3408 vel
1962 3381 2126 3409 vicinorum

1248 3426 1305 3472 sete
1324 3427 1385 3464 unc?
1403 3437 1470 3462 cum
1492 3426 1654 3471 Episcopo,
1679 3431 1765 3471 cujus
1775 3426 1872 3469 estiste
1884 3424 2125 3492 Parfciaesfibi

1933 3494 1949 3520 Δ
1957 3480 2054 3509 ocians
2065 3499 2077 3517 ,
