2326 3718
376 173 446 225 74

795 155 1294 202 DaGALLICANAE
1329 156 1641 205 Ecemsm

307 258 438 286 eantur,
463 248 540 280 &in
551 245 780 275 communionem
791 250 850 284 per
874 248 996 275 veniam
1016 243 1138 274 admitti
1152 251 1195 273 ro-
1254 242 1416 275 Romauae
1428 242 1573 281 Ecclefiae
1596 256 1710 283 contra
1734 247 1806 283 istas
1819 250 1950 294 injurias
1970 252 2131 288 auxilium

302 310 382 342 gant
421 296 534 340 Julius
558 304 602 326 ex·
613 291 727 334 consilio
748 299 871 325 veniam
894 315 905 333 ,
930 303 1020 334 quam
1044 292 1190 330 orabant,

306 351 439 389 impertit
453 369 464 384 ,
490 353 523 376 ut
532 354 597 377 cum
606 344 685 376 lucro
698 342 860 377 Catholicae
871 341 1006 383 Ecclefiae
1029 347 1111 375 vires
1124 353 1193 384 quo-

302 409 359 440 que
368 394 536 430 detraheret
547 391 669 428 Arianis
680 419 691 435 ,
716 405 781 427 cum
807 405 852 426 cos
867 416 877 432 ‚
905 399 955 434 qui
966 398 1126 426 veritatem
1138 403 1191 424 an·

303 453 333 479 t'e
355 444 577 484 turbaverant,
602 443 706 487 consilii
728 443 819 482 hujus
841 443 874 475 e·
890 444 1028 476 audacia
1040 450 1188 488 poeniten-

1254 292 1507 335 imploraverit,‘
1522 296 1655 343 &quod
1677 299 1777 344 ipsam
1800 303 1980 343 accerserit,
2007 306 2133 338 semeti-

1252 343 1344 384 psum
1365 352 1598 388 expurgaturus
1620 374 1629 389 ,
1657 361 1695 382 ac
1722 352 1917 392 reparandus
1940 377 1947 385 .
1984 353 2129 394 Tertio,

1252 392 1340 434 quod
1359 391 1399 426 ad
1411 393 1497 428 istud
1516 399 1774 436 retrattarorium
1786 400 1954 443 Iudicium
1966 406 2129 449 rogaverit

1250 442 1394 476 Romam
1407 447 1535 480 evocari
1558 447 1648 483 istius
1659 451 1785 493 Synodi
1810 453 1999 493 Antistites,
2024 455 2131 490 reddi-

299 503 345 530 tes
360 521 370 537 ,
395 501 430 529 in
438 501 665 530 communionem
684 493 870 526 Catholicam
886 499 942 534 per
953 500 1077 526 veniam
1087 503 1188 525 rocon·
1248 502 1338 529 turos
1349 495 1395 527 sui
1417 495 1525 538 operis
1544 498 1723 541 rationem,
1749 513 1787 535 ac
1799 501 1841 535 de
1863 502 2038 545 iniquitate
2047 516 2127 539 con-

298 547 408 581 ciliatae
428 552 514 594 pacis
533 546 724 578 admitteret.
754 541 804 575 Ex
830 542 880 576 his
907 543 998 576 vides
1019 543 1184 585 duplicem

298 597 374 641 lapsi
393 622 403 637 ,
431 597 531 631 etiam
541 595 663 629 Clerici
686 605 722 627 ac
736 593 909 636 Episcopi,
937 591 1104 635 reparandi
1123 593 1184 625 for·

297 658 385 682 mam
406 648 468 681 effe
491 644 763 690 antiquissimam:
790 642 920 685 Nempe
945 641 1182 686 reparationem

295 707 351 741 per
362 696 519 740 justitiam
529 720 540 737 ,
550 708 586 729 ac
596 695 833 738 reparationem
845 704 900 735 per
909 691 1178 736 dispensatoriam

292 749 433 792 gratiam
446 772 453 779 .
481 744 578 779 Certe
592 745 695 787 Julius
707 753 775 777 non
789 743 833 776 est
847 743 969 786 primus
980 741 1113 777 Author
1122 741 1179 776 hu-

289 796 342 839 -jus
353 796 532 831 clementiae
547 818 558 835 ,
581 795 742 829 sedetiam
753 794 786 827 in
800 792 863 827 hoc
877 792 1014 827 articulo
1025 794 1177 837 sequutus

291 847 431 890 priorem
450 845 614 885 R‘omanae
627 845 777 880 Ecclefiae
789 842 1056 883 consuetudinem
1072 867 1079 874 .
1094 844 1176 879 Ean·

289 897 363 930 dem
377 897 479 942 igitur
489 896 630 942 gratiam
642 894 815 940 postulavit
827 893 983 927 Marcion
997 917 1004 924 .
1029 893 1173 940 Qapro·

289 957 358 990 pter
369 957 506 986 omnem
529 945 622 980 istam
634 944 872 979 authoritatem
894 945 1033 988 agnovit
1057 945 1093 976 in
1107 943 1174 977 Ro-

289 1008 388 1031 mana
412 996 556 1032 Ecclesia
579 1008 588 1034 ;
626 994 876 1029 Authoritatem
904 1004 974 1028 nou
1000 993 1172 1027 dumtaxat

283 1047 430 1083 solvendi
453 1055 667 1091 quaecumque
694 1044 929 1091 Episcoporum
957 1054 996 1080 ac
1022 1043 1168 1085 Synodo-

282 1097 485 1145 rumjudicia
495 1121 507 1142 7
536 1091 703 1140 sedetiam
717 1093 880 1141 quoslibet
893 1091 952 1127 sub
969 1092 1056 1126 coslo
1070 1093 1168 1127 Cleri·

280 1149 338 1180 cos
349 1145 616 1183 transferendi-‚in
629 1144 723 1177 suum
743 1143 912 1178 cardinem
926 1168 933 1175 .
962 1142 1004 1176 Et
1017 1154 1073 1186 per
1083 1143 1168 1186 jusii-

240 1193 242 1198 ⁴
278 1196 361 1230 tiam
388 1197 423 1230 &
434 1206 490 1239 per
501 1193 641 1244 gratiam
658 1217 666 1226 .
693 1193 740 1228 At
753 1192 926 1228 Romanus
939 1193 1055 1227 Clerus
1065 1205 1101 1228 ea
1113 1205 1166 1237 po-

275 1246 389 1289 testate
411 1244 461 1283 uti
481 1256 523 1279 ex
544 1243 727 1283 rationibus
752 1244 861 1278 noluit
881 1268 891 1283 ,
918 1244 1050 1277 forsitan
1075 1244 1164 1287 quod

275 1295 432 1344 majorem
445 1294 530 1328 hanc
549 1296 678 1333 causam
703 1295 847 1333 censeret
870 1293 1092 1331 reservandam
1116 1295 1163 1327 fu-

273 1349 349 1389 turo
373 1345 548 1384 Pontifici,-
1160 1345 1166 1354 '

322 1394 426 1429 Porro
435 1396 523 1439 quod
536 1396 671 1429 Sandius
686 1393 891 1439 Epiphanius
905 1394 1074 1429 Romanas
1088 1393 1161 1437 Ap-

270 1442 465 1495 pellationes
488 1470 499 1488 ‚
526 1446 730 1489 ipsarumque
762 1445 993 1490 antiquitatem
1018 1444 1159 1479 omnino

268 1497 464 1540 agnoverit,
492 1497 579 1530 lucet
589 1508 631 1530 ex
653 1495 749 1531 variis
769 1496 836 1539 ejus
858 1496 960 1540 locis,
989 1495 1160 1538 praesertim

264 1550 308 1581 ex
320 1546 384 1582 illis
395 1548 466 1592 q'uae
474 1546 583 1580 scribit
595 1546 635 1584 de
649 1546 809 1582 Marcello
823 1547 964 1587 Ancyrae
976 1546 1139 1587 Episcopo
1150 1565 1161 1580 ‚

265 1593 488 1639 Metropolim
510 1596 621 1640 primae
635 1595 774 1629 Galatiae
789 1618 795 1625 .
825 1594 928 1627 Hunc
943 1591 1158 1630 Antiochena

266 1644 458 1680 Eusebianae
480 1643 633 1678 factionis
644 1642 797 1686 Synodus
820 1643 989 1677 damnarat
1007 1666 1017 1680 ,
1044 1642 1088 1675 ob
1102 1641 1156 1674 hae-

265 1695 377 1730 refim.
408 1695 452 1727 Et
473 1692 644 1727 damnatio
670 1705 736 1724 non
764 1692 894 1723 carebat
919 1691 1156 1726 fundamento,

266 1745 401 1780 Etenim
424 1743 466 1776 de
479 1743 545 1785 ipsa
569 1738 680 1778 scribit
701 1740 735 1772 in
760 1739 845 1772 libro
860 1738 900 1772 de
923 1738 1069 1781 Synodis
1092 1739 1157 1771 lau-

263 1792 360 1830 datus
384 1793 549 1827 Hilarius:
580 1789 747 1832 Adsuetum
772 1787 910 1831 Episccpi
936 1795 1101 1832 nonaginta
1124 1790 1157 1821 (ε’

259 1842 376 1889 septem
387 1868 398 1884 ,
424 1854 490 1876 cum
501 1848 533 1875 in
540 1839 732 1885 suspicionem
748 1839 871 1882 vemffet
886 1851 962 1872 unus
986 1851 1023 1871 ex
1036 1842 1065 1870 E
1065 1838 1156 1881 pisco-

254 1895 336 1940 rpis,
362 1894 444 1936 quod
459 1901 565 1935 prava
583 1890 726 1934 sentiret.
758 1891 826 1923 Hic
854 1889 898 1922 est
912 1890 1056 1922 omnino
1068 1889 1155 1924 Mar-

263 1946 367 1981 cellus
376 1968 384 1976 .
407 1944 450 1977 Et
462 1943 541 1976 talia
553 1940 594 1975 de
606 1942 676 1984 ipso
690 1941 809 1984 scripsit
822 1939 971 1973 Hilarius
986 1964 996 1980 ‚
1008 1940 1064 1982 qui
1078 1949 1155 1972 cum

265 1995 361 2030 omni
373 1993 474 2027 latina
487 1991 626 2026 Ecclesia
636 1991 760 2024 dudum
772 1990 891 2024 studuit
904 1989 996 2023 illurn
1006 1989 1152 2023 constan-

264 2043 515 2079 terdefendere.
543 2042 590 2076 At
616 2041 693 2076 vero
716 2042 890 2075 damnatus
915 2040 1102 2083 provocavit
1114 2039 1151 2072 ad

264 2097 455 2134 Romanam
483 2092 660 2127 Ecclesiam
682 2114 692 2131 ‚
717 2103 754 2125 ac
782 2091 905 2133 Julium
933 2089 1153 2124 Pontificem«

265 2145 310 2180 Et
321 2143 531 2190 personaliter
544 2142 672 2176 accessit
686 2166 693 2173 .
712 2142 776 2175 Sua
794 2141 865 2174 istic
878 2141 958 2174 Asta
969 2140 1155 2183 exponitin

265 2196 381 2230 libello
396 2220 407 2235 ,
435 2205 533 2238 quem
546 2192 691 2238 porrexit
713 2190 846 2224 laudato
868 2189 1045 2226 Pontifici:
1076 2193 1154 2222 Cum

265 2247 400 2279 nonnulli
420 2257 458 2278 ex
481 2249 540 2284 iis,
567 2248 642 2285 qui,
669 2241 749 2283 quod
767 2240 878 2282 parlim
899 2241 1013 2282 integre
1036 2241 1074 2271 de
1093 2238 1170 2285 fidc3

260 2296 409 2341 sentirent
422 2320 432 2335 ,
458 2302 549 2326 antea
569 2293 756 2325 condemnat}
774 2289 867 2333 sunt,
896 2294 1003 2332 q'uique
1025 2291 1045 2320 ci
1065 2290 1170 2322 mein?

267 2351 399 2379 Nicaena
413 2345 522 2384 synodo
547 2339 753 2384 conviciisunt
767 2365 775 2379 ‚
804 2345 906 2373 contra
926 2350 972 2373 me
990 2340 1034 2372 ad
1045 2342 1152 2372 Picta·—

267 2401 327 2430 iem
350 2406 435 2430 tuam
451 2392 578 2437 scribere
595 2404 651 2426 non
677 2391 883 2424 dubitaverint
897 2415 907 2430 ,
933 2400 977 2422 me
988 2400 1042 2423 nec
1052 2390 1151 2431 rec‘le,

266 2451 318 2480 nec
329 2457 394 2479 cum
408 2443 539 2485 Ecclesia,¹
551 2443 685 2476 doc‘lrina
708 2439 896 2484 consentanee
921 2442 959 2474 de
964 2440 1028 2483 fide
1044 2440 1152 2480 statue·

266 2504 316 2538 re,
343 2506 376 2529 ut
389 2501 497 2529 crimen
518 2492 605 2536 suum
626 2498 714 2525 inme
738 2491 942 2534 transferrent
961 2516 971 2533 ,
994 2492 1151 2536 propterea

267 2546 414 2590 necessario
428 2549 553 2578 Romam
566 2542 639 2576 mihi
654 2543 837 2580 veniendum
851 2560 860 2582 ·,
882 2543 921 2575 ’Θ
932 2550 961 2574 te
976 2551 1151 2574 commonen-

267 2599 339 2631 dum
356 2601 484 2638 putavit
496 2619 507 2635 ‚
534 2604 567 2627 ut
585 2605 630 2628 eos
643 2618 653 2634 ‚
679 2599 731 2635 qui
757 2601 857 2626 contra
879 2602 925 2624 me
944 2590 1126 2635 ftripserunt
1140 2615 1151 2631 ,

267 2646 423 2690 accerseres
437 2670 447 2685 ‚
475 2654 508 2679 ut
522 2655 585 2677 cum
597 2643 780 2686 advemffent
795 2668 805 2684 ,
831 2644 869 2676 de
879 2641 990 2678 duobus
1001 2642 1062 2675 illis
1075 2643 1094 2675 a*
1105 2651 1151 2674 me

267 2696 529 2736 convincerentur,
555 2706 620 2730 cum
642 2692 766 2736 illaipsa
789 2691 877 2734 falsa
889 2692 960 2734 effe,
984 2704 1052 2734 quae
1065 2697 1096 2724 in
1107 2702 1153 2724 me

265 2745 449 2791 scripserunt
463 2770 473 2786 ,
498 2753 561 2777 tum
574 2756 620 2778 eos
632 2743 728 2777 adhuc
753 2750 785 2776 in
791 2741 916 2785 pristino
934 2753 1031 2776 errore
1048 2740 1152 2783 perse-

268 2807 384 2835 verare.
411 2799 454 2828 Et
470 2796 595 2839 indigna
609 2793 911 2837 quaedamadversiis
924 2791 1065 2832 Ecclefias
1083 2795 1152 2832 Dei,

268 2850 302 2880 'ac
314 2859 366 2879 nos
390 2844 471 2888 ipsos
494 2845 612 2877 illarum
627 2844 773 2887 Praefides
794 2845 845 2886 esJe
867 2841 1050 2875 machinatos
1064 2865 1072 2873 .
1096 2843 1155 2874 Sed

268 2902 333 2931 'cum
346 2899 390 2930 illi
402 2901 503 2934 venire
514 2897 658 2933 noluerint
671 2919 681 2935 ‚
695 2890 827 2934 'tametfi
835 2892 1019 2932 Presbyter-os
1031 2893 1077 2924 ad
1087 2892 1152 2924 iiior

273 2947 408 2990 miseris,
432 2957 481 2990 ego
506 2948 577 2984 vero
601 2957 680 2979 anno
703 2949 816 2987 integro
838 2942 978 2976 &tribus
1008 2941 1150 2984 mensibus

276 3000 376 3028 Romae
387 3006 575 3033 commoratus
588 2994 724 3038 suanm,
743 2993 921 3036 faciendum
940 2992 1014 3026 mibi
1035 2994 1149 3025 omnino

275 3042 394 3087 censui,
419 3052 451 3076 ut
471 3055 629 3086 antequam
654 3045 723 3082 binc
736 3042 928 3090 proficiscerer
951 3067 961 3084 ‚
988 3053 1061 3076 meae
1080 3043 1153 3086 fidei

271 3094 357 3138 profe
376 3104 466 3126 ionem
481 3093 536 3125 tibi
542 3094 649 3133 sincere
660 3094 748 3138 atque
759 3105 796 3128 ex
810 3099 909 3127 animo
920 3118 930 3133 ‚
957 3104 1076 3134 meaque
1089 3104 1152 3125 ma-

276 3156 315 3178 nu
326 3142 542 3187 perscriptam,
568 3143 719 3182 efferrem.
740 3143 901 3188 Adiungit
913 3145 972 3177 suae
993 3142 1069 3177 fidei
1081 3153 1150 3185 pro-

275 3194 444 3229 feffionem
471 3217 482 3233 ‚
511 3192 565 3234 ipsi
594 3193 702 3225 inserit
730 3195 893 3238 integrum
919 3192 1148 3237 Apostolicum

276 3243 492 3291 Symbolum,
520 3242 720 3295 &supplicat
732 3244 886 3289 reparari,
915 3253 970 3283 aut
988 3241 1082 3291 plene
1093 3241 1149 3280 sal·
1196 3254 1249 3288 ,pe

275 3304 341 3329 tem
353 3293 490 3329 revestiri
501 3317 508 3329 ‚

300 3381 303 3383 ,
325 3343 477 3377 Affirmat
490 3342 574 3377 varia
588 3367 595 3374 .
623 3340 735 3377 Primo
747 3366 757 3381 ,
770 3342 859 3385 quod
873 3341 1079 3378 Antiocheno
1091 3344 1147 3385 Sy-

275 3386 381 3428 n'o'dus
401 3391 482 3425 istud
505 3392 545 3426 de
566 3392 620 3426 sua
643 3389 857 3426 damnatione
871 3392 1029 3435 judicium
1040 3393 1146 3427 statim
1195 3430 1197 3434 ¹

274 3444 418 3481 retulerit
430 3442 468 3477 ad
482 3442 597 3478 Sedem
610 3440 837 3485 Apostolicam
850 3468 856 3476 .
872 3442 1024 3479 Secundo
1037 3454 1048 3485 ¹,
1059 3443 1145 3489 qnod

1245 542 1442 600 vincendos.
1472 545 1599 592 Qarto
1621 552 1760 586 affirmat
1775 575 1787 591 ,
1813 552 1901 595 quod
1925 552 2031 596 Julius
2041 553 2126 587 Pon·

1243 592 1326 627 tifex
1346 595 1433 638 ipsos
1453 596 1492 629 ad
1518 596 1614 632 istum
1637 600 1735 635 finem
1756 596 1962 636 evocaverit.
1992 602 2036 637 Et
2049 602 2127 647 qui-

1242 643 1316 677 dem
1330 655 1384 687 per
1396 645 1539 690 Legatos
1552 646 1773 692 presbyteros.
1801 651 1934 701 Qinto
1943 677 1953 693 ,
1968 653 2057 697 quod
2069 664 2126 697 per

1242 703 1347 750 toturn
1371 707 1495 730 annum
1509 709 1546 731 ac
1570 708 1631 732 tres
1642 701 1768 735 menses
1787 703 1833 735 illi
1847 715 1914 738 non
1935 715 2124 747 comparue-

1241 754 1305 777 rint
1322 769 1334 785 ‚
1361 746 1500 790 ideoque
1520 748 1615 792 digni
1638 749 1758 786 fuerint
1776 751 1922 787 damnari
1950 754 1984 788 in
2005 763 2124 789 contu⁴

1239 794 1379 829 maciam
1391 821 1402 837 ‚
1430 809 1468 830 ac
1481 797 1547 840 ipse
1563 800 1596 832 in
1615 796 1839 843 Episcopalem
1852 801 2012 839 honorem
2026 804 2122 847 plene

1238 845 1372 888 reparari
1392 870 1400 881 ‚
1427 845 1470 880 Et
1491 848 1625 894 quidem
1648 850 1803 884 Pontifex
1824 859 1966 895 reparare
1989 854 2097 888 noluit
2111 879 2119 887 .

1238 894 1290 927 Ex
1314 896 1443 940 integro
1463 908 1572 932 tamen
1595 901 1759 935 revestivit
1773 925 1784 941 ‚
1810 911 1848 935 ac
1866 903 1996 945 plenam
2018 905 2120 938 eausae

1237 946 1493 980 retrastationern
1516 948 1584 981 fieri
1596 950 1805 995 synodaliter
1822 951 1908 993 juffit
1919 953 2004 995 apud
2017 952 2122 992 Sardi·

1235 1005 1307 1028 cam
1321 1020 1329 1027 .
1357 996 1401 1030 Et
1414 997 1612 1032 Marcellum
1625 998 1667 1032 eo
1677 1001 1871 1041 transmisit,
1899 1003 2048 1046 &ipsum
2062 1003 2121 1046 Sy·

1236 1045 1340 1079 nodus
1353 1046 1496 1081 discuslit
1509 1072 1519 1089 ‚
1544 1047 1688 1084 absolvit
1702 1051 1719 1083 a
1734 1051 1870 1084 vinculo
1881 1075 1891 1090 ‚
1920 1063 1958 1085 ae
1970 1051 2064 1096 plene
2074 1064 2122 1087 re·

1234 1097 1354 1138 paravit
1366 1121 1373 1128 .
1403 1097 1444 1131 Et
1456 1095 1522 1132 haec
1533 1100 1644 1133 omnia
1656 1122 1666 1138 ,
1692 1101 1768 1135 licet
1779 1101 1998 1136 Sardicensem
2012 1104 2120 1146 Syno-

1233 1146 1312 1179 dum
1333 1144 1353 1182 a
1375 1147 1538 1181 Marcello
1559 1150 1836 1195 circumscriptam
1857 1151 2030 1186 crediderit
2040 1164 2119 1188 cum

1231 1195 1302 1228 aliis
1325 1195 1435 1239 paffim
1458 1198 1578 1232 Graecis
1598 1223 1609 1239 ,
1635 1202 1778 1235 omnino
1798 1201 1948 1244 probavit
1975 1199 2120 1246 Epipha-

1233 1244 1325 1285 nius,
1351 1256 1388 1282 ac
1401 1247 1457 1280 suo
1481 1248 1614 1282 inseruit
1633 1250 1748 1294 operi.
1773 1250 1816 1285 Et
1827 1244 1907 1284 hiim
1928 1251 2048 1286 iteruin
2073 1252 2119 1288 vi—

1229 1294 1343 1328 demus
1362 1295 1452 1329 istam
1480 1297 1685 1335 retradiandae
1711 1298 2118 1343 Appellationis-sotmam

1229 1345 1291 1379 effe
1311 1346 1567 1389 antiquissimam
1581 1373 1592 1389 ,
1617 1349 1652 1382 δε
1672 1350 1810 1384 Sardicae
1829 1350 2002 1386 dumtaxat
2023 1351 2119 1391 fuisse

1229 1395 1419 1430 innovatam
1438 1407 1476 1431 ac
1489 1396 1666 1433 stabilitam
1678 1421 1686 1430 -

1387 1583 1741 1633 CAPUT
1813 1565 2017 1637 xix.-

1230 1721 1238 1730 ·
1289 1703 1579 1754 Examinamur
1598 1703 1797 1766 Dogmata
1812 1706 1866 1750 D.
1880 1705 1987 1751 Petri
1997 1702 2040 1752 de
2100 1763 2107 1767 Π

1581 1775 1758 1819 Marcu·

1331 1890 1436 1924 Arum
1451 1890 1595 1925 sordium
1608 1889 1760 1933 palmaris
1772 1889 1837 1926 hoc
1848 1893 1962 1928 seculo
1973 1890 2105 1929 fonsess

1355 1943 1397 1976 D.
1410 1942 1527 1975 Petrus
1547 1940 1588 1974 de
1600 1940 1714 1976 Marcu
1727 1940 2030 1988 Archi-Episcopus
2043 1939 2106 1978 Pn-

1219 1992 1367 2026 risiensis.
1381 1992 1433 2025 Ex
1445 1992 1516 2035 ipso
1530 1989 1680 2025 biberunt
1691 1990 1876 2027 Paschasius
1886 1992 2103 2043 Qesnellus,

1218 2042 1251 2076 &
1266 2053 1383 2077 omnes
1393 2042 1461 2084 ejus
1472 2041 1656 2085 Symmistae
1668 2067 1675 2074 .
1703 2043 1870 2087 Quocirca
1892 2044 1967 2079 fons
1978 2042 2033 2078 hic
2054 2043 2103 2077 est

1217 2093 1420 2137 detegendus
1434 2117 1443 2132 ‚
1471 2103 1509 2126 ac
1519 2091 1721 2125 obturandus
1733 2117 1741 2124 .
1768 2092 1806 2126 In
1819 2095 1911 2128 sexto
1932 2095 1974 2128 de
1991 2096 2105 2130 sacer·-

1217 2141 1301 2175 dotii
1326 2154 1363 2176 ac
1377 2142 1511 2184 Imperii
1533 2141 1712 2184 concordia
1732 2141 1817 2179 libro
1827 2143 1946 2179 fatetur
1955 2144 2106 2186 Synodi*

1218 2192 1262 2225 les
1272 2191 1517 2226 provinciarum
1538 2191 1580 2225 ad
1601 2191 1793 2227 Romanum
1805 2192 2005 2229 Pontificem
2023 2193 2105 2227 relv

1217 2242 1325 2275 tiones
1338 2242 1401 2274 esse
1411 2241 1668 2281 antiquissimas,
1686 2242 1962 2284 &prosequitum
1992 2247 2104 2287 AtJu—
2126 2251 2202 2290 Cap,
2220 2259 2266 2288 ¹4·

1219 2292 1301 2323 dicta
1321 2296 1354 2323 in
1367 2289 1483 2329 synodis
1496 2292 1556 2324 illis
1580 2292 1700 2323 reddita
1710 2292 1809 2332 quoad
1816 2290 2004 2334 disciplinam
2013 2301 2103 2326 erant

1211 2340 1337 2384 summae
1357 2339 1550 2374 authoritatis
1561 2362 1571 2380 ‚
1596 2349 1629 2373 ut
1641 2340 1752 2380 constat
1761 2353 1800 2375 ex
1812 2344 1943 2376 Concilio
1952 2346 1988 2375 N
1990 2349 2081 2375 itaeno
2088 2363 2101 2384 ,

1217 2401 1272 2424 non
1275 2390 1371 2436 soh'tm
1382 2392 1484 2434 quoad
1502 2390 1706 2425 corret‘lionem
1726 2393 1761 2424 ὁ·
1770 2391 1969 2433 depofitionem
1979 2393 2102 2431 Presby-

1213 2451 1339 2474 terorum
1351 2463 1362 2481 ‚
1387 2442 1566 2483 aliorumque
1588 2440 1742 2485 inferioris
1754 2443 1882 2475 Ordinis
1900 2444 2103 2484 clericorum3

1211 2492 1267 2535 scd
1287 2497 1381 2526 etiam
1402 2493 1502 2533 quoad
1524 2488 1722 2532 depofittonem
1739 2489 1947 2533 Episcoporum
1957 2518 1964 2525 .
1993 2487 2102 2535 Itaque

1214 2544 1409 2584 appellationi
1418 2542 1496 2581 locus
1508 2551 1565 2573 non
1577 2550 1646 2573 erat
1656 2565 1665 2580 ,
1696 2541 1839 2583 nullaque
1855 2543 1917 2574 alia
1929 2548 2100 2584 antiquita-t

1213 2598 1290 2624 ratio
1292 2591 1474 2636 suppetebat
1485 2594 1641 2624 damnatis
1657 2614 1667 2629 ,
1692 2601 1784 2630 quam
1793 2598 1828 2622 ut
1839 2589 1993 2634 Rescripta
2006 2594 2102 2625 Primi

1214 2648 1286 2684 cipis
1297 2647 1443 2686 negotium
1454 2640 1664 2674 reti-affaretur
1674 2645 1709 2671 in
1717 2641 1826 2679 majori
1839 2641 1859 2672 5
1854 2642 1946 2678 ,nodo
1957 2652 1964 2672 τ
1989 2643 2098 2684 ,Quan-

1213 2694 1250 2729 do
1270 2693 1408 2726 videlicet
1427 2684 1570 2734 agebatur
1591 2686 1680 2733 causa
1701 2691 1827 2731 alicuine
1835 2699 1841 2727 ζ
1850 2689 1991 2734 Episcopi
2004 2714 2014 2730 ,
2040 2696 2097 2724 aut

1214 2743 1336 2784 aliquod
1354 2746 1499 2784 negotium
1520 2746 1620 2784 magni
1641 2736 1794 2773 momenti<
1811 2739 2020 2784 -Respondeo
2041 2738 2098 2776 hie

1215 2788 1326 2826 consui
1349 2802 1470 2825 errores
1493 2791 1600 2829 varios
1612 2815 1619 2822 .
1647 2789 1777 2826 Primus
1794 2790 1840 2823 est
1851 2814 1863 2830 ,
1888 2789 1977 2835 quod
1988 2789 2095 2824 Nice-

1216 2853 1295 2876 num
1307 2841 1497 2876 Concilium
1510 2866 1520 2883 ‚
1532 2842 1646 2884 utique
1658 2839 1777 2883 quinto
1787 2839 1928 2873 Canone
1938 2864 1948 2880 ,
1973 2839 2095 2874 sanciat

1214 2892 1312 2927 etiam
1321 2885 1361 2927 de
1373 2890 1631 2935 depositionibus
1644 2889 1877 2934 Episcoporu'm
1891 2913 1900 2921 .
1926 2889 2095 2924 Secundus

1214 2943 1259 2977 est
1272 2952 1295 2984 ,·
1308 2942 1397 2986 quod
1409 2941 1573 2976 damnatis
1583 2940 1712 2974 nullum
1733 2939 1895 2982 relinquat
1906 2940 2094 2983 appellatio·

1215 2994 1265 3031 nis
1278 2992 1388 3027 locum
1402 3017 1408 3023 .
1437 2992 1571 3026 Etenim
1583 2990 1683 3035 longe
1691 2988 1782 3024 aliud
1794 2988 1889 3024 nobis
1902 2992 1992 3033 supra
2004 2990 2092 3025 dixit

1215 3044 1319 3087 Julius
1332 3041 1491 3076 Pontifex
1505 3067 1512 3074 .
1540 3042 1612 3075 Nec
1621 3041 1716 3074 refert
1726 3063 1737 3079 ‚
1764 3040 1853 3083 quod
1866 3040 2020 3076 Nicaenus
2028 3039 2094 3074 Ca⁴

1214 3104 1282 3127 non
1305 3092 1466 3126 Romanae
1487 3091 1637 3128 Ecclesia
1658 3089 1875 3134 Privilegium
1897 3101 1966 3124 non
1987 3087 2093 3133 exprh

1213 3154 1278 3177 mat
1291 3167 1298 3174 .
1324 3142 1504 3176 Rationem
1526 3141 1582 3174 dat
1594 3141 1627 3174 in
1640 3139 1754 3174 litteris
1775 3140 1814 3173 ad
1827 3140 2003 3175 Thessaliae
2015 3137 2091 3184 Epis

1211 3195 1327 3236 scopos
1337 3192 1470 3226 sanans
1491 3189 1681 3228 Bonifatius
1695 3189 1868 3225 Pontifex:
1899 3191 1988 3238 Qia
2001 3196 2090 3222 nem·

1247 3243 1362 3285 ''super
1374 3242 1526 3280 §austum
1537 3239 1688 3279 Petrum,
1714 3251 1751 3275 ac
1772 3239 1840 3282 ejus
1859 3237 2087 3284 Apostolicam

1211 3289 1409 3330 cathedram
1420 3290 1478 3327 ista
1489 3290 1642 3336 synodus
1656 3289 1741 3325 nihil
1752 3291 1815 3324 fuit
1826 3292 1900 3325 ausa
1910 3287 2088 3323 constitue·

1210 3354 1261 3383 re,
1287 3343 1387 3376 sciens
1400 3341 1445 3374 illi
1458 3342 1572 3378 omnia
1583 3340 1702 3376 donata
1715 3344 1732 3375 a
1746 3340 1896 3374 Domino
1907 3361 1930 3370 .-

1257 3391 1394 3426 Tertius
1403 3399 1492 3425 error
1499 3391 1545 3426 est
1558 3415 1568 3432 ,
1580 3390 1667 3435 quod
1680 3390 1842 3425 damnatis
1850 3387 2017 3431 Episcopis
2029 3396 2088 3430 aut,

1210 3439 1343 3479 Clericis
1357 3441 1440 3478 olim
1462 3442 1592 3476 nullum
1605 3442 1784 3486 suppeteret
1794 3438 1974 3474 remedium
1989 3462 2007 3520 ἒ
2027 3436 2085 3471 nifi

1955 3497 1987 3522 re
2004 3498 2038 3521 u-
