2326 3718
71 1604 164 1646 Epist.
183 1614 235 1645 95.

699 119 982 171 Rcuims
1015 111 1598 168 Asinii-fromn&

242 212 310 247 lius
319 208 574 249 conueniatur:
601 207 734 252 Epistola
751 210 913 251 cypriani,
938 214 998 249 qua
1018 201 1115 247 trans-

245 261 323 306 miſse
339 264 459 295 nomina
481 257 710 304 Episcoporum,
734 257 821 292 bodie
839 257 1039 299 desideratur,
1064 253 1119 297 nist

242 310 479 354 &intelligat
497 309 644 353 epistolam
660 309 877 352 praecedentem
887 310 906 340 5
902 308 988 346 ,nodi
1001 304 1115 346 Africa-

246 371 314 395 nae.
341 359 542 404 Respondeo
553 360 588 395 in
598 358 788 405 precedenti
801 357 935 402 epistola
957 355 1045 390 nulla
1063 365 1115 388 ex-

244 408 343 455 primi
354 409 593 454 Episcoporum
605 409 739 445 nomina
753 421 761 441 :
788 407 870 442 Item
882 406 973 442 istam
985 403 1116 448 Episco-

243 469 363 504 porum
373 460 564 495 relationem
576 471 645 495 non
654 458 746 493 fuiffe
758 454 1025 501 Synodalem,sed
1035 464 1117 497 opus

242 520 284 544 ac
296 509 445 545 officium
467 511 566 545 solius
580 508 748 543 Primatis.
776 508 945 553 Apparcns
968 504 1013 540 est
1025 502 1114 547 quod

243 560 340 595 omni
352 570 444 595 anno
454 560 573 601 semel,
598 569 654 593 aut
676 558 761 593 forte
774 557 824 593 bis
839 557 962 593 Primas
972 552 1119 589 debuerit

243 611 362 644 referre
381 610 439 645 ista
462 609 617 644 nomina.
644 608 778 642 Etenim
802 609 959 643 Africana
979 603 1120 638 Ecclesia

243 656 386 694 habebat
398 659 556 703 plurimos
568 658 596 691 E
600 658 748 702 piscopos
757 683 768 699 ,
795 659 935 701 ideoque
945 651 1122 699 quotannis

1891 118 1987 173 169

1224 202 1350 248 Qarta
1363 199 1580 245 Praerogativa
1594 201 1654 237 fuit
1668 203 1833 247 Iudicium
1843 215 1881 240 ac
1901 203 2055 240 definitio

1177 252 1390 297 quaestionum
1411 250 1496 285 circa
1516 252 1744 289 succeffionem
1770 256 1972 291 Primatum.¹
2001 255 2057 288 Et-

1179 306 1243 337 iam
1254 302 1396 346 ipsorum
1407 323 1418 340 ‚
1443 300 1520 335 licet
1530 300 1619 335 nulla
1629 302 1705 335 effer
1716 306 1931 340 controversia
1945 330 1957 346 ,
1982 315 2065 339 con-

1178 351 1336 387 firmatio.
1363 351 1469 385 Lucet
1479 362 1521 385 ex
1533 350 1703 395 precibus,
1726 363 1804 395 quas
1826 356 2012 390 Cecilianus
2021 366 2067 392 ηε,

1179 403 1371 438 Honoratus
1380 424 1391 442 ,
1415 401 1575 438 Sitifensis
1585 401 1793 435 Mauritaniae
1817 405 1953 448 Legati,
1980 406 2061 439 dum

1179 453 1373 498 singularem
1387 463 1424 486 ac
1437 452 1603 496 proprium
1617 451 1795 486 Primatem
1805 450 1920 487 habere
1944 453 2064 498 suppli-

1179 504 1297 538 cabant
1308 527 1319 544 ,
1343 501 1533 537 obtulerunt
1550 500 1801 546 Carthaginensi
1815 502 1949 536 Primati
1963 504 2063 539 Aure·

1181 554 1228 587 lio
1238 578 1249 594 ‚
1274 565 1313 587 ac
1338 553 1407 597 ejus
1431 552 1589 595 Synodo:
1618 551 1794 595 Profitemur
1803 556 1836 585 in
1846 551 2066 595 Carthaginen-

1176 602 1216 644 fis
1225 602 1357 645 Ecclefiae
1366 601 1568 646 conscientiam
1574 602 1707 645 proferre
1719 628 1730 644 ‚
1757 603 1994 645 quandocumque
2017 613 2067 635 vo-

1180 653 1324 687 luerimus
1337 653 1447 687 babere
1453 659 1563 695 primae
1574 656 1594 686 5
1595 654 1657 687 edis
1668 651 1848 696 Episcopum
1856 678 1864 685 .
1898 657 1949 685 lta
1959 660 1993 685 ut
2002 662 2068 684 cum

245 719 318 748 aon
329 718 478 753 poterant
488 719 556 743 non
569 709 653 743 mori
663 707 789 752 aliquot
800 706 1027 741 &fficcedere-
1052 702 1123 736 Do·
1180 707 1290 745 prima
1308 704 1392 737 Sedis
1420 702 1586 745 Episcopus
1606 705 1644 736 de
1664 712 1778 746 corpore
1789 703 1924 746 rec-efferii
1935 727 1945 743 ‚
1972 707 2023 744 qui
2036 707 2070 734 in

246 757 384 793 lendum
393 758 440 793 est
453 782 464 800 ,
489 758 578 803 quod
589 758 677 793 nulla
689 756 870 792 istiusmodi
883 755 1000 791 relatio
1010 753 1123 788 exstet.

244 807 424 857 Qidquid
434 809 473 842 sit
485 833 496 849 ‚
521 809 609 842 lucet
622 808 710 852 quod
722 807 777 851 ipsi
792 805 1041 842 provinciarum
1055 803 1125 836 Pri-

1187 754 1250 793 ejus
1268 753 1358 786 locum
1373 751 1526 796 succedit,
1551 755 1597 786 ad
1615 753 1773 795 Ecclesiam
1783 753 1982 797 Carthaginis
2004 757 2072 785 mit·

1186 811 1253 844 tat,
1277 804 1313 837 ὁ·
1332 814 1399 838 eam
1418 802 1542 842 instruat
1555 826 1567 843 ,
1593 813 1627 836 ut
1646 802 1705 844 fiat
1724 810 1835 845 prime
1852 804 1937 837 sedis
1952 800 2072 845 Episco-

246 867 352 894 mates
364 862 432 892 no'n
445 858 612 902 potuerint
629 859 836 893 consecratos
861 856 923 891 ase
945 854 1126 899 Episcopos
1183 861 1259 895 pus.
1287 853 1332 887 Et
1355 851 1509 893 Aurelius
1519 853 1686 897 reposuit.-
1714 857 1753 886 Ut
1774 853 1900 894 Ecclesia
1912 851 2074 896 Cartbagi-

247 906 364 942 restrre
389 907 534 942 Romam
554 921 563 940 ε
590 907 757 943 Ρτὶνειῑίνὲ
778 904 936 950 ἰρεᾶιδειῑ
960 904 1002 939 ad
1022 903 1126 936 sblum
1189 901 1281 945 nenfis
1303 904 1341 937 de
1351 902 1556 944 constituendis
1564 909 1675 946 primae
1685 904 1770 937 Sedis
1797 901 1952 946 Episcopis
1963 901 2074 945 consul-

245 955 540 1003 Carthaginensem
552 980 561 988 .

298 1007 344 1041 Et
354 1005 423 1039 haee
443 1006 489 1039 est
513 1004 654 1039 secunda
675 1004 753 1040 istus
773 1003 866 1039 Sedis
889 1002 1125 1047 Praerogativa.
1142 1018 1149 1074 Ι

246 1056 332 1091 Earn
355 1054 457 1097 aliqui
480 1053 564 1089 adeo
584 1055 766 1098 ampliant,
791 1063 829 1089 ut
848 1055 1000 1088 censeant
1027 1052 1128 1086 etiam

247 1102 474 1140 Provinciales
483 1103 637 1147 Synodos
648 1115 715 1138 non
728 1104 866 1147 potuisse
877 1103 1023 1138 Romam
1035 1102 1129 1137 refer-

242 1164 297 1194 a'e,
322 1153 383 1189 nisi
403 1165 461 1198 per
472 1154 652 1188 Primatem
663 1153 956 1199 Carthaginensem
969 1179 977 1186 .
1003 1151 1129 1197 Nequi·

244 1202 323 1239 dem
334 1203 370 1238 in
380 1205 476 1239 causa
487 1205 563 1239 fidei
574 1227 582 1235 .
593 1203 741 1240 Probant
750 1215 791 1240 ex
805 1203 933 1238 Aurelii
957 1202 1110 1237 Primatis
1119 1226 1129 1242 ‚

247 1265 287 1290 ac
297 1255 486 1289 Sanctorum
499 1254 735 1299 Episcoporum
748 1278 759 1294 ,
782 1253 890 1298 Alipii
900 1253 1108 1299 Tagastensis
1122 1276 1129 1284 .

247 1304 432 1350 Augustini
454 1304 678 1349 Hipponensis
694 1330 707 1346 ,
735 1304 856 1338 Evodii
878 1303 1068 1345 Uzalensis‚
1091 1313 1131 1336 ac

245 1354 386 1389 Poffidii
398 1354 599 1389 Calarnenfis
608 1379 620 1396 ,
643 1355 685 1388 ad
695 1355 845 1390 San-stum
859 1353 1093 1388 Innocentium
1105 1349 1130 1386 1-

244 1403 450 1439 Pontificem
475 1403 634 1448 epistola:
660 1407 708 1439 De
726 1403 868 1437 conciliis
888 1403 1003 1438 duobus
1023 1425 1035 1443 ,
1060 1404 1131 1436 Pro·

246 1458 361 1488 vinciae
382 1452 629 1499 Cartbaginenfis
653 1463 744 1497 atque
771 1455 930 1488 Numidia·
951 1477 963 1494 ,
986 1454 1034 1487 ad
1049 1460 1132 1486 tuam

248 1503 448 1538 sarnanum
457 1505 479 1537 ἃ
487 1514 547 1538 non
552 1512 654 1546 parvo
666 1505 875 1547 Epifitoporum
887 1513 1005 1537 numero
1010 1500 1132 1545 subseri-

248 1560 327 1597 ptas
335 1556 458 1589 litteras
477 1552 605 1596 »sitimus
626 1561 729 1588 contra
740 1558 870 1587 inimicos
876 1559 988 1597 gratiae
998 1551 1109 1593 christi
1120 1574 1127 1583 .

246 1603 322 1638 Soli
332 1602 588 1648 Carthaginensi
603 1626 615 1644 ,
632 1614 701 1638 non
714 1613 823 1638 autem
834 1602 1032 1637 Milevitano
1043 1601 1132 1636 Con-

246 1653 331 1689 cilio
340 1652 496 1686 Aurelius
506 1651 652 1686 adfuerat
663 1676 675 1693 ,
697 1653 850 1688 &tamen
871 1653 1009 1686 affirmat
1020 1653 1133 1686 utrius-

244 1713 315 1747 que
331 1700 515 1745 synodales
544 1701 668 1736 litteras
693 1702 711 1735 a
732 1702 764 1735 se
797 1702 891 1736 fuisse
919 1700 1131 1735 transmissas.

246 1750 341 1800 Qia
361 1749 478 1795 nempe
499 1751 684 1794 Sylvanus,
709 1752 908 1786 Summenfis
931 1751 1110 1795 Episcopus
1123 1774 1134 1790 ,

248 1801 420 1838 Numidia
430 1800 577 1842 primas,
603 1802 664 1836 suae
683 1800 889 1837 Milevitanae
909 1799 1038 1846 Synodi
1052 1801 1134 1835 Asta

247 1863 322 1889 non
334 1850 524 1888 immediate
534 1851 679 1886 Romam
693 1876 703 1892 ‚
730 1852 785 1886 sed
797 1851 1033 1898 Carthaginem
1043 1851 1136 1886 mise-

246 1911 298 1938 rat
324 1927 336 1944 ,
362 1913 420 1947 per
447 1901 621 1936 Aurelium
647 1902 897 1937 transmittenda
923 1901 965 1936 ad
989 1901 1133 1945 Papam.

248 1953 451 1997 Respondeo
461 1963 530 1987 non
550 1953 613 1987 effe
631 1952 867 1997 improbabile.
892 1952 1052 1988 Attamen
1065 1962 1133 1985 non

247 2002 377 2038 constat
397 2028 404 2036 .
431 2002 568 2037 Etenim
589 2003 624 2037 in
644 2003 702 2037 suo
723 2002 896 2048 Rescripto
922 2003 1136 2038 Innocentius

249 2053 378 2087 nullam
397 2052 526 2087 Aurelii
547 2052 740 2087 memoriam
760 2052 838 2087 fecit
859 2077 871 2093 ,
897 2053 951 2087 sed
975 2053 1011 2086 in
1029 2052 1137 2095 capite

251 2101 364 2146 posuit
382 2098 565 2144 Sylvanum
586 2103 706 2135 Senem
731 2126 740 2133 .
767 2103 813 2136 Et
834 2100 921 2136 certe
950 2102 1035 2135 inter
1059 2101 1138 2134 istos

250 2151 399 2196 quinque
410 2149 593 2195 Episcopos
605 2161 671 2185 nou
686 2151 774 2185 solus
784 2150 938 2185 Aurelius
946 2175 957 2192 ,
970 2150 1026 2185 sed
1037 2151 1136 2185 etiarn

251 2200 402 2234 Evodius
416 2210 486 2234 erat
499 2212 541 2234 ex
554 2200 783 2234 Proconsulari
796 2200 971 2235 Provincia
984 2225 995 2241 ,
1006 2200 1063 2234 alii
1076 2210 1139 2234 tres

249 2258 343 2283 erant
352 2248 530 2283 Numidae=
556 2249 652 2283 Hinc
677 2250 888 2285 restedicunt
901 2250 1066 2293 utriusque
1077 2250 1147 2293 Sy-·

250 2297 335 2334 nodi
347 2297 430 2332 Asta
437 2296 531 2332 suiffe
552 2297 571 2331 a
583 2299 615 2333 se
627 2299 805 2334 transmissa
817 2323 826 2331 .

302 2347 422 2382 Tertia
434 2347 524 2382 istius
536 2346 689 2384 Primatis
699 2348 915 2394 Praerogativa
922 2357 991 2384 erat
1001 2372 1012 2389 ,
1037 2360 1135 2394 quam

253 2409 311 2443 per
321 2396 445 2432 litteras
455 2397 495 2432 ad
507 2397 683 2433 Mefforem
698 2397 867 2434 Numidiae
879 2398 1056 2434 Primatem
1067 2410 1140 2433 exe·

252 2451 306 2494 git
328 2446 455 2482 Primas
476 2446 688 2482 Bonifacius:
715 2450 926 2483 Det-edentium
949 2448 1138 2493 acsucceden·

254 2503 330 2532 tium
351 2495 561 2540 Eplftoporum
587 2499 779 2532 Matrtculam
798 2521 811 2539 ‚
836 2510 976 2533 memores
1003 2505 1137 2540 antiquae

252 2546 469 2592 consuetudinis
480 2572 491 2589 ‚
518 2546 600 2580 nobis
621 2548 711 2592 dirigi
722 2547 886 2590 suademus
899 2573 911 2590 ‚
937 2558 971 2582 ut
990 2550 1138 2583 dentulus

252 2600 425 2632 Provinciis
444 2599 494 2631 ad
512 2609 566 2631 nos
588 2604 763 2639 venientes,
785 2600 936 2642 praecipue*
946 2599 1012 2638 illi,
1039 2605 1090 2640 qui
1104 2597 1140 2643 se

246 2647 399 2691 prioribus
407 2645 470 2691 suis
482 2655 658 2690 anteponere
667 2659 724 2680 non
732 2648 873 2682 dubitant
883 2673 895 2690 ,
917 2650 1043 2692 qualiter
1054 2647 1140 2693 unus:

249 2696 379 2742 quisque
397 2708 498 2732 eorum
514 2695 617 2740 sedere
628 2698 755 2739 debeat,
776 2697 920 2742 fitamus.
950 2700 994 2734 Et
1015 2699 1140 2734 Meffor

251 2747 404 2783 obedivit
414 2772 425 2789 ,
450 2759 487 2782 ac
497 2746 673 2791 rescripsit:
701 2750 891 2783 matriculam
901 2749 990 2791 huy'us
1001 2751 1140 2789 Concilii,
1161 2780 1164 2787 ,

252 2809 292 2833 ne
309 2796 472 2841 priscorum
490 2795 677 2831 oblitteretur
701 2797 871 2832 authoritas
892 2822 903 2838 ,
926 2801 1115 2834 demandavi
1128 2824 1136 2831 .

253 2847 404 2894 Qisque
422 2846 526 2893 igitur
549 2847 672 2882 Primas
683 2847 820 2883 debebat
831 2850 893 2883 suae
909 2848 1036 2893 Synodi
1046 2873 1057 2889 ,
1083 2850 1138 2884 seu

258 2893 437 2932 Provinciae
455 2897 645 2942 catalogum
655 2899 887 2934 transmittere.
915 2899 959 2934 Et
980 2900 1025 2935 ita
1042 2910 1139 2934 man-

258 2943 358 2980 dabat
365 2946 550 2983 Priscorum
560 2947 741 2983 authoritas
751 2973 762 2988 ,
789 2949 913 2983 vetusta
924 2950 1138 2985 consuetudm

259 2993 407 3030 Proinde
425 2997 504 3031 dum
522 2995 566 3031 de
585 2999 718 3034 sedendi
739 2998 774 3032 in
789 2998 1055 3041 Provinciamm‚
1082 3010 1138 3035 aut

259 3045 360 3079 etiam
381 3045 481 3080 totius
501 3047 688 3084 Dioeceseos
704 3048 870 3093 Synodis,
894 3060 950 3084 aut
972 3049 1140 3093 quibusvis

256 3094 336 3130 aliis
345 3095 563 3139 congreffibus
572 3098 688 3133 ordine
698 3099 887 3134 nascebatur
904 3101 1058 3144 quaestio,
1085 3100 1140 3134 de-

259 3144 340 3179 cisio
358 3144 517 3188 spestabat
537 3158 604 3181 non
617 3147 657 3182 ad
667 3147 850 3184 Provincias
860 3149 1037 3184 Primatem
1050 3173 1061 3189 ‚
1085 3150 1139 3186 sed

258 3193 304 3230 ad
330 3192 636 3239 Carthaginensem.
663 3197 737 3233 Nec
763 3201 882 3234 mirum
904 3226 911 3233 .
940 3200 1073 3235 Etenim
1098 3212 1140 3235 ex

261 3243 325 3279 hac
345 3244 476 3278 vistoria
501 3244 700 3288 dependebat
721 3250 870 3284 successio
891 3251 925 3284 in
938 3249 1138 3286 Primatum.

260 3295 468 3341 Qapropter
478 3293 536 3328 ista
549 3294 731 3330 Matriculae
743 3321 754 3337 ‚
763 3308 765 3310 ·
775 3298 830 3334 seu
843 3300 1018 3335 nominum
1036 3301 1141 3335 trans-

261 3343 369 3378 miffio
379 3356 447 3378 non
460 3345 519 3378 soli
533 3346 666 3388 praefatae
675 3345 715 3379 ad
728 3347 857 3384 Urbem
868 3350 1018 3386 relationi
1030 3351 1142 3386 servi&

261 3391 320 3429 bat
332 3417 345 3436 ‚
370 3394 421 3432 sed
434 3394 645 3438 aliisinsuper
658 3395 778 3430 finibus
789 3422 796 3429 .

324 3474 326 3478 ,
361 3443 471 3478 ebria.
480 3448 559 3488 Lupi
569 3449 666 3488 opera
676 3448 709 3478 T.
723 3450 807 3480 Vm.

1189 962 1291 993 tetur,
1317 955 1523 994 impedimento
1543 954 1617 988 nulli
1639 956 1690 998 effe
1695 953 1795 997 posse,
1823 964 1934 987 mecum
1953 958 2074 994 pariter

1189 1000 1330 1046 cognoscit
1351 1003 1505 1036 SanHitas
1529 1004 1644 1046 velim.
1673 1003 1826 1038 Affirmat
1849 1004 1913 1038 effe
1934 1013 1999 1036 rem
2012 1001 2078 1035 cla-

1193 1063 1284 1093 ram,
1309 1061 1475 1095 expertem
1496 1055 1606 1088 omnis
1627 1053 1722 1088 dubii
1743 1080 1752 1088 .
1784 1053 1827 1088 Et
1849 1054 1908 1088 ista
1932 1051 2079 1096 reposuit

1182 1103 1263 1137 ³non
1283 1099 1324 1135 ad
1348 1100 1436 1135 solos
1455 1101 1671 1146 supplicantes
1692 1104 1857 1148 Legatos,
1883 1101 1936 1138 sed
1955 1100 1996 1137 ad
2008 1112 2078 1136 om-

1193 1162 1268 1186 nem
1290 1150 1482 1195 synodum.
1511 1151 1605 1185 Hinc
1625 1153 1660 1186 ἀ
1681 1152 1747 1194 ipsa
1759 1154 1869 1187 omnis
1891 1152 2077 1197 respondit:

1194 1202 1451 1247 ,Quandocumque
1472 1199 1581 1236 babere
1605 1201 1731 1234 voluerit
1754 1212 1940 1243 quaecumque
1951 1206 2082 1235 Provin-

1193 1257 1243 1286 cia
1258 1256 1368 1295 primae
1391 1252 1475 1285 sedis
1499 1250 1701 1296 Episcopum,
1727 1250 1854 1291 instruat
1872 1252 2013 1292 primitiis
2025 1254 2082 1283 Ec-

1194 1301 1306 1345 clefiaem
1316 1299 1585 1345 Carthaginensem
1593 1325 1605 1342 ,
1631 1303 1664 1335 (τ’
1670 1299 1708 1342 fic
1718 1302 1800 1343 quod
1811 1299 1954 1342 desiderat
1958 1299 2060 1342 faciat
2072 1323 2091 1332 „

1195 1353 1364 1388 Defuncto
1387 1351 1488 1395 igitur
1508 1350 1650 1386 Primate
1664 1374 1676 1391 ,
1703 1350 1879 1385 Provincia
1901 1359 1957 1384 aut
1979 1351 2085 1392 Syno-

1194 1401 1254 1437 dus
1273 1425 1286 1442 ,
1309 1402 1362 1436 vel
1380 1401 1466 1437 certe
1486 1401 1552 1446 ipse
1574 1402 1768 1435 successurus
1801 1426 1813 1442 ,
1837 1412 1893 1435 aut
1914 1400 2085 1435 succedere

1196 1452 1396 1498 praetendens
1420 1451 1600 1496 Episcopus
1621 1450 1761 1486 debebat
1784 1450 2085 1496 Carthaginensem

1197 1503 1375 1537 Ecclesiam
1396 1502 1572 1537 instruere:
1601 1501 1738 1546 Utique
1759 1500 1802 1535 de
1814 1499 2085 1545 succeffurijure,

1194 1552 1376 1587 idoneitate
1387 1576 1399 1593 ,
1424 1551 1561 1595 aliisque
1582 1552 1625 1586 ad
1637 1553 1768 1586 causam
1778 1550 1993 1594 spectantibus
2005 1573 2013 1582 .
2039 1550 2088 1584 Er

1196 1613 1272 1637 ante
1286 1601 1552 1647 Carthaginensis
1573 1601 1729 1644 Episcopi
1751 1601 1803 1635 Re
1815 1601 1968 1644 scriptum
1989 1610 2027 1633 ac
2041 1600 2089 1633 as-

1197 1653 1322 1687 sensum
1334 1651 1547 1686 inthronizari
1558 1662 1626 1685 nou
1639 1661 1791 1695 poterat,
1822 1662 1928 1696 neque
1951 1649 2000 1685 uti
2016 1649 2097 1690 Pri-5

1197 1703 1293 1738 matis
1312 1701 1467 1735 nomine.

1248 1750 1422 1797 Agilejus,
1444 1749 1710 1797 Carthaginenfis
1736 1749 1882 1784 Ecclesiae
1893 1751 2088 1790 Diaconus,

1200 1802 1258 1837 ista
1270 1802 1383 1836 omnia
1406 1800 1626 1836 adBonisacii
1647 1801 1821 1845 Synodum
1847 1801 1926 1845 legit
1947 1812 1989 1836 ex
2002 1800 2090 1844 Hip-

1199 1853 1333 1896 ponenfi
1349 1851 1509 1886 Concilio
1533 1850 1680 1885 Aurelii.
1710 1852 1754 1886 Et
1767 1852 1934 1896 Megalius
1947 1876 1957 1891 ,
1985 1851 2089 1884 Cala-

1200 1902 1315 1936 mensis
1338 1901 1519 1944 Episcopus
1531 1926 1541 1942 ,
1569 1901 1739 1950 Numidiae
1752 1900 1878 1935 Primas
1890 1926 1901 1941 ,
1927 1902 1972 1935 est
1986 1900 2041 1934 hic
2052 1900 2090 1934 in

1200 1951 1357 1987 Sitifensis
1377 1951 1588 1986 Mauritaniae
1607 1952 1751 1986 favorem
1773 1952 2013 1985 interlocutus.-
2041 1949 2091 1982 Aa

1199 2004 1404 2044 compendium
1428 2007 1514 2035 venit
1539 2001 1594 2042 ista
1609 2000 1758 2044 provifio,
1783 2010 1819 2035 ut
1837 2000 2091 2035 &voluntatibus

1197 2051 1334 2096 satisfiat
1349 2075 1359 2090 ‚
1386 2053 1419 2084 (τ
1424 2050 1457 2093 se
1482 2054 1652 2085 Provinciae
1667 2059 1814 2091 teneant,
1839 2050 2023 2093 responsuris
2043 2059 2092 2083 ta·

1201 2113 1269 2135 men
1276 2107 1386 2143 primae
1398 2102 1482 2133 sedis
1493 2099 1652 2143 Episcopis
1669 2101 1843 2134 caudarum
1858 2104 2091 2134 Provinciarum

1200 2153 1247 2184 ad
1267 2150 1424 2191 Ecclesiam
1444 2147 1710 2194 Carthaginensem
1734 2174 1745 2190 ,
1771 2156 1804 2183 in
1824 2162 1999 2194 quocumque
2019 2149 2091 2193 usui·

1203 2207 1329 2244 exegerit
1340 2224 1347 2231 .
1360 2200 1536 2234 Consentit
1547 2200 1580 2234 in
1598 2211 1722 2234 novum
1734 2199 1916 2235 Primatum
1928 2225 1935 2233 .
1964 2201 2007 2234 Et
2019 2209 2091 2234 erat.

1203 2252 1346 2285 necesse.
1378 2249 1511 2284 Etenim
1524 2250 1684 2284 Sitifensis
1696 2251 1900 2285 Mauritania
1920 2261 1996 2284 ante
2018 2250 2092 2284 sub-

1202 2301 1306 2334 fuerat
1329 2299 1565 2333 Numidiatum
1587 2300 1724 2333 Primati
1739 2324 1750 2339 ,
1776 2299 1915 2343 ideoque
1940 2301 2095 2334 abscindi,

1202 2362 1270 2384 non
1284 2359 1410 2394 poterat
1437 2349 1502 2383 fine
1524 2348 1593 2391 ejus
1611 2348 1831 2392 beneplacito.
1858 2350 1938 2384 Haec
1949 2350 1995 2383 est
2013 2361 2091 2383 om·-

1204 2399 1285 2433 nino
1295 2411 1416 2443 magna
1427 2400 1482 2432 illa
1496 2400 1719 2443 Hipponensis
1735 2400 1909 2441 synodus,
1936 2399 1976 2434 ad
1990 2409 2092 2442 quam

1202 2451 1334 2483 Sandius
1348 2448 1575 2493 Augustinus,
1601 2448 1708 2482 adhuc
1731 2449 1921 2491 Presbyter,
1951 2450 2093 2490 disputa-

1202 2501 1251 2533 vit
1268 2511 1308 2532 ac
1332 2498 1483 2542 exposuit
1496 2497 1729 2540 Apostolicum
1744 2499 1942 2540 Symbolum
1956 2522 1963 2530 .
1991 2499 2090 2533 Fasta

1202 2550 1264 2584 fuit
1275 2560 1365 2584 anno
1388 2548 1479 2582 istius
1492 2547 1596 2581 saeculi
1621 2548 1833 2592 nonagesimo
1855 2548 1975 2587 tertio,
2001 2547 2090 2582 bien-

1204 2601 1263 2635 nio
1273 2609 1350 2634 ante
1363 2599 1470 2632 Sansti
1485 2597 1665 2642 Augustini
1679 2597 1909 2641 Episcopatum
1919 2622 1927 2630 .
1954 2598 2090 2633 Exinde

1203 2650 1304 2695 igitur
1316 2648 1472 2684 Sitifensis
1485 2647 1684 2682 Mauritania
1695 2645 1811 2682 habuit
1832 2649 1999 2692 proprium
2011 2648 2089 2682 Pri-

1203 2710 1323 2734 matem
1340 2724 1348 2731 .
1374 2699 1416 2734 Et
1428 2698 1563 2732 retinuit
1572 2699 1672 2741 usquc
1691 2697 1733 2733 ad
1746 2709 1867 2733 novam
1881 2693 2089 2742 imperatoris

1203 2749 1379 2794 Iustiniani
1404 2748 1651 2792 dispositionem
1676 2771 1688 2789 ,
1724 2748 1843 2784 faitam
1876 2749 1948 2794 post
1971 2748 2089 2792 ejectos

1202 2799 1409 2835 VVandalos
1423 2823 1431 2832 .
1974 2821 1977 2824 ν

1252 2850 1418 2897 Qintam
1439 2847 1700 2894 Carthaginensts
1722 2848 1872 2884 Ecclessae
1896 2850 2090 2895 Praerogatib
2150 2874 2152 2876 -

1203 2912 1278 2935 vam
1288 2899 1443 2934 habemus
1451 2898 1495 2933 ab
1505 2898 1620 2934 eadem
1632 2899 1838 2942 Hipponensi
1851 2900 2006 2942 Synodo.
2031 2900 2087 2933 Et-

1201 2951 1291 2985 enim
1319 2949 1515 2983 Honoratus
1536 2950 1570 2983 &
1587 2949 1796 2988 Cecilianus,
1824 2949 1984 2985 Sitifensis
2008 2949 2086 2985 Pro·

1203 3000 1317 3035 vinciae
1329 3000 1469 3044 Legati,
1496 2999 1576 3033 dum
1600 2999 1763 3042 proprium
1775 2998 1953 3034 Primatem
1975 3000 2087 3041 postu-

1202 3051 1313 3085 labant
1325 3074 1335 3090 ,
1347 3050 1476 3093 profeffi
1489 3051 1560 3083 sunt
1571 3050 1737 3092 plerasque
1749 3047 2011 3094 Carthaginenfis
2023 3050 2085 3085 Ec·

1202 3101 1304 3136 clesiae
1320 3098 1549 3144 praerogativas
1570 3122 1581 3138 ‚
1608 3099 1824 3142 promiserunt
1845 3101 1988 3134 venerari
2006 3124 2018 3141 ,
2044 3112 2082 3134 ac

1203 3151 1376 3194 interipsas
1386 3150 1563 3192 posuerunt
1584 3148 1618 3182 ὃς
1631 3147 1734 3182 hanc:
1759 3148 1846 3190 Etfi
1857 3162 1917 3192 qua
1930 3151 1968 3184 de
1978 3152 2081 3183 eadem

1203 3196 1434 3244 Carthaginenfi
1443 3197 1570 3240 Ecclefia
1580 3199 1753 3232 nuntianda
1765 3198 1828 3241 fine
1838 3202 1883 3233 ad
1888 3203 2081 3234 Provinciam

1205 3255 1444 3289 Mauritaniam,
1470 3247 1557 3291 causa
1566 3250 1672 3292 regulae
1696 3248 1905 3292 &discipline
1918 3275 1929 3290 ,
1954 3250 2081 3292 hocpro-

1200 3301 1321 3344 fitemur
1331 3297 1508 3342 Episcopum
1520 3298 1691 3342 Sitifensem
1715 3299 1819 3334 debere
1828 3307 2002 3339 conveniri,
2024 3309 2080 3342 per

1204 3363 1289 3395 quem
1309 3361 1406 3384 omnes
1420 3348 1557 3392 Epist-opi
1578 3355 1612 3382 in
1625 3352 1813 3383 Mauritania
1829 3350 2080 3391 constitutipffnt

1205 3402 1378 3445 informari.
1405 3399 1498 3434 Duru
1518 3409 1574 3444 per
1596 3398 1739 3441 aliquam
1757 3400 1969 3436 Provinciam
1988 3423 1998 3437 ‚
2023 3406 2080 3439 aut

1710 3450 1738 3483 Ρ
1985 3447 2043 3480 ali-
