2326 3718
71 694 172 738 Epist-5
179 702 204 732 5·

687 153 968 207 Romnum
997 146 1581 203 ἔΑΡΡεῑιΑτιοΝιΒυε.

1895 165 1952 209 25

219 253 315 285 motu
338 240 373 278 δέ
394 240 437 278 ἐκ
461 241 596 283 officio,
622 241 675 277 seu
685 252 744 286 pro
760 243 816 276 sua
837 250 925 284 parte
938 237 1090 283 scripserit
1155 233 1308 278 reparari:
1337 231 1381 266 Et
1392 230 1553 266 Acacium
1564 227 1670 264 adhuc
1685 230 1900 268 catholicum
1925 233 2030 267 {enfit-

218 292 410 333 in'Gallias.
435 292 538 329 Lucet
548 304 589 328 ex
607 292 731 328 verbis:
757 291 916 332 Faustinus
933 289 1025 334 semel
1046 287 1097 322 at?

217 356 274 389 que
295 344 398 377 iterum
418 343 492 390 mibi
510 341 639 387 smpfie.
666 341 855 377 Affeverant
876 366 887 382 ,
912 338 1001 385 quod
1026 339 1089 382 Cy·

218 395 352 439 ptianus
370 405 439 428 non
460 393 572 429 nisiex
588 392 703 428 iterato
711 392 857 428 Faustini
869 400 961 427 motu
981 390 1013 423 se
1023 399 1091 422 mo-

218 454 302 479 verit
315 469 322 477 .

267 493 323 528 Ex
335 495 404 538 ipso
415 493 502 529 enim
513 499 607 528 norat
616 493 715 528 etiam
728 494 745 528 ὲ
757 493 861 529 Gallis
870 492 931 527 effe
944 487 1092 532 scriptum

219 543 262 579 ad
281 543 432 579 Urbem:
457 540 551 578 Hinc
571 543 710 577 credidit
732 545 825 579 suurn
845 541 1092 577 incitamentum

219 605 290 630 non
304 596 366 629 effe
377 593 531 630 Pontifici
542 594 769 628 neceslarium.
798 594 842 627 Et
852 600 973 634 repeto:
1000 587 1093 636 Qid

220 644 400 679 Gallicanae
430 642 578 677 Ecclefiae
599 655 673 678 cum
695 643 872 678 Africana?
897 637 1094 688 Qesnellus

219 693 340 730 affidu&
348 693 501 727 decantat
512 693 668 737 Cypriani
683 693 794 727 verba:
821 692 952 734 singulti·
970 688 1095 730 Pastori-

220 745 277 779 bus
281 748 379 786 portio
384 748 488 787 gregis
499 741 653 785 adftripta
662 742 701 783 est
709 767 721 783 ,
747 753 838 784 quam
849 749 934 785 regat
942 736 1096 783 unusquis-

219 805 275 837 que
299 791 499 838 &gubernet,
528 799 669 827 rationem
684 790 731 835 sui
744 791 828 829 aeus
842 795 964 823 Domino
989 790 1096 823 reddt-

219 853 325 879 turus.
351 845 433 892 Qo
452 842 536 885 apud
557 843 661 886 ipsum
684 841 753 885 jure
764 841 934 875 Gallicana
958 839 1097 874 Ecclesia

217 895 336 938 spectat
357 894 398 928 ad
421 893 605 936 portionem
629 891 781 925 Primatis
809 888 1098 934 Carthaginenfis?

219 944 314 978 Hinc
325 943 414 978 enim
426 940 610 983 Cyprianus
621 940 738 981 scripsit
749 939 789 973 ad
803 939 1013 983 Stephanum:
1042 942 1099 971 cui

219 992 398 1029 reinduam
416 986 605 1030 estconfhlere
630 990 664 1022 dt
680 987 841 1031 subvenire
858 1012 868 1028 ,
894 992 1003 1022 Frater
1029 987 1098 1020 cba-

219 1042 337 1080 rifflme,
363 1043 413 1082 qui
422 1040 569 1072 Divinam
580 1038 763 1072 clementiam
785 1044 949 1082 cogitantes
961 1063 973 1078 ‚
1001 1039 1035 1072 ὦ·
1045 1049 1103 1082 gu-

217 1089 380 1124 bernandae
392 1087 524 1128 Ecclefiae
533 1088 644 1121 libram
655 1097 785 1122 tenentes
797 1113 807 1129 ,
827 1089 867 1130 fic
881 1093 992 1133 vigoris
1007 1086 1102 1130 censu-

217 1152 286 1174 ram
297 1139 499 1182 peccatoribus
522 1137 713 1178 exhibemus,
740 1147 774 1171 ut
794 1148 892 1171 tamen
916 1137 1020 1180 Lapfis
1048 1143 1103 1171 eri-

214 1191 347 1236 gendis,
372 1189 559 1223 &curandis
589 1189 757 1222 vulneratis
770 1189 913 1222 bonitatis
941 1189 974 1222 Θ
994 1186 1102 1230 misero·-

219 1242 328 1275 cordiae
338 1241 461 1272 Divinae
477 1240 651 1272 medicinam
672 1249 730 1271 non
739 1239 932 1283 denegemus.
962 1238 1104 1272 Excusat

217 1292 255 1325 se
275 1315 287 1331 ,
313 1289 401 1333 quod
414 1290 446 1322 se
457 1288 587 1323 misceat
599 1289 710 1323 alienae
717 1289 879 1323 Ecclefiae.
909 1288 1061 1323 Affirmat
1073 1289 1107 1322 se

221 1340 285 1376 effe
296 1338 389 1373 illum
401 1337 598 1380 Episcopum
611 1363 622 1379 ‚
647 1339 793 1380 quicum
807 1338 974 1382 Stephano
989 1362 1001 1379 ,
1026 1338 1107 1372 tunc

218 1389 309 1425 inter
319 1388 457 1434 majores
480 1387 642 1422 Romanae
664 1388 813 1423 Ecclesia:
824 1388 971 1423 Clericos
990 1387 1107 1423 consti-

220 1447 298 1475 tuto
320 1463 332 1480 ,
356 1438 392 1473 &
413 1449 488 1472 cum
513 1437 579 1481 ejus
600 1436 865 1473 Antecefforibus
888 1437 1048 1473 Cornelio
1074 1438 1108 1472 &

222 1489 332 1524 Lucio
350 1486 533 1523 condiderit
555 1488 698 1522 clemens
717 1489 752 1522 in
765 1489 887 1532 Lapsos
898 1490 1076 1523 Decretum
1097 1513 1108 1529 ‚

223 1538 367 1578 ideoque
377 1537 463 1578 hanc
474 1539 602 1569 causam
613 1538 652 1568 ad
665 1539 696 1568 se
709 1537 866 1576 pertinere
879 1557 886 1564 .
913 1538 1008 1567 Hinc
1032 1538 1109 1568 Gal-

225 1587 342 1620 licanae
365 1585 510 1626 Ecclefiae
531 1582 626 1623 Lapfi
640 1597 652 1616 .-
678 1584 888 1622 opitulationis
909 1581 1052 1623 solatium
1069 1583 1108 1615 ab

223 1631 288 1676 ipso
306 1628 548 1675 expoposcerunt.
575 1629 655 1660 Hoc
676 1627 722 1660 est
735 1652 746 1668 ,
772 1629 922 1662 fraternae
941 1630 1027 1673 apud
1051 1629 1111 1664 Pa-

223 1692 302 1728 pam
312 1677 545 1714 interceffionis
564 1675 739 1712 auxilium.
767 1677 841 1712 Nec
861 1677 950 1713 aliud
975 1679 1114 1724 Cypria·

223 1742 290 1768 nus
300 1729 471 1765 attentavit
478 1749 486 1759 ·

276 1779 446 1817 Secundus
455 1789 541 1813 error
550 1778 595 1812 est
607 1802 619 1819 ,
645 1777 735 1822 quod
748 1778 837 1813 Galli
849 1789 917 1814 non
930 1778 1032 1814 solius
1043 1779 1112 1813 Ro·

226 1829 317 1867 mani
328 1855 339 1871 ,
366 1829 418 1863 sed
428 1829 526 1863 etiam
540 1827 805 1873 Cart'haginenlis
817 1829 970 1873 Episcopi
987 1831 1111 1863 senten-

225 1882 311 1917 tiam
331 1879 548 1914 attenderint.
573 1878 708 1914 Etenim
731 1881 787 1922 qui
812 1879 870 1914 sub
895 1880 981 1914 coelo
991 1880 1113 1914 Canon

227 1930 333 1967 sancit
358 1939 413 1964 aut
427 1929 539 1964 suadet
558 1928 766 1963 Gallicanam
789 1929 965 1964 Ecclesiam
990 1930 1114 1964 Roma·

228 1993 277 2016 no
288 1980 451 2024 Episcopo
462 1991 530 2014 non
544 1979 637 2013 aliter
646 1979 757 2022 subjici
769 1990 864 2021 quam
878 1979 1116 2024 Carthaginen-

228 2032 252 2066 fi
269 2033 282 2064 2
307 2030 391 2078 Qae
400 2031 475 2064 sunt
487 2028 554 2064 haec
565 2029 750 2073 paradoxa?
776 2029 873 2063 Certe
897 2031 1030 2065 Sanetus
1043 2031 1109 2073 Cy-

229 2082 362 2126 prianus
381 2091 474 2126 agere
486 2078 599 2114 debuit
611 2104 622 2120 ‚
648 2080 681 2114 δε
702 2081 844 2114 omnino
857 2081 924 2125 egit
946 2091 1022 2114 cum
1034 2079 1113 2114 Are-

232 2131 344 2164 latensi
356 2131 523 2163 Martiano
537 2154 548 2169 ,
572 2129 743 2172 quomode>
766 2129 906 2164 Aeacius
928 2129 1114 2164 Constanti-

227 2179 446 2222 popolitanus
468 2179 646 2223 Episcopus
663 2180 733 2223 'egit
754 2179 788 2212 in
811 2178 944 2214 Petrum
969 2179 1113 2224 Mogum

231 2227 598 2263 Pseudo-patriarcham
623 2227 904 2268 Alexandrinum,
930 2229 972 2263 de
995 2229 1115 2274 quibus

230 2279 368 2313 Sanctus
388 2278 534 2312 Gelafius
553 2277 707 2312 Pontifex
732 2279 852 2322 scripsit
875 2278 916 2313 ad
929 2280 1114 2313 orientales

230 2328 435 2373 Episcopus:
462 2332 583 2362 Aeacius
595 2330 719 2362 Petrum
726 2333 825 2370 petita
843 2330 930 2363 sedis
953 2329 1114 2371 Apostolicae

228 2384 423 2420 praeceptione
432 2379 610 2411 damnavit.
639 2378 682 2411 Et
704 2376 852 2423 adjungit
877 2379 983 2422 petitae
1004 2390 1114 2422 praece—

233 2428 358 2471 ptionis
369 2429 493 2464 causam
508 2441 515 2460 :
542 2432 628 2460 Nam
637 2438 702 2461 cum
712 2432 837 2462 Aeacius
854 2430 933 2461 nullo
951 2428 1116 2473 Privilegio

226 2477 386 2519 fulciretur
395 2499 407 2516 ‚
433 2486 465 2510 ut
476 2478 512 2510 de
518 2475 647 2520 secunda
659 2479 731 2511 Sede
738 2479 828 2520 peffet
832 2478 915 2519 ferre
932 2482 962 2523 J
966 2475 1092 2512 adiciam
1104 2503 1114 2519 ,

233 2538 292 2560 non
310 2531 409 2568 potuit
423 2529 497 2567 Jure
507 2537 682 2568 quemquam
704 2524 868 2560 damnare}
898 2525 1030 2572 Utii1ue
1048 2529 1114 2563 fine

231 2575 292 2610 ista
304 2577 532 2619 praeceptione.
560 2575 712 2610 Affirmat
724 2577 862 2619 eandem
881 2579 942 2612 effe
953 2580 1114 2613 rationem

233 2626 275 2660 de
295 2625 384 2660 Petri
408 2624 634 2669 reparatione,
660 2626 695 2660 δε
711 2627 930 2670 prosequitur:
958 2630 1116 2673 Sicut‘ergo

234 2680 357 2709 Aeacius
367 2678 437 2710 ante*
448 2687 504 2709 non
511 2676 596 2718 prius
611 2676 775 2709 damnavit
788 2701 799 2716 ‚
826 2679 918 2719 quam
941 2679 975 2712 ά·
994 2677 1116 2720 referret
1143 2684 1145 2689 '

234 2727 270 2760 ὑ
284 2724 413 2768 posceret
436 2729 556 2759 Petrum
579 2725 735 2767 apostoliea
758 2725 939 2760 authoritate
966 2729 1114 2762 damnan-

234 2777 306 2809 dum
316 2800 327 2817 ,
347 2775 387 2817 sic
404 2777 438 2810 ὁ·
457 2781 488 2808 in
500 2777 664 2818 recipiendo
683 2777 803 2810 modum
817 2775 944 2819 servare
956 2777 1092 2823 debuiffet
1104 2801 1115 2818 ,

233 2834 267 2858 ut
285 2824 460 2869 priusquam
479 2824 545 2869 feei
565 2831 758 2860 communione
767 2826 899 2871 misceret
911 2852 922 2868 ,
945 2835 1000 2869 per
1011 2830 1116 2863 5edem

233 2875 420 2917 apostolicam
425 2875 556 2919 posceret
565 2882 737 2910 examinari
753 2887 818 2909 eum
829 2901 840 2917 ,
866 2879 1046 2922 &legitima
1070 2891 1114 2912 ra-

233 2930 310 2959 tione
316 2932 463 2970 purgari,
490 2937 553 2960 cum
576 2937 627 2960 nec
636 2929 853 2966 examinandi,
879 2937 932 2961 aut
955 2930 1115 2971 recipiendi

236 2984 296 3007 eum
317 2974 438 3010 haberet
458 2975 518 3019 ipfh
529 2977 740 3019 Pontificium,
767 2978 802 3011 (a
822 2989 879 3010 non
892 2977 946 3019 nisi
959 2986 1016 3020 per
1036 2979 1114 3013 illius

237 3024 319 3057 sedis
340 3025 549 3061 authoritatem
575 3025 797 3070 consensumque
813 3026 960 3071 bocpoffet
972 3029 1112 3071 implere,

233 3070 294 3112 fine
303 3076 383 3114 cujus
394 3076 569 3110 authoritate
581 3089 639 3111 non
645 3086 785 3120 potuerat
795 3075 856 3120 ipse
867 3079 1019 3112 damnare.
1037 3082 1113 3112 Cum

238 3126 318 3154 enim
338 3125 435 3164 constet
450 3125 565 3169 semper
602 3137 654 3160 aut
664 3130 750 3161 sedis
764 3127 927 3170 Apostolicae
939 3128 1114 3163 authoritate

238 3169 405 3213 hujusmodi
413 3175 552 3218 personas
566 3177 702 3221 dtfiussas
714 3202 726 3219 ‚
752 3180 806 3212 vel
813 3181 863 3221 effe
878 3186 1041 3223 purgatas,
1055 3180 1111 3212 &a

237 3219 339 3254 Extat
349 3221 482 3264 epistola
494 3227 575 3269 apud
589 3228 747 3271 Jacobum
756 3228 966 3263 Sirmondum
978 3230 1048 3273 post
1061 3240 1112 3272 ap-

235 3268 408 3314 pendicem
429 3271 650 3312 Tbeodofiani
671 3277 806 3313 Codicis
828 3302 835 3309 .
875 3279 1028 3314 Affirmat
1053 3280 1112 3313 Pe·

236 3329 323 3354 trum
342 3319 486 3365 Mogum
504 3348 514 3363 ,
548 3324 655 3361 alienae
676 3329 830 3363 Dioecefis
853 3329 1050 3373 Episcopum
1077 3331 1111 3364 δε

1155 287 1186 320 se
1197 284 1282 318 istud
1295 284 1398 327 ipsum
1408 307 1419 324 ,
1445 281 1560 325 utpote
1569 281 1625 325 qui
1638 279 1733 313 illum
1742 293 1810 316 non
1824 282 1880 317 nisi
1896 283 1967 327 post
1979 294 2032 327 pe·

1153 335 1249 370 titam
1274 334 1309 368 ὃς
1329 333 1500 368 obtentam
1524 330 1723 375 Apostolicae
1744 331 1830 366 Sedis
1841 334 2031 368 facultatem

1153 383 1346 430 praesumpsit
1355 383 1529 418 damnare.
1557 381 1664 415 Addit
1677 380 1799 422 semper
1819 382 1910 416 fuisse
1931 383 1976 418 ita
1985 384 2032 418 fa-

1153 438 1262 476 ctum,
1288 433 1419 468 &istud
1430 432 1520 468 certo
1530 431 1694 466 constare.
1724 428 1795 463 Effe
1805 431 1958 466 omnibus
1979 444 2033 468 εχ.

1155 486 1317 531 ploratum
1329 484 1505 519 Canonem
1515 481 1762 526 Apostolicum.
2014 497 2018 513 ;

1205 534 1331 569 Eodem
1354 534 1430 569 sane
1455 532 1557 567 modo
1584 531 1618 564 in
1640 528 1892 564 Haerefiarcharn
1920 529 2035 565 Nesto-

1156 587 1240 620 rium
1251 584 1397 629 proceffit
1407 584 1541 618 Sanctus
1552 581 1699 625 Cyrillus
1708 577 2038 615 PatriarchaAlexan-

1157 635 1269 669 drinus
1291 660 1298 667 .
1326 632 1518 669 Dorotheus
1537 631 1875 675 Martianopolitanus
1902 629 2039 674 Episcoe

1159 695 1216 728 pus
1231 708 1241 723 ,
1268 685 1416 719 secundae
1436 685 1558 719 Moefiae
1578 682 1814 726 Metropolim,
1839 681 1875 714 in
1898 679 2041 714 solemni

1160 734 1536 778 Constantinopolitanae
1547 733 1695 768 Ecclefiae
1702 731 1827 776 Synaxi
1839 741 1950 767 coram
1959 729 2040 764 Prae-

1159 783 1280 818 fidente
1292 784 1467 824 Nestorio‚
1492 784 1627 818 &omni
1640 783 1787 818 adstante
1798 782 1898 817 Clero
1921 792 1959 815 ac
1968 780 2042 815 Po-

1161 834 1239 878 pulo
1251 832 1378 869 dixerat
1401 846 1459 878 pto
1480 833 1645 869 concione
1662 858 1669 865 .
1697 836 1728 866 52
1749 833 1817 881 qua's
1841 836 1973 865 Mariam
1990 829 2043 874 effe

1162 888 1325 926 Deiparam
1349 886 1483 925 dixerit,
1510 882 1678 917 Anathema
1692 882 1748 924 fit.
1776 880 2049 916 Anathematiza·

1162 945 1208 968 rat
1231 944 1336 970 totam
1357 933 1481 970 Christi
1494 933 1692 973 Ecclesiam,
1721 942 1837 967 omnes
1858 931 1925 974 ejus
1934 928 2046 965 ortho-

1162 984 1269 1018 doxos
1281 983 1484 1026 Episcopos,
1509 983 1685 1028 quicunsti
1707 994 1774 1018 una
1788 994 1871 1018 voce
1893 981 2049 1026 profiten-

1163 1044 1215 1071 tur
1240 1032 1470 1066 sacrosanctam
1497 1034 1672 1076 Virginem
1699 1035 1761 1073 effe
1787 1033 1854 1068 Dei
1881 1032 2046 1067 Matrem,

1166 1082 1260 1117 Hinc
1284 1080 1465 1127 graviffime
1484 1079 1626 1114 offensus
1637 1083 1781 1124 Cyrillus
1801 1083 1942 1127 scripsit:
1970 1085 2049 1116 Cum
2067 1089 2182 1132 Epist5.

1166 1130 1298 1174 nosipsi,
1324 1138 1375 1175 qui
1387 1131 1551 1165 etiamnum
1571 1135 1604 1163 in
1616 1134 1685 1162 vita
1696 1141 1848 1167 manemus
1859 1156 1870 1172 ,
1895 1139 2050 1175 caeterique

1167 1192 1314 1217 terrarum
1324 1182 1416 1216 Orbis
1433 1180 1573 1224 Episcopi
1585 1203 1596 1220 ,
1623 1180 1686 1212 tum
1698 1181 1807 1213 Panes
1818 1191 1929 1222 quoque
1940 1182 2026 1222 nostri
2038 1207 2051 1226 ‚

1169 1242 1220 1280 qui
1231 1240 1298 1274 binc
1315 1236 1384 1276 jam
1396 1233 1464 1266 olim
1485 1234 1530 1265 ad
1538 1235 1636 1264 Deum
1651 1229 1780 1272 profe&
1794 1227 1870 1272 sunt
1882 1254 1893 1270 ,
1921 1231 2052 1263 Anatbe-

1170 1301 1250 1325 mate
1275 1285 1312 1320 ab
1332 1285 1380 1318 illo
1402 1284 1520 1326 percuffi
1541 1280 1644 1325 sumus
1657 1305 1668 1321 ,
1693 1280 1768 1322 quid
1789 1280 1915 1317 vetabat
1940 1282 1977 1314 ὁ·
1997 1292 2051 1316 nos

1171 1350 1284 1383 quoque
1304 1334 1422 1370 vocibus
1433 1334 1512 1367 illius
1535 1337 1685 1366 contraria
1700 1328 1852 1374 scribere,
1878 1341 1914 1364 ac
1933 1331 2052 1375 ditere3

1173 1385 1355 1425 anathema,
1376 1384 1407 1428 fi
1422 1388 1489 1427 quis
1509 1386 1642 1417 Mariam
1664 1384 1831 1423 Deiparam
1852 1381 1905 1425 esse
1926 1392 2055 1426 negave-

1171 1444 1214 1474 rit
1226 1440 1242 1472 ‚²
1269 1437 1375 1474 Verum
1395 1436 1431 1468 id
1443 1433 1586 1468 hedenus
1604 1440 1726 1475 propter
1739 1433 1823 1466 illum
1837 1430 1937 1471 facere
1949 1433 2030 1465 nolui
2042 1456 2058 1473 ,

1173 1500 1208 1523 ne
1212 1486 1272 1531 fint
1284 1492 1335 1532 qui
1351 1483 1528 1529 Episcopum
1549 1484 1787 1518 Alexandrinum
1799 1507 1811 1523 ,
1835 1484 2058 1527 AEgyptiaemve

1174 1540 1316 1578 synodum
1329 1535 1540 1570 anathematis
1559 1533 1710 1577 sententia
1730 1539 1763 1567 in
1777 1532 1954 1574 ,Nestorium
1972 1529 2059 1574 nilis-

1148 1603 1152 1610 ·
1171 1585 1205 1628 se
1219 1608 1230 1625 ,
1247 1596 1339 1628 atque
1361 1590 1406 1617 ita
1413 1583 1477 1626 suae
1490 1584 1644 1626 potestatis
1666 1586 1775 1618 limites
1800 1583 1963 1627 tranfilttffe
1983 1583 2058 1616 dice-

1176 1644 1258 1666 rent.
1287 1632 1441 1666 Affirmat
1463 1631 1497 1665 id
1520 1633 1660 1674 spestare
1680 1633 1720 1665 ad
1730 1633 2058 1673 Occidentis'Syno-

1177 1680 1280 1720 dum,
1306 1677 1347 1712 ad
1371 1679 1570 1720 Episcopum
1596 1680 1805 1712 Romanum.
1834 1681 1901 1713 Uti
1917 1679 2063 1717 Alexam.

1177 1730 1307 1764 drinum
1319 1726 1520 1771 Episcopum
1532 1737 1569 1760 ac
1582 1725 1785 1771 AEgyptiam
1796 1727 1970 1768 synodum
1982 1752 1992 1768 ,
2013 1729 2061 1762 ita

1175 1778 1368 1814 Occidentis
1388 1775 1562 1819 synodum
1581 1775 1830 1811 &Romanum
1859 1776 2060 1821 Episcopum

1177 1829 1273 1865 habet
1283 1826 1490 1872 proeisdern:
1520 1826 1624 1860 Causa
1637 1825 1870 1869 Praefidentiae;
1899 1827 1999 1874 Qod
2011 1827 2060 1862 est

1177 1879 1376 1915 notandum.
1405 1877 1516 1912 Etiam
1539 1877 1574 1910 in
1593 1876 1656 1911 suis
1676 1876 1718 1911 ad
1740 1877 1894 1911 Sanctum
1913 1877 2061 1912 Pontifi-

1175 1942 1247 1965 cem
1262 1928 1463 1965 Celestinum
1478 1926 1593 1962 litteris
1604 1927 1750 1971 Cyrillus
1762 1926 1803 1962 de
1817 1927 1930 1962 multis
1943 1927 2062 1962 Nesto-

1175 1981 1213 2014 rii
1226 1980 1261 2014 in
1274 1981 1306 2014 se
1317 1978 1443 2022 injuriis
1453 2002 1462 2019 ,
1489 1977 1530 2012 de
1542 1978 1722 2021 pertinacia
1745 1976 1781 2011 in
1793 1977 1898 2013 haerefi
1912 2003 1923 2020 ‚
1950 1976 1992 2013 de
2002 1978 2065 2012 im-

1173 2028 1370 2074 pudentibus
1391 2025 1671 2072 ejusblasphemiis
1684 2028 1776 2072 plura
1798 2029 1918 2070 refert,
1942 2028 2064 2063 &con-

1177 2080 1300 2116 cludit:
1327 2084 1366 2113 At
1382 2084 1522 2122 quamvis
1532 2090 1580 2113 res
1591 2078 1676 2122 itase
1688 2077 1819 2121 habeat,
1846 2090 1904 2112 non
1921 2079 2009 2122 prius
2019 2088 2066 2112 ta·
2081 2074 2203 2115 iiim-90*

1178 2142 1244 2165 men
1254 2132 1334 2164 illius
1345 2134 1572 2163 communionem
1594 2129 1775 2172 confidenter
1801 2125 1934 2172 deserere
1946 2128 2066 2173 ault'su-

1179 2193 1245 2214 mus
1258 2204 1268 2219 ,
1289 2181 1378 2223 quam
1389 2178 1452 2214 baec
1463 2178 1529 2222 ipsa
1542 2182 1657 2214 Pietati
1667 2181 1939 2221 tuaejudtcaremus
1950 2205 1957 2213 .
1986 2179 2065 2215 Plu·

1180 2242 1213 2265 ra
1226 2232 1299 2264 sunt
1312 2227 1497 2272 hujusmodi
1511 2230 1645 2272 antiqua
1660 2230 1824 2274 exempla.
1858 2230 2007 2264 Eandem
2018 2242 2065 2264 er·

1177 2280 1223 2325 go
1244 2279 1392 2325 regulam
1412 2279 1511 2313 secuti
1534 2280 1608 2313 sunt
1631 2279 1798 2314 Gallicani
1824 2280 2002 2324 Episcopi,
2027 2281 2062 2314 &

1180 2331 1313 2365 Sanctus
1338 2329 1523 2372 Cyprianus
1548 2342 1558 2361 :
1585 2328 1790 2367 Mattianum
1812 2329 1967 2364 damnare
1992 2341 2063 2364 non

1180 2383 1255 2415 sunt
1268 2380 1331 2415 ausi
1354 2380 1421 2413 fine
1443 2379 1659 2423 praeceptione
1678 2379 1853 2423 Stephani.
1881 2380 1975 2415 Hinc
1989 2379 2064 2414 Ro-

1180 2442 1266 2465 mam
1279 2429 1456 2464 retulerunt
1468 2454 1479 2471 ‚
1505 2430 1539 2464 ἀ
1551 2427 1747 2464 Pontificem
1763 2432 1926 2465 urserunt.

1230 2480 1327 2514 Error
1349 2480 1462 2514 tertius
1486 2481 1555 2519 est,
1580 2480 1670 2522 quod
1695 2478 1762 2514 haec
1772 2480 2064 2523 Cyprianiverba‚

1178 2531 1271 2574 ,Quod
1291 2531 1418 2564 necdum
1442 2530 1461 2559 ἂ
1479 2528 1560 2560 nobis
1572 2530 1712 2561 videatur
1722 2530 1870 2568 abstentus
1883 2555 1894 2570 ,
1921 2533 2062 2565 afferunt

1178 2579 1361 2614 Gallicanis
1374 2577 1544 2620 Episcopis
1566 2578 1659 2611 fuisse
1670 2578 1793 2619 aliquid
1803 2579 2030 2623 dependentIae
2039 2582 2061 2616 a

1179 2627 1426 2673 Carthaginensi
1438 2652 1446 2659 .
1475 2627 1608 2661 Etenim
1625 2627 1682 2661 illa
1693 2626 1856 2663 adhaerent
1881 2628 1930 2663 his
1941 2641 2061 2674 praece·

1177 2678 1329 2714 dentibus
1342 2692 1353 2712 .-
1380 2678 1432 2711 Ne'
1458 2679 1538 2710 ultra
1559 2681 1747 2711 Marcianum
1758 2679 1885 2722 Collegio
1904 2679 1995 2720 nostro
2015 2686 2060 2713 in-

1173 2729 1288 2773 sultare
1295 2733 1457 2771 patiantur
1466 2753 1473 2760 .
1489 2727 1682 2771 Respiciunt
1695 2730 1821 2763 avitum
1834 2730 1981 2764 Ecclefiae
1990 2740 2063 2764 mo.

1177 2791 1243 2815 rem
1268 2779 1511 2818 &Canonem,
1537 2789 1578 2812 ex
1601 2789 1668 2821 quo
1690 2778 1876 2814 Patriarcha
1891 2803 1902 2820 ‚
1927 2791 1965 2814 ac
1984 2791 2060 2824 prae-

1177 2829 1284 2864 sertim
1307 2830 1479 2864 Romanus
1499 2828 1654 2863 Pontifex
1667 2852 1678 2868 ,
1706 2831 1796 2872 super
1818 2830 1984 2874 degradati
1997 2831 2058 2865 ase

1179 2880 1333 2924 Episcopi
1352 2878 1488 2913 nomine
1510 2890 1564 2922 per
1585 2889 1700 2913 omnes
1721 2880 1885 2915 Dioeceses
1907 2880 2057 2915 mittebat

1176 2929 1438 2964 subscribendam
1459 2928 1662 2963 Tractoriam
1677 2954 1687 2970 ,
1712 2939 1810 2974 atque
1834 2931 1879 2964 ita
1903 2932 1995 2964 suum
2006 2931 2059 2974 Ju-

1175 2979 1298 3014 dicium
1312 2978 1444 3023 jubebat
1455 2977 1496 3013 ab
1506 2980 1600 3013 omni
1611 2979 1797 3023 Episcopali
1811 2979 1969 3024 Collegio
1979 2990 2058 3014 con-

1176 3029 1318 3064 firmari.
1348 3031 1551 3064 Damnatum
1570 3029 1588 3063 a
1612 3030 1644 3062 se
1656 3029 1855 3072 Episcopum
1869 3029 2003 3072 jubebat
2014 3030 2056 3065 ab

1175 3080 1332 3114 omnibus
1344 3080 1492 3124 Collegis
1506 3078 1718 3113 condemnari
1738 3079 1771 3112 δε
1783 3078 1936 3114 abstineri
1948 3105 1954 3112 .
1981 3079 2057 3115 Hu-

1175 3131 1223 3174 jus
1236 3131 1385 3165 Canonis
1395 3130 1627 3164 executionem
1640 3127 1707 3162 fieri
1719 3139 1772 3171 per
1787 3128 1913 3163 Gallias
1932 3141 2025 3175 rogat
2036 3131 2055 3164 a

1174 3180 1338 3225 Stephano
1351 3179 1556 3223 Cyprianus,
1585 3188 1621 3212 ut
1632 3177 1676 3213 ita
1693 3178 1894 3213 facinorosus
1905 3180 2053 3214 Marcia-

1175 3242 1235 3265 nus
1248 3232 1278 3265 se
1294 3230 1400 3264 videat
1421 3226 1602 3262 abstentum
1617 3228 1658 3263 ab
1680 3228 1856 3270 omnibus,
1882 3230 1980 3263 etiam
1994 3228 2053 3263 sibi

1175 3281 1319 3325 subjectis
1341 3278 1529 3323 Episcopis,
1557 3290 1594 3311 ac
1617 3279 1754 3322 proinde
1777 3279 1982 3314 desinat-toti
1997 3291 2052 3323 per

1175 3332 1265 3365 istam
1280 3329 1451 3364 Dioecefim
1464 3328 1648 3372 Episcopali
1662 3328 1819 3374 Collegio
1837 3353 1847 3369 ,
1873 3341 1910 3364 ac
1932 3330 2053 3373 praeser-

237 3367 456 3426 P²tfi²fch²m
487 3396 498 3411 ²
526 3372 600 3407 licet
624 3379 788 3413 manifeste
805 3377 988 3413 haereticurn
1016 3390 1111 3422 atque
1171 3383 1231 3415 tim
1259 3380 1398 3424 subjecta
1428 3378 1484 3412 fibi
1508 3378 1692 3419 Provinciae*
1714 3379 1850 3414 fiiriosus
1876 3380 2048 3414 insultare.

238 3420 423 3461 unulfum,
445 3420 487 3455 ab
499 3420 623 3457 Acacio
634 3434 693 3457 nec
702 3427 847 3464 damnari
868 3430 1025 3473 potuisse,
1051 3440 1109 3464 nec
1171 3430 1315 3466 Proinde
1339 3440 1432 3465 voces
1446 3453 1456 3470 ,
1483 3434 1508 3463 A
1524 3428 1628 3470 nobis,
1655 3441 1725 3464 non
1745 3430 1831 3465 solos
1851 3429 2051 3471 Stephanum

338 3468 442 3512 Christ.
452 3475 534 3514 Lupi
545 3477 641 3515 opera
662 3476 784 3509 T.V111.

1664 3480 1697 3513 C
1894 3480 1925 3511 ἀ
1937 3477 2003 3523 Cy·
