2326 3718
719 128 998 175 Romnum
1032 119 1609 173 ΑΡΡει-ῐΛτῙοΝῙΒσε.

254 214 443 259 exprimunt
462 213 562 248 solam
574 213 746 260 delegandi
770 212 959 257 potestatem
978 238 985 246 .
1014 211 1127 255 Expri-

254 274 350 300 munt
375 267 478 298 varios
500 264 673 308 delegandi
698 263 841 303 modos,
866 265 899 297 ὃς
928 264 1128 308 adjungunt:

259 315 352 357 ,Quod
373 312 577 356 sapientiffimo
599 314 651 357 suo
673 313 780 355 confilio
798 315 981 353 judicaverit
1008 338 1015 346 .
1043 311 1130 359 Qa

254 374 373 407 nempe
383 365 474 409 super
486 366 588 408 ipsum
601 375 668 399 nou
680 364 800 398 audent
823 364 945 408 aliquid
956 360 1129 398 constitue-

255 424 291 447 re
303 438 312 448 .

256 492 259 495 ,
307 464 435 500 Eodem
448 466 548 499 modo
560 465 731 499 Canonem
754 465 985 500 intellexerunt
997 464 1131 497 Sanetus

255 511 468 556 Ambrofius,
496 517 530 549 &
550 526 664 548 omnes
693 515 862 559 Episcopi,
888 516 944 557 qui
966 524 1040 549 cum
1062 513 1130 554 ipso

256 564 440 599 assederunt
462 566 580 599 Sanno
602 566 746 600 Damaso
759 566 913 599 Pontifici
924 566 958 599 in
976 564 1130 597 Romana

256 614 395 655 synodo
406 639 413 646 .
440 613 582 648 Maximi
596 615 716 657 Cynici
730 640 741 656 ,
767 617 787 649 ὲ
798 615 894 650 Petro
908 612 1131 648 Alexandrino

256 662 444 698 Patriarcha
463 664 605 707 promoti
628 666 662 698 in
685 665 881 709 Episcopum
900 663 1129 699 Constantino·

257 713 441 757 politanum
461 738 472 754 ‚
500 714 534 747 ὅς
557 715 575 747 a
597 714 964 757 Constantinopolitana
996 712 1132 754 synodo

256 763 450 808 degradati,
477 763 665 798 Romanam
689 764 937 808 appellationem
949 762 1131 807 exponitin

257 812 376 847 litteris
386 812 426 848 ad
438 811 665 859 Theodosium
676 813 904 857 Imperatorem
914 815 1045 848 Sanaus
1055 812 1132 848 Am-

259 862 403 903 brofius,
429 874 528 906 atque
551 864 771 911 prosequitur:
796 868 863 897 Nos
891 871 922 896 in
949 865 1056 903 synodo
1076 874 1133 899 ea,

260 924 330 955 quae
354 919 445 946 totius
467 913 560 957 Orbi&
578 912 733 954 Epifiopis
746 923 813 946 erat
830 913 1031 956 praescripta,
1059 910 1137 944 nibil

261 964 371 997 temere*
380 960 571 1002 statuendum
591 961 643 1002 effe
654 961 817 1004 censuimus
828 986 836 994 .
866 964 942 995 Adeo
953 960 1015 1005 ipso
1026 969 1133 1002 tempo·

259 1023 312 1050 re,
340 1011 702 1053 quigeneraleConcilium
715 1013 941 1046 declinaverant
958 1036 969 1051 ‚
994 1010 1132 1050 constan·

254 1060 381 1103 'tinopoli
395 1059 495 1103 geffiffe
517 1060 672 1093 dicuntur.
700 1065 786 1094 Nam
808 1073 872 1095 cum
895 1062 1074 1106 agnovtffint
1093 1062 1137 1094 ad
1150 1071 1152 1074 ’

258 1110 311 1144 boc
314 1116 448 1152 partium
460 1110 567 1152 venlffe
579 1114 747 1144 Maximum
761 1136 772 1152 ,
798 1122 831 1146 ut
841 1111 961 1156 causam
984 1117 1016 1145 in
1026 1113 1135 1151 synodo

257 1169 360 1204 ageret
374 1157 462 1203 suam
475 1182 487 1199 ‚
510 1162 590 1202 quod
607 1161 721 1203 etiamsi
738 1163 884 1196 inditium
903 1165 1064 1196 Concilium
1077 1173 1134 1193 non

251 1210 354 1253 fuiffirt
365 1233 377 1250 ‚
395 1212 468 1250 jure
483 1211 517 1244 (a
534 1221 610 1244 more
631 1214 778 1253 Major-um
792 1212 882 1254 ,ficut
910 1215 943 1247 (θ’
956 1211 1069 1256 sanllae
1081 1223 1134 1245 me-

258 1265 360 1294 moriae
381 1259 576 1300 Athanasius,
603 1263 637 1295 (τ
657 1262 770 1295 dudum
794 1266 927 1305 Petrus,
956 1263 1136 1296 Alexandri-

260 1322 311 1346 nae
322 1309 456 1351 Ecclesia
479 1309 637 1353 Episcopi,
665 1313 699 1345 (9
723 1316 921 1346 Orientalium
937 1316 1073 1357 plerique
1087 1313 1137 1355 fe-

258 1369 381 1400 cerunt,
408 1369 442 1393 ut
449 1361 493 1392 ad
502 1359 636 1401 Ecclefiae
649 1364 791 1396 Romanae
803 1387 814 1403 ‚
841 1366 940 1397 Itallae
953 1388 964 1404 ‚
991 1366 1026 1398 <rt
1045 1371 1136 1397 totius

259 1410 429 1445 occidentis
439 1410 593 1454 confugiffe
596 1412 747 1451 judicium
759 1415 932 1447 viderentur
945 1439 957 1455 ,
983 1416 1038 1448 δι’.
1065 1414 1136 1447 Ma-

259 1460 345 1495 ximi
362 1461 492 1495 causam
515 1461 622 1504 ample
646 1463 802 1505 exponit,
830 1464 922 1498 addit
950 1473 1077 1507 propter
1088 1464 1136 1497 illi

259 1510 426 1544 adversam
449 1510 589 1544 Nestarii
612 1512 855 1544 ordinationem
877 1515 939 1545 eise
950 1515 1137 1546 dissolutam

261 1556 514 1595 acdiffociatam
538 1558 751 1592 Ecclefiarum
777 1561 1069 1600 communionem,
1096 1571 1141 1594 at-

260 1619 331 1649 que
351 1607 542 1650 concludit:
568 1612 637 1639 Nec
655 1611 793 1640 videmus
814 1621 880 1640 eam
885 1610 962 1650 posse
984 1612 1068 1643 aliter
1077 1621 1140 1642 con-

261 1658 369 1689 venire
389 1675 399 1691 ,
417 1652 481 1694 -nt'fi
496 1662 550 1685 aut
573 1658 600 1686 is
620 1656 764 1687 reddatur
784 1656 1032 1698 Constantinopoli
1053 1682 1063 1697 ,
1089 1667 1142 1699 qur

258 1710 344 1747 prior
355 1702 391 1743 est
401 1703 556 1735 ordinatus
566 1727 575 1742 ‚
597 1713 651 1736 aut
662 1706 739 1737 cert?
742 1704 834 1747 super
845 1707 967 1739 duorum
984 1708 1143 1739 ordinatio-

263 1765 303 1788 ne
314 1751 354 1794 fit
375 1758 408 1786 in
419 1753 495 1786 Urbe
506 1756 600 1786 Roma
624 1753 749 1793 nostrum
766 1779 776 1793 ,
803 1759 1055 1800 Orientaliumque
1066 1760 1142 1789 Con·

263 1804 383 1838 cilium.
409 1807 516 1844 Neque
538 1809 615 1835 enim
635 1807 792 1848 inaTgnum
814 1807 936 1840 videtur
959 1831 969 1845 ,
998 1807 1160 1850 Auguste„

263 1862 300 1888 ur
310 1856 452 1886 Romanae
463 1852 595 1894 Ecclefiae
620 1855 787 1894 Antistius,
808 1857 1057 1899 finitimorumque
1071 1881 1082 1897 ,
1109 1850 1160 1891 &l

262 1905 409 1944 Italorum
429 1902 641 1947 Episcoporum
664 1904 790 1938 debeant
809 1905 908 1948 subire
943 1908 1118 1940 Trac‘Iatum
1132 1891 1161 1947 ,Ῐ

264 1958 318 1996 qu}
329 1958 414 1986 unius
426 1953 536 1988 acholii
546 1960 591 1986 ita
604 1954 832 1998 exspeaandum
837 1965 1026 1998 putaverunt
1035 1957 1089 2000 effe
1093 1960 1144 1998 ju-

264 2004 396 2044 dictum,
422 2013 455 2036 ut
466 2005 503 2037 de
523 2005 758 2039 occidentalibus
777 2006 920 2049 partibus
941 2007 1142 2048 Constantino·
1159 2024 1160 2028 =

261 2055 356 2098 polim
365 2055 546 2087 evocandum
555 2062 701 2096 putarint
713 2081 720 2089 .

319 2104 454 2137 Sanstus
474 2103 664 2139 Ambrosius
686 2106 782 2141 docet
805 2119 866 2141 nos
878 2109 983 2142 varia.
1009 2106 1143 2149 Primo,

263 2151 357 2196 quod
395 2152 465 2196 post
492 2153 683 2188 exstinctum
713 2154 889 2191 Valentem
915 2157 1145 2201 Imperatorem

264 2202 448 2242 Arianum,
476 2203 508 2236 δε
527 2203 640 2238 datum
665 2204 713 2238 illi
726 2204 963 2242 Orthodoxum
986 2210 1146 2243 Successo-

262 2261 334 2297 fem
355 2249 583 2289 Theodosium
594 2276 606 2294 ,
633 2254 794 2289 Damasus
806 2252 962 2291 Pontifex
975 2258 1016 2292 ad
1035 2269 1144 2300 expur-

262 2298 407 2346 gandam
429 2312 467 2335 ac
488 2302 765 2339 reconciliandam
795 2307 1001 2341 orientalem
1034 2307 1144 2342 Eccle-

262 2353 341 2385 fiam
352 2352 453 2386 totius
465 2352 563 2387 Orbis
576 2351 742 2398 Episcopis
766 2357 982 2401 praescripserit
993 2383 1004 2398 ‚
1031 2358 1085 2391 seu
1098 2358 1144 2391 in-

264 2401 387 2434 dixerit
410 2403 594 2445 generalem
622 2404 793 2446 synodum
813 2431 824 2446 ,
853 2406 1082 2442 celebrandam
1106 2408 1141 2442 in

262 2449 382 2484 eUrbe.
412 2450 464 2483 Ex
483 2462 550 2495 quo
574 2454 722 2489 videmus
734 2455 818 2490 hanc
839 2456 1053 2492 indiffionem
1067 2458 1143 2492 sem-

264 2511 324 2544 per
344 2501 490 2544 spectasse
512 2500 552 2535 ad
563 2501 686 2547 Papam
699 2529 706 2536 .
734 2505 888 2540 Secundo
913 2507 1033 2549 docet,
1054 2507 1143 2551 quod

263 2550 453 2584 Orientales
466 2551 619 2596 Episcopi
643 2555 674 2588 se
686 2555 911 2589 excusaverint
923 2558 963 2591 ab
983 2557 1078 2600 hujus
1090 2560 1146 2600 Sy-

263 2599 348 2634 modi
359 2602 482 2634 accessu
495 2625 505 2640 ‚
531 2602 565 2636 &
574 2602 657 2637 inter
669 2605 700 2638 se
712 2605 1005 2650 Constantinopoli
1018 2609 1139 2642 Conci-

265 2650 350 2686 lium
361 2650 506 2694 egerint.
533 2653 613 2688 Haec
635 2653 680 2687 est
701 2655 842 2689 secunda
864 2658 1026 2701 generalis
1038 2660 1140 2701 Syno-

266 2698 348 2733 dus:
374 2700 785 2739 Generalis&authentica
797 2730 807 2746 ,
835 2718 900 2740 non
915 2707 959 2741 ob
970 2709 1062 2742 suum
1075 2720 1142 2743 me·

265 2749 386 2790 ritum,
415 2750 469 2785 sed
483 2750 528 2785 ob
539 2753 644 2786 Sansti
659 2754 789 2789 Damasi
804 2755 1036 2792 authoritatem
1047 2781 1058 2797 ,
1084 2759 1141 2802 qui

261 2808 308 2834 ex
318 2800 422 2834 causis
444 2801 545 2844 ipsam
566 2805 783 2840 accumulavit
804 2818 879 2841 cum
902 2810 954 2842 sua
965 2807 1118 2842 Romana
1132 2833 1143 2849 ,

263 2849 361 2893 plene
370 2851 598 2893 confirmavit,
624 2865 720 2896 atque
739 2856 783 2893 ita
808 2858 885 2892 fecit
903 2859 1142 2893 oecumenicam

263 2909 361 2944 atque
383 2899 607 2936 authenticam
629 2928 637 2936 .
664 2904 786 2940 Tertio
814 2907 1001 2943 Ambrosius
1021 2909 1118 2943 docet
1132 2933 1142 2948 ,

265 2950 354 2992 quod
364 2950 405 2984 ab
416 2950 473 2984 ista
486 2951 622 2994 synodo
630 2953 804 2990 damnatus
815 2958 984 2992 Maximus
998 2959 1141 2992 Romam

267 2999 430 3052 appellarit
441 3025 451 3040 ,
461 3011 558 3045 atque
570 3005 758 3050 confugerit
771 3005 811 3040 ad
823 3007 992 3050 synodum
1003 3032 1014 3048 ,
1045 3020 1141 3051 quam

268 3046 362 3082 isthic
375 3061 500 3093 propter
511 3053 574 3095 jam
594 3054 712 3089 dietam
724 3057 944 3091 Orientalium
964 3057 1141 3092 absentiam

266 3096 426 3132 Damasus
434 3101 548 3145 agebat
559 3115 633 3137 cum
647 3106 722 3139 solis
734 3106 901 3150 Episcopis
915 3108 1012 3142 italiae
1023 3133 1029 3140 .
1039 3109 1143 3156 Qar-

267 3145 306 3178 to
317 3145 412 3187 docet
422 3152 529 3193 ,quod
546 3152 586 3187 ad
599 3153 692 3188 istam
705 3158 961 3200 appellationem
975 3159 1143 3202 suscipien-

266 3194 345 3228 dam
355 3195 512 3251 Damasus
538 3204 796 3250 nouindiguerit
818 3209 977 3252 generalis
996 3209 1142 3243 Concilii

267 3243 490 3285 nuthoma'oe,
514 3251 657 3288 redistud
670 3258 812 3298 potuerit
833 3269 875 3292 ex
890 3259 955 3292 sola
967 3257 1144 3293 authorita-

269 3304 313 3350 te·
329 3295 387 3328 suae
409 3295 517 3329 Sedis·
545 3300 595 3332 Ex
607 3303 678 3344 Jure
700 3306 837 3342 &more
858 3308 1025 3350 Majorum
1040 3334 1050 3349 ,
1076 3320 1142 3352 quo

269 3353 368 3378 etiam
390 3344 522 3380 Sanctus
550 3348 743 3389 Athanasius
761 3382 771 3397 ,
800 3358 868 3401 ejus
890 3360 1056 3393 Successor
1079 3358 1144 3392 Pe-

265 3403 358 3435 trus,
384 3394 532 3442 &plures
554 3398 609 3430 ahi
627 3402 809 3440 orientales
833 3408 985 3452 Episcopi
1008 3408 1145 3452 appella-

364 3443 670 3491 chrta.Lup1·opera
692 3454 822 3487 T.V111.

1927 138 1990 187 §3

1190 217 1274 243 runt.
1303 208 1383 242 Haec
1394 207 1461 241 sola
1474 209 1569 244 verba
1580 218 1727 245 evertunt
1738 208 1943 248 Paschaflum
1954 212 2063 259 Qese

1191 259 1335 300 uenum,
1360 259 1393 292 ὅ(
1414 260 1551 293 cunctos
1576 258 1644 300 ejus
1667 262 1877 302 Symmistas‚
1903 271 2062 306 nugantes

1190 310 1344 344 Sanctum
1357 306 1574 343 Athanasium
1596 308 1629 340 &
1641 308 1721 343 alios
1730 312 1914 347 Orientales
1926 311 2065 354 Episco-

1191 371 1249 403 pos
1266 370 1333 393 non
1346 360 1531 401 provocasse
1551 358 1591 392 ad
1603 356 1724 400 Papam
1735 383 1745 398 ,
1771 362 1821 394 sed
1839 364 1880 396 ad
1892 361 2064 406 Synodum

1191 409 1292 444 totius
1307 409 1476 443 Ecclefiae.
1507 408 1696 443 Ambrofius
1705 408 1822 452 quinto
1833 411 1927 445 docet
1940 436 1951 452 ‚
1976 410 2064 455 quod

1190 459 1366 494 Orientalis
1379 458 1521 493 Ecclesia
1546 458 1700 502 spreverit
1721 458 1864 492 Maximi
1882 461 2066 503 appellatio-

1193 520 1266 544 nem
1277 532 1287 548 ,
1312 521 1410 553 atque
1434 510 1477 543 ita
1493 509 1662 543 Nestarius
1685 510 1860 551 perrexerit
1881 510 2069 544 Constanti-

1192 560 1395 602 nopolitanis
1420 558 1577 601 praefidere
1600 558 1793 602 Episcopus.
1821 559 1923 593 Sexte>
1943 582 1954 598 ,
1979 560 2071 603 quod.

1193 609 1276 643 hanc
1286 611 1527 644 contumaciam
1542 611 1694 644 Romana
1717 608 1751 642 δε
1763 610 1871 643 omnis
1881 609 1999 643 Latina
2011 609 2073 649 Ec-

1193 661 1283 693 clefia
1295 660 1376 694 adeo
1388 660 1524 705 indigne
1537 660 1648 694 tulerit
1659 684 1670 699 ,
1698 670 1734 692 ut
1748 670 1878 703 propter
1888 659 1992 702 ipsam
2004 659 2070 692 fue-

1194 709 1233 743 rit
1245 711 1352 744 laxata
1366 720 1462 752 atque
1473 710 1624 744 dissoluta
1638 710 1801 754 utriusque
1814 709 1962 744 Ecclefiae
1983 719 2072 742 com-

1194 760 1327 794 munio.
1350 760 1497 802 Septimo
1512 784 1522 799 ‚
1549 760 1636 802 quod
1648 758 1746 803 hujus
1766 760 1971 794 resarciendae
1982 757 2072 792 nulla

1194 809 1289 843 fuerit
1308 811 1374 853 spes
1387 834 1397 849 ‚
1424 810 1480 843 nisi
1493 810 1678 845 orientales
1692 810 1845 853 Episcopi
1861 810 2005 844 Romam
2018 806 2073 841 ad-

1196 859 1340 892 venirent
1360 861 1400 894 ad
1415 858 1647 894 retra&andum
1668 861 1761 894 suum
1773 860 1814 894 de
1826 861 1980 895 Maximo
1992 858 2074 902 judi·

1194 908 1298 942 cium.
1325 910 1453 944 Ostavo
1465 934 1476 950 ‚
1502 910 1589 953 quod
1612 910 1646 943 in
1673 908 1735 944 hac
1760 909 1914 944 Romana
1935 907 2074 952 Synodo

1194 959 1376 994 Orientales
1388 960 1538 1003 Episcopi
1554 972 1622 994 non
1637 960 1736 994 essent
1746 960 1848 994 futuri
1860 959 2047 1002 conjudices
2060 981 2074 997 ‚

1186 1019 1249 1041 ,aut
1274 1008 1417 1042 habituri
1430 1009 1594 1050 synodale
1615 1010 1825 1056 suffragium,
1851 1008 1905 1044 sed
1929 1008 2077 1052 Synoda7

1196 1058 1258 1091 lem
1273 1056 1418 1091 Romani
1434 1058 1586 1101 Episcopi
1598 1059 1790 1095 Tractatum
1801 1070 1898 1102 atque
1911 1057 2077 1103 Judicium

1197 1107 1331 1141 subituri
1348 1132 1355 1139 .
1386 1107 1429 1141 Et
1442 1107 1522 1141 bene
1531 1109 1677 1142 notanda
1699 1112 1772 1144 sunt
1784 1109 1946 1144 Ambrosii
1960 1106 2053 1142 verba
2065 1120 2077 1140 .-

1197 1163 1269 1191 Non
1284 1158 1324 1198 est
1335 1158 1516 1201 indignum,
1543 1157 1682 1201 Auguste.
1716 1159 1892 1194 Manifeste
1902 1158 2079 1203 respiciunt

1196 1208 1398 1242 Sardicenses
1422 1208 1598 1247 Canens,
1625 1206 1757 1249 &ipsos
1778 1207 1844 1250 jam
1865 1208 1954 1242 dicto
1976 1207 2081 1242 modo

1198 1259 1450 1302 interpretantur
1461 1284 1468 1291 .
1497 1257 1644 1292 Edicunt
1655 1257 1717 1291 effe
1729 1257 1870 1302 dignum
1888 1257 2052 1299 acjustum
2067 1280 2080 1297 ‚

1198 1318 1233 1342 ut
1245 1308 1431 1344 Orientales
1444 1308 1596 1352 Episcopi
1611 1307 1673 1343 isto
1696 1308 1800 1343 modo
1823 1307 1962 1342 honorent
1974 1317 2083 1340 memo·

1197 1365 1274 1391 riam
1291 1359 1391 1392 San&
1404 1359 1525 1401 Apostoli
1536 1361 1621 1398 Petri
1631 1382 1639 1391 .
2030 1395 2032 1397 ,

1247 1409 1401 1444 Canones
1413 1410 1616 1444 sardicenses
1627 1409 1767 1444 eundem
1783 1409 1818 1444 in
1841 1410 1969 1444 sensum
1981 1408 2084 1445 intel-2

1200 1458 1279 1493 lexit
1291 1459 1526 1494 Theodoretus
1547 1460 1697 1503 Cyrensis
1723 1460 1920 1503 Episcopus.
1949 1459 2085 1494 Etenim

1199 1511 1233 1542 in
1246 1509 1360 1544 litteris
1372 1534 1383 1550 ,
1404 1522 1460 1553 per
1471 1521 1552 1554 quas
1562 1510 1603 1545 ab
1617 1509 1736 1544 inflicta
1749 1509 1810 1544 sibi
1821 1520 1875 1554 per
1886 1507 2087 1554 Ephefinum

1201 1559 1429 1593 Latrocinium
1455 1560 1691 1604 degradatione
1717 1560 1913 1604 provocavit·
1933 1559 1974 1594 ad
2013 1559 2088 1593 Ma-

1200 1617 1303 1650 gnum
1325 1608 1499 1648 Leonem,
1525 1606 1590 1641 haec
1613 1608 1713 1642 habet
1735 1610 1804 1651 post
1828 1611 1917 1643 varia
1941 1624 1951 1642 .·
1978 1614 2019 1641 At
2039 1617 2091 1651 ego

1204 1656 1354 1696 apostolice
1375 1657 1479 1696 vestrae
1503 1659 1589 1691 sedis
1613 1655 1747 1699 exspeffo
1759 1657 1963 1701 sententiam,
1994 1660 2090 1691 &oro

1202 1712 1288 1744 atque
1301 1703 1420 1743 obtestor
1432 1705 1629 1738 sanaitatem
1653 1715 1754 1746 tuam,
1781 1716 1815 1740 ut
1826 1707 1900 1748 mibi·
1922 1707 2033 1740 redium
2052 1709 2088 1741 ⁴&

1195 1752 1308 1793 Justum
1320 1754 1471 1787 Tribunal
1490 1754 1617 1794 vestrum
1629 1760 1784 1788 invocanti
1804 1765 1885 1797 opem
1903 1755 1993 1797 ferat
2006 1780 2016 1796 ‚
2036 1758 2090 1797 jic-

1203 1802 1324 1845 beatque
1343 1804 1387 1835 ad
1406 1815 1459 1838 vor
1479 1809 1580 1838 venire
1600 1830 1606 1837 .
1637 1804 1762 1840 Eadem
1788 1805 1830 1840 de
1852 1817 1885 1839 re
1910 1805 2030 1850 scripsit
2043 1805 2086 1841 ad

1205 1853 1371 1887 Renatum
1400 1878 1411 1894 ,
1448 1853 1609 1889 Romanae
1645 1855 1795 1891 Ecclefiae
1832 1855 2060 1897 Presbyterum
2075 1879 2089 1897 ,

1205 1913 1300 1946 quem
1323 1904 1340 1937 ὲ
1364 1904 1495 1949 Magno
1521 1904 1634 1939 Leone
1661 1905 1827 1951 Legatum
1847 1906 1898 1941 isti
1923 1905 2091 1950 Ephesino

1206 1952 1363 1987 Concilio
1375 1953 1542 1988 Praefidem
1563 1955 1771 1992 turbulentus
1786 1957 1969 1991 Dioscorus
1979 1958 2091 1992 excus-

1205 2003 1304 2038 serat:
1331 2008 1389 2037 Oro
1400 2004 1593 2038 sanffltatem
1608 2016 1690 2040 tuam
1705 2032 1716 2048 ,
1737 2006 1910 2051 sanc‘hffimo
1927 2019 1961 2041 ac
1971 2007 2093 2048 beatiffi-

1205 2065 1251 2086 mo
1272 2053 1518 2098 Archi-Episcopo
1525 2056 1705 2099 persuadeat
1714 2082 1726 2099 ‚
1755 2067 1788 2092 ue
1801 2057 1957 2099 Apostolica
1965 2058 2093 2100 potesta-

1206 2112 1234 2136 te
1244 2112 1348 2137 utatur
1359 2128 1369 2143 ‚
1395 2106 1430 2139 ό·
1439 2116 1483 2138 me
1495 2107 1538 2139 ad
1545 2108 1708 2140 Concilium
1717 2108 1844 2149 vestrum
1856 2110 2002 2142 advolare
2009 2118 2093 2150 prae-

1206 2159 1314 2195 cipiat.
1345 2155 1445 2189 Habet
1466 2161 1545 2189 enim
1571 2157 1750 2197 Snnlltffima
1769 2158 1825 2191 illa
1845 2160 1932 2192 sedes
1953 2159 2093 2200 Ecclesia-

1206 2214 1272 2236 rum
1287 2227 1298 2243 ‚
1322 2209 1433 2245 quaein
1459 2212 1518 2238 toto
1531 2205 1603 2248 sunt
1625 2207 1727 2249 Orbe,
1755 2210 1982 2251 principatum.
2010 2210 2091 2245 Non

1206 2252 1245 2285 ad
1257 2254 1442 2297 generalem
1453 2254 1623 2298 Synodum
1638 2281 1648 2297 ‚
1677 2259 1729 2292 sed
1743 2260 1933 2302 provocavit
1946 2259 1985 2292 ad
2000 2258 2090 2302 Apo-

1207 2301 1354 2337 stolicam
1379 2304 1493 2339 Sedem
1508 2329 1519 2346 ,
1544 2306 1716 2350 adjustum
1741 2309 1774 2343 ὃς
1790 2310 1909 2342 testum
1922 2309 2090 2343 Tribus-‚al

1207 2352 1305 2386 solius
1319 2352 1492 2389 Pontificis
1503 2380 1509 2387 .
1521 2356 1624 2403 Qod
1640 2358 1743 2401 ipsum
1755 2358 1831 2392 fecit
1851 2359 2007 2399 Eusebius
2019 2360 2091 2393 Do-

1207 2403 1358 2444 ryleensis
1369 2429 1380 2445 ‚
1406 2414 1502 2451 atque
1513 2407 1596 2441 adeo
1619 2408 1652 2442 &
1663 2408 1719 2442 alii
1733 2408 1906 2444 Antistites
1919 2408 2091 2454 degradati

1207 2453 1355 2496 peristud
1377 2455 1630 2491 Latrocinium.
1654 2457 1798 2494 Proinde
1819 2460 1853 2493 &
1869 2461 2090 2499 SanQusFlae

1207 2503 1323 2536 vianus
1349 2527 1357 2535 .
1385 2504 1473 2538 Istud
1495 2506 1598 2547 ipsum
1623 2518 1716 2541 antea
1744 2509 1865 2543 fecerat
1886 2509 2090 2544 haeresiarcha

1208 2551 1375 2596 Eutyches
1389 2579 1396 2586 .
1426 2555 1538 2602 Qiare
1551 2554 1617 2590 haec
1632 2556 1728 2591 unica
1740 2556 1948 2597 Theodoreti
1970 2561 2091 2603 profes·

1206 2604 1249 2636 [ιο
1257 2603 1372 2637 evertit
1389 2615 1505 2639 omnes
1527 2617 1629 2650 nugas
1641 2631 1651 2646 ,
1677 2618 1757 2650 quas
1769 2608 1864 2643 nobis
1883 2610 1967 2643 circa
1980 2610 2089 2651 SanCti

1206 2653 1354 2688 Flaviani
1380 2666 1418 2688 ac
1431 2654 1625 2697 Eutychetis
1636 2658 1889 2700 appellationem
1904 2658 2088 2694 Paschasius

1207 2703 1406 2750 Quesuellus
1426 2704 1530 2739 studet
1548 2706 1737 2742 obtrudere.
1765 2708 2003 2744 Theodoretus
2023 2721 2088 2752 per,-

1205 2755 1255 2798 git
1269 2767 1279 2786 :
1307 2757 1383 2789 Ante
1393 2761 1492 2789 omnia
1509 2765 1542 2789 ut
1552 2757 1670 2790 dvolm
1684 2759 1789 2792 docear
1804 2771 1851 2793 oro
1864 2785 1874 2800 ,
1899 2772 1941 2793 an
1953 2772 1998 2792 me
2008 2769 2089 2802 opor·

1205 2810 1313 2837 teatin
1340 2804 1396 2838 bac
1410 2805 1520 2847 injusta
1542 2805 1709 2848 depositione
1728 2809 1908 2854 acquIescere
1920 2834 1931 2850 ,
1957 2822 1997 2843 an
2010 2822 2066 2842 non
2080 2834 2087 2842 .

1206 2854 1337 2893 Vestram
1349 2860 1428 2888 enim
1442 2854 1623 2898 sententiam
1643 2857 1790 2901 exspec‘lo.
1818 2861 1913 2904 ‚Quod
1926 2859 1995 2901 fiin
2003 2862 2087 2899 judl-

1205 2911 1279 2937 caris
1290 2916 1408 2938 manere
1420 2916 1464 2939 me
1466 2907 1612 2949 jufferms
1623 2932 1634 2948 ,
1658 2909 1782 2946 manebo
1793 2935 1803 2950 ‚
1832 2920 1921 2951 neque
1931 2909 1985 2942 ulli
1996 2908 2088 2949 homi,-

1206 2965 1275 2986 num
1289 2955 1427 2998 deinceps
1440 2968 1487 2990 ero
1498 2958 1627 2998 molestus
1641 2983 1650 2998 ,
1672 2956 1730 3001 sed
1739 2960 1849 2992 msam
1863 2963 1921 2991 Det
1933 2971 1967 2993 ac
1982 2960 2089 2999 Salva-

1205 3010 1277 3036 toris
1300 3005 1385 3045 nostri
1390 3009 1421 3050 J
1425 3008 1553 3039 adiciam
1574 3008 1751 3050 expenabo:
1781 3013 1853 3044 Haec
1861 3017 1917 3051 per
1931 3009 2089 3049 Presbyte-

1205 3066 1251 3085 ros
1267 3058 1422 3096 Hypatium
1448 3058 1482 3090 <tr
1495 3057 1706 3091 abrahamium
1716 3055 1879 3096 SanHitau
1902 3057 2005 3098 veflrae
2021 3057 2092 3102 sug·

1201 3106 1265 3148 geffl
1279 3129 1288 3144 ‚
1317 3107 1556 3148 quandoquidem
1578 3119 1614 3140 ne
1639 3109 1684 3141 ad
1701 3120 1755 3145 vos
1778 3110 1980 3142 contenderem
1994 3133 2004 3149 ,
2030 3112 2088 3142 Re·

1201 3160 1321 3198 giarum
1347 3155 1514 3188 tamarum
1540 3159 1660 3191 vincula
1694 3164 1880 3195 retinuerunt
1908 3183 1915 3191 .
1954 3155 2087 3192 Etenim

1209 3204 1375 3249 Augustus
1389 3204 1598 3240 Theodosius
1620 3207 1725 3251 ipsum
1748 3209 1857 3254 Regia
1881 3211 1935 3243 sua
1949 3209 2087 3252 justione

1210 3255 1291 3288 intra
1307 3255 1464 3297 Cyrenses
1485 3264 1594 3291 muros
1615 3258 1924 3303 circumscripserat.
1952 3260 1999 3292 At
2023 3259 2088 3301 ipsc

1210 3304 1360 3348 Papalem
1382 3305 1609 3341 evocationem
1630 3309 1717 3342 tanti
1745 3310 1822 3346 fecit
1844 3334 1854 3350 ‚
1882 3320 1916 3344 ut
1942 3310 2085 3344 censeret

1211 3356 1261 3388 isti
1271 3355 1513 3399 circumscripto
1526 3357 1631 3392 exilio
1642 3378 1661 3400 ,·
1677 3360 1867 3404 cunstisque
1882 3356 2090 3401 sacrisjuffio-

1213 3405 1306 3440 nibus
1317 3405 1480 3448 praevalere
1493 3431 1500 3438 .
1530 3408 1635 3457 Qod
1648 3409 1766 3453 nempe
1778 3410 1835 3448 ista
1847 3409 2039 3448 fundaretur
2053 3405 2087 3446 it)

1671 3459 1700 3492 F
1750 3471 1773 3496 2
1972 3457 2040 3490 Sar·

2110 1624 2265 1664 Epist-115.

2111 2016 2215 2056 §pista
2226 2022 2271 2048 16.
