2326 3718
84 271 158 311 Cap·
176 282 223 310 32..

694 108 975 154 Ronnnrs
1011 107 1592 165 Appettarromnus.

236 200 295 231 cim
319 221 330 237 ‚
354 205 477 239 quorum
498 192 689 237 praesentium
715 193 850 226 manibus
875 192 1030 224 ordinatus
1056 189 1109 230 ιβ.

240 249 286 281 Et
302 247 408 281 statim
419 244 502 278 infra
517 258 524 276 :
536 246 669 288 ,Quando
681 247 888 277 Maximianus
898 243 1052 275 ordinatus
1064 240 1115 281 ιβ,

238 307 332 340 neque
353 306 451 329 omnes
462 295 591 337 intereffe
609 302 768 336 potuerunt
779 317 791 333 ‚
816 301 868 325 aut
878 304 916 325 ex
927 304 1004 326 more
1017 292 1117 324 debue-

237 353 331 381 runt.
353 345 397 379 Et
418 344 519 380 edicit
540 345 668 390 fingula
678 344 819 388 ipsorum
834 344 986 376 nomina.
1012 340 1117 388 Qod
1175 341 1307 383 jungere
1328 349 1402 370 meae
1425 341 1585 371 Parvitati
1606 336 1769 379 Episcopos
1790 347 1905 376 vicinos
1927 367 1934 376 .

239 396 345 439 ipsum
354 397 472 440 repetit
483 396 518 430 in
533 405 647 439 quarto
659 395 743 429 libro
755 418 762 426 .
790 393 893 427 Erant
906 393 1000 426 mixti
1016 402 1058 424 ex
1071 402 1119 423 va-

1900 112 1995 166 167

1180 199 1248 222 cam
1267 187 1346 220 diem
1369 187 1550 220 ordinandos
1573 187 1708 223 habemus
1733 214 1741 224 .
1767 192 1990 234 Numquidnam
2000 192 2068 234 fre·

1182 245 1301 280 quenter
1320 237 1475 270 duodecim
1487 259 1499 275 ‚
1525 238 1577 270 vel
1583 239 1683 271 decem
1696 264 1708 279 ,
1733 243 1785 275 vel
1801 243 1893 275 multo
1903 243 2001 277 minus
2013 244 2071 276 ad·

1181 290 1286 322 ducere
1293 287 1404 330 poffum
1417 285 1577 330 Episcopos
1591 289 1603 320 ?
1629 288 1688 320 sed
1688 290 1784 330 facile
1793 292 1831 331 ιβ
1841 291 1916 325 mibi
1928 293 2001 326 duos
2012 293 2068 326 ad-

1998 354 2069 376 aare

1183 397 1278 423 cernit
1288 399 1404 423 mecum
1415 387 1562 422 Charitas
1572 387 1671 427 vestra
1680 386 1734 421 boc
1743 388 1799 432 ips
1793 402 1841 423 um
1852 345 2003 435 obser-vagi
2012 399 2071 427 non

237 446 295 482 riis
316 445 501 481 Provinciis
516 471 523 477 .
549 445 683 480 Etenim
703 443 846 486 Bejanus
870 441 1058 486 Vajanenfis
1073 452 1116 473 ex
1181 439 1275 484 poffe.

236 495 425 537 Numidia,
451 498 604 531 Donatus
614 494 806 529 Sabratenfis
828 504 896 529 erat
917 490 1121 534 exTripoli..

237 546 283 580 Et
293 544 359 580 hoc
376 547 410 580 in
434 548 551 590 punffiio
570 544 727 580 fundatur
749 545 891 579 Secundi
913 541 1092 588 Tigisitani
1108 564 1119 580 ,

237 597 273 630 ὃς
284 596 496 642 Collegarum
519 593 667 629 adversus
681 594 843 629 Ceciliani
855 590 1121 637 Carthaginenfis

236 645 507 691 Archi-Episcopi
537 646 784 679 ordinationem
808 645 1014 688 querimonia
1034 665 1047 682 ‚
1072 640 1116 674 de

238 707 304 740 qua
317 697 350 731 in
362 697 479 731 litteris
496 693 536 729 ad
551 696 710 737 quosdam
721 694 972 729 Donatistarum
986 691 1121 734 Episco-

236 747 438 790 possanttus
451 746 657 790 Augustinus
668 759 679 779 :
704 749 811 779 Inerat
827 749 874 778 eis
885 743 1046 777 nonnullus
1054 746 1122 774 ani·

237 802 280 829 mi
296 797 379 829 dolor
397 797 438 830 de
459 796 544 838 typho
558 794 709 838 superbia
730 800 855 829 veniens
869 818 880 835 ‚
902 794 988 839 quod
1006 790 1129 834 nonipfi
1166 787 1168 790 ’

235 847 461 880 ordinaverant
486 846 686 890 Carthaginis
711 844 892 889 Episcopum
918 869 925 876 .
971 843 1122 878 Eandem

237 896 480 939 querimoniam
492 896 676 931 Donatistae
685 896 813 930 fortiter
833 895 980 929 urserunt
998 895 1034 927 in
1045 891 1124 926 Car·

237 945 424 991 rhaginensi
436 946 644 980 Collatione.
670 946 806 978 Sanstus
816 945 958 986 Optatus
968 943 1002 976 in
1015 941 1123 986 primo

237 995 568 1030 suolibroelucidat:
596 996 709 1027 Botrus
727 992 923 1034 incaestus,
951 990 1123 1036 Cartbagi-

237 1045 343 1079 nenfis
353 1043 503 1077 Ecciefiae
516 1043 637 1077 Clerici
648 1065 659 1081 ‚
683 1043 770 1084 apud
777 1042 994 1086 Carthaginem
1003 1042 1123 1075 ordina·

234 1099 267 1129 ri
276 1099 429 1136 cupientes
443 1117 454 1133 ,
475 1100 599 1135 operam
616 1094 786 1132 dederunt,
814 1100 851 1126 ut
869 1090 1041 1135 absentibus
1051 1096 1121 1126 Nu-

234 1143 328 1177 midis
333 1141 391 1186 soli
403 1149 498 1177 vicini
510 1142 652 1186 Episcopi
660 1152 836 1185 peterentur
848 1167 856 1175 .
882 1146 965 1176 Tunc
982 1142 1124 1186 [affl-agio

235 1198 329 1228 totius
337 1195 440 1235 populi
451 1194 620 1227 cecilianus
630 1195 750 1237 eligitur
766 1218 773 1226 .
792 1196 840 1227 Et
851 1204 963 1227 manus
971 1199 1124 1236 imponen-

232 1251 267 1278 te
287 1245 388 1277 Felice
413 1249 619 1287 Aptungitano
639 1242 806 1287 Epifiopus
825 1244 984 1277 ordinatur
996 1269 1004 1276 .
1032 1242 1123 1277 Audi

236 1293 403 1328 rationem
422 1305 476 1328 aut
489 1295 601 1328 fucum
613 1319 624 1335 ‚
649 1304 691 1328 ex
704 1305 772 1337 quo
786 1294 952 1328 suaserunt
969 1291 1124 1327 advocari

237 1343 327 1378 solos
349 1343 477 1378 vicinos
501 1344 704 1388 Episcopos:
728 1343 898 1385 Tempestas
915 1342 1125 1387 persecutionis

229 1392 360 1436 peracta
378 1404 416 1426 ac
429 1393 525 1435 finita
548 1393 589 1434 ιβ
601 1418 608 1425 .
629 1397 662 1437 J
664 1394 770 1427 ubente
783 1396 844 1428 Deo
855 1418 866 1434 ‚
893 1393 1118 1438 indulgentiam

234 1448 376 1478 mittente
385 1447 562 1484 Maxentio,
586 1443 831 1484 christianitatis
847 1443 976 1477 libertas
999 1442 1038 1484 ιβ
1049 1442 1125 1482 resti-

236 1501 309 1526 tuta
323 1517 331 1525 .
358 1493 492 1537 Utique
515 1493 557 1527 ad
578 1493 783 1527 ordinandos
808 1504 914 1526 novos
927 1492 1124 1536 Episcopos.

239 1542 380 1587 Propter
401 1543 535 1577 caducae
561 1541 719 1577 libertatis
743 1542 925 1586 periculum
954 1542 1122 1577 ambitiosi

238 1593 363 1627 Botrus
385 1593 419 1627 ὅ(
432 1592 573 1627 Celesius
583 1594 730 1627 urserunt
750 1592 921 1627 accelerari
933 1593 1125 1637 negotium:

237 1643 418 1685 Sperarunt
431 1644 461 1675 se
471 1642 489 1674 a
501 1641 707 1684 paucioribus
728 1641 858 1675 facilins
867 1641 1055 1686 eligendos.
1083 1642 1126 1675 Et

239 1688 321 1726 hinc
343 1691 431 1725 lucet
453 1693 551 1725 etiam
575 1701 652 1725 ante
670 1689 830 1725 redditam
850 1692 871 1725 ,ὲ
892 1691 1025 1736 Magno
1035 1691 1129 1725 Con-

238 1741 388 1775 stantino
411 1752 525 1784 pacem
548 1741 643 1775 fuisse
662 1752 807 1782 morem,
834 1750 872 1775 ut
891 1742 934 1775 ad
957 1739 1127 1786 Carthagi·

218 1824 222 1828 .
240 1792 350 1826 nensis
362 1792 515 1825 Primatis
526 1791 720 1826 electionem
734 1792 768 1826 δε
781 1792 1065 1826 consecrationem
1076 1802 1126 1835 pe-

239 1841 420 1887 ragendam
432 1843 650 1876 invitarentur
669 1854 708 1876 ac
728 1844 962 1876 assumerentur
975 1840 1127 1886 Episcopi

237 1902 284 1927 ex
294 1893 387 1926 omni
399 1892 575 1926 Provincia
591 1917 597 1924 .
624 1894 761 1927 Sandius
773 1891 982 1936 Augustinus
992 1892 1026 1925 in
1040 1891 1127 1925 libro

238 1942 312 1986 post
323 1943 538 1976 collationem
560 1943 698 1976 affirmat
713 1943 817 1976 Felici
829 1941 1064 1987 Aptungitano
1075 1941 1128 1975 ad-

241 1992 355 2027 stitisse
365 1992 548 2027 Novellum
559 1992 784 2036 Tyzicensem
803 2005 840 2027 ac
854 1992 1047 2026 Faustinum
1056 1991 1129 2025 Tu-

241 2039 452 2077 burbitanum
475 2065 485 2081 ‚
513 2043 694 2086 Episcopos
722 2043 966 2077 Proconsularis
992 2041 1129 2076 Provin-

241 2092 319 2125 ciaei
345 2093 403 2125 An
426 2093 461 2125 ἀ
484 2093 540 2126 alii
562 2093 692 2134 plures,
718 2104 788 2125 non
811 2092 927 2134 poffim
953 2093 1130 2125 affirmare.

243 2140 412 2175 Existimo
424 2140 567 2174 omnino
578 2140 670 2174 fuisse
677 2139 852 2175 duodecim
864 2165 874 2179 ‚
902 2140 994 2182 iuxta
1006 2141 1130 2175 avitum

240 2189 407 2224 honorem
427 2191 601 2224 &morem
612 2215 620 2222 .
649 2191 813 2225 Totidem
827 2191 919 2224 fuisse
944 2191 979 2224 in
993 2190 1131 2225 ordina-

241 2240 338 2273 tione
358 2239 538 2281 Majorini‚
565 2240 696 2273 videtur
713 2251 783 2273 non
801 2240 1022 2276 dubitandum
1041 2265 1048 2272 .
1077 2241 1132 2274 Et·

237 2290 331 2323 enim
352 2299 392 2322 ex
414 2288 481 2322 sola
494 2288 656 2323 Numidia
679 2287 811 2323 aderant
834 2290 1041 2334 septuaginta
1054 2288 1131 2332 Epi-

243 2337 352 2383 scopi.
378 2338 529 2372 Adducta
543 2339 651 2373 Sancti
664 2338 844 2384 Augustini
858 2338 973 2381 verba,
1000 2351 1071 2383 quae
1087 2339 1131 2372 as-

242 2388 377 2422 firmant
404 2388 605 2422 Maximiani
641 2389 848 2423 ordinationi
875 2401 937 2426 nec
974 2389 1130 2432 potuisse,

243 2449 307 2473 nec
328 2436 476 2472 debuisse
496 2438 602 2471 adesse
621 2449 761 2477 omnes,
782 2437 908 2474 docent
926 2439 1131 2473 consuevisse

241 2487 351 2523 adesse
362 2488 449 2522 solos
459 2485 634 2522 duodecim
643 2512 653 2519 .

294 2539 350 2572 De
359 2537 499 2572 aliorum
515 2537 752 2581 Episcoporum
763 2538 1009 2577 consecratione
1018 2537 1060 2572 ad
1071 2547 1131 2572 ter·

240 2588 326 2624 tiam
350 2586 645 2632 Carthaginensem
669 2588 842 2631 synodum
877 2589 1072 2623 Honoratus
1097 2589 1129 2623 δι

243 2637 407 2674 'Urbanus
420 2636 574 2682 Episcopi
597 2638 754 2673 dixerunt
769 2652 777 2672 :
802 2642 848 2672 Et
866 2641 945 2673 illud
955 2639 1036 2672 nobis
1048 2650 1130 2672 man·

240 2690 351 2722 datum
361 2688 400 2728 ιβ
412 2712 423 2728 ,
447 2697 481 2722 ut
491 2695 563 2730 quia
570 2690 710 2730 proxime*
724 2694 853 2723 Fratres
864 2689 953 2730 nostri
967 2694 1002 2722 N
1005 2690 1129 2729 umidae,

241 2741 303 2773 duo
325 2737 468 2781 Episcopi
492 2739 634 2772 ordinare
654 2737 909 2782 praefiempserunt
934 2739 1127 2783 Pontificem,

241 2800 305 2824 oron
323 2786 382 2830 nist
394 2790 414 2820 ἃ
436 2789 590 2822 duodecim
609 2787 755 2831 censeatis
766 2788 979 2834 Episcoporum
988 2789 1129 2824 celebrari

243 2840 449 2873 ordinationes
464 2863 470 2870 .
498 2839 543 2872 Et
557 2839 712 2874 Aurelius
722 2839 846 2874 Primas
855 2840 1039 2885 respondit:
1052 2845 1130 2875 For·

248 2895 437 2932 maantiqua
444 2886 619 2932 servabitur
631 2914 642 2930 ,
666 2899 701 2923 ut
710 2900 769 2922 non
778 2891 878 2924 minus
888 2894 980 2935 quam
996 2900 1060 2924 tres
1065 2889 1129 2933 fi‘f·

245 2935 355 2979 fictam
366 2962 379 2978 ,
401 2938 576 2981 quisuerint
588 2940 728 2982 destinati
738 2942 784 2973 ad
794 2939 975 2984 Episcopum
988 2942 1129 2975 ordinan-

249 2987 345 3027 dum,
368 2991 528 3031 propterea
548 2995 620 3032 quia
641 2992 720 3025 &in
729 2991 863 3033 Tripoli,
881 2990 969 3033 forte
990 2993 1024 3025 (55
1036 2994 1127 3024 Arzu-

243 3047 286 3081 ge
305 3038 476 3078 interjacere
503 3041 646 3075 videntur
662 3041 802 3074 barbam
823 3044 936 3076 Gentes
954 3067 962 3074 .
986 3045 1076 3074 Nam
1095 3046 1130 3075 in

250 3087 387 3128 Tripoli,
410 3096 446 3120 ut
455 3087 605 3132 offeritur,
629 3089 769 3134 Episcopi
774 3089 846 3134 sunt
861 3097 990 3135 quinque
997 3099 1130 3126 tantum-

253 3138 342 3170 modo>
357 3148 364 3167 ε
391 3139 437 3170 Et
442 3138 557 3180 poffunt
562 3139 647 3181 forte
655 3141 694 3175 de
702 3140 766 3185 ipso
774 3150 894 3176 numero
904 3143 955 3177 vc!
962 3142 1020 3175 duo
1035 3139 1129 3184 neces·

242 3185 333 3229 fitne
342 3187 446 3229 aliqua
454 3195 591 3228 occupari
602 3215 611 3223 .
637 3191 762 3233 Difficile
770 3191 811 3233 ιβ
820 3199 901 3227 enim
911 3215 922 3232 ,
944 3202 981 3227 ut
990 3193 1030 3226 de
1038 3192 1129 3234 quoli-

250 3236 301 3271 bet
311 3247 431 3270 numero
451 3247 552 3270 omnes
560 3240 663 3280 poffint
680 3252 825 3276 occurrere
839 3268 849 3275 .
878 3243 1033 3285 Nunquid
1044 3242 1130 3277 debet

250 3285 305 3320 hoc
329 3285 426 3330 ipsum
451 3287 665 3329 impedimento
680 3291 732 3334 effe
750 3291 951 3334 Ecclefiaflicae
975 3294 1128 3327 utilitati?

250 3339 341 3370 Nam
363 3338 397 3371 Θ·
407 3343 439 3369 in
460 3336 516 3370 hac
527 3337 652 3380 Ecclesia
667 3362 678 3379 ,
700 3341 844 3383 adquam
866 3344 997 3387 dtgnata
1006 3341 1044 3382 ιβ
1055 3345 1129 3376 San-

247 3385 343 3422 a‘litas
354 3386 451 3428 vestra
462 3393 618 3423 conventre
628 3412 640 3430 ‚
663 3388 763 3424 crebri
775 3402 809 3426 at
820 3399 897 3435 pene
911 3401 969 3436 per
990 3396 1129 3437 Domini·

1234 488 1329 523 Hinc
1347 488 1507 524 discimus
1527 489 1622 534 plura
1631 513 1642 522 ,
1666 487 1786 523 Primo
1795 512 1806 528 ‚
1831 489 1925 532 quod
1947 492 2074 527 Primas

1186 537 1454 583 Carthaginenfis
1479 539 1520 574 ad
1533 538 1754 574 ordinandum
1769 537 1949 583 Episcopos
1961 542 2073 583 paffim

1185 590 1384 634 assumpserit
1411 588 1496 625 duos
1510 589 1717 625 Affistentes..
1743 589 1882 634 Propter
1897 588 2074 626 adductam

1187 640 1365 675 rationem.
1387 640 1562 680 secundo,
1581 639 1674 684 quod
1688 640 1774 675 istud
1785 640 1892 684 ipsum
1906 640 2005 675 fuerit
2016 641 2077 674 ufi-

1189 700 1292 723 tatum
1304 690 1339 724 in
1352 690 1426 725 aliis
1437 690 1622 726 Provinciis
1634 716 1650 724 .,
1665 690 1764 725 Hinc
1775 691 1869 726 enim
1876 690 1944 726 duo
1956 690 2076 726 Numi-

1187 739 1235 774 dae
1245 742 1509 784 praesumpsemnt
1523 740 1680 776 ordinare
1691 764 1700 773 .
1722 740 1848 776 Tertio
1863 766 1881 783 ,.
1896 741 1994 787 quod
2014 739 2077 776 fre-

1187 798 1322 834 quenter
1340 790 1492 834 assumpti
1513 791 1636 825 fuerint
1656 791 1759 825 etiam
1772 791 1898 834 plures:
1926 791 2053 826 Decem
2065 815 2077 832 ,

1187 840 1293 874 immo
1316 840 1350 875 δε
1364 840 1560 876 duodecim.
1598 841 1735 875 Etenim
1747 841 1915 884 Capsensis
1935 841 2078 886 Episco-

1189 902 1248 933 pus
1259 890 1359 925 etiam
1373 890 1563 927 Gentilibus
1574 889 1779 935 temporibus
1800 891 1864 925 fuit
1877 890 2046 926 ordinatus
2055 891 2075 926 a

1187 941 1242 974 sex
1254 966 1262 974 .
1289 940 1416 976 Eadem
1440 941 1635 986 tempestate
1654 940 1825 976 Secundus
1850 942 2078 986 Tigifitauus,

1187 990 1268 1024 dum
1281 991 1465 1032 Sylvanum
1484 991 1650 1027 ordinavit
1662 990 1909 1033 Cirthenfibus,
1937 990 2080 1025 habebat

1189 1041 1378 1074 numerosos
1388 1039 1576 1076 Affistentes
1588 1067 1596 1075 .
1615 1041 1709 1077 Hinc
1718 1040 2080 1078 HonoratusThaben-

1187 1090 1292 1124 nensis
1307 1090 1343 1123 in
1356 1088 1517 1125 Numidia
1528 1114 1541 1131 ‚
1552 1091 1586 1125 dc
1599 1091 1764 1127 Urbanus
1772 1091 1970 1127 Siccensisin
1983 1091 2080 1126 Mau,

1186 1139 1306 1176 titania
1319 1139 1475 1183 Episcopi
1489 1165 1500 1181 ‚
1516 1152 1558 1175 ac
1569 1142 1701 1175 suarum
1714 1141 1963 1177 Provinciarurn
1972 1143 2078 1186 Lega-

1188 1190 1235 1232 ti,
1257 1191 1279 1226 a
1288 1190 1353 1225 suis
1359 1190 1507 1233 synodis
1518 1188 1660 1224 habuere
1671 1190 1874 1224 Mandatum
1886 1191 2028 1226 instandi
2041 1194 2079 1226 in

1189 1240 1333 1287 generali
1360 1241 1501 1284 Synodo
1510 1264 1524 1281 ,
1548 1250 1588 1275 ut
1607 1238 1766 1284 deinceps
1774 1240 1817 1274 ad
1827 1240 1984 1281 majorem
1996 1240 2081 1284 Epi-

1191 1291 1330 1335 scopalis
1341 1290 1518 1325 Ministerii
1530 1287 1694 1325 honorem
1708 1291 1831 1335 semper
1845 1291 2080 1325 assumerentur

1190 1340 1368 1375 duodecim
1379 1365 1389 1373 .
1417 1341 1462 1375 Et
1474 1339 1537 1375 isto
1548 1350 1695 1384 ternpore
1705 1351 1774 1375 non
1796 1350 1864 1375 erat
1875 1340 2008 1375 exotica
2021 1352 2080 1383 po-

1191 1390 1344 1426 stulatio.
1372 1390 1509 1426 Etenim
1531 1391 1565 1425 &
1581 1391 1684 1434 prima
1706 1389 1906 1425 Arelatensis
1926 1389 2080 1434 Synodus

1191 1441 1299 1475 sanxit
1313 1454 1320 1474 :
1348 1440 1450 1474 Debis
1470 1447 1524 1484 qui
1535 1439 1683 1484 usurpant
1688 1439 1746 1483 fibi
1751 1464 1766 1480 ,
1790 1442 1873 1484 quod
1880 1439 1938 1485 soli
1951 1440 2082 1475 debeant
2097 1444 2199 1483 Caput
2212 1453 2256 1473 zo·

1193 1489 1356 1535 Episcopos
1376 1493 1533 1530 ordinare,
1553 1493 1668 1534 placuit
1686 1499 1724 1525 ut
1733 1492 1833 1525 nullus
1844 1489 1955 1533 bocfibi
1964 1489 2082 1534 praesu·

1189 1550 1258 1574 mat
1268 1565 1279 1581 ‚
1306 1540 1620 1585 nifiafficmptissecum
1630 1543 1700 1576 aliis
1707 1540 1824 1585 septem
1840 1540 2000 1585 Episcopis
2011 1566 2019 1573 .
2046 1543 2085 1575 Β

1190 1600 1293 1624 tamen
1314 1602 1374 1625 non
1392 1596 1525 1633 potuerit
1536 1589 1653 1634 septem
1666 1616 1678 1632 ‚
1704 1592 1791 1634 infra
1811 1601 1876 1625 tres
1897 1603 1958 1625 non
1968 1593 2081 1625 audeat

1191 1642 1333 1675 ordinare
1354 1666 1361 1673 .
1391 1642 1499 1676 Secuti
1523 1643 1598 1676 sunt
1626 1639 1751 1676 avitam
1771 1641 1920 1687 tegulam
1942 1666 1954 1683 ,
1979 1651 2082 1686 quam

1193 1690 1369 1733 postmodo
1386 1691 1426 1724 ad
1438 1693 1592 1725 Sanstum
1606 1690 1804 1725 victricium
1827 1692 2085 1735 Metropolitam

1195 1737 1499 1784 Rothomagensem
1510 1739 1630 1785 scripsit
1650 1740 1783 1774 Sanctus
1799 1739 2015 1775 Innocentius
2026 1741 2086 1784 pri·

1188 1800 1280 1823 rmus:
1309 1793 1460 1833 Integrum
1469 1788 1507 1830 ιβ
1509 1788 1683 1832 judicium,
1709 1790 1791 1832 quod
1803 1791 2001 1832 plurimorum
2015 1789 2084 1834 fin·
2102 1796 2177 1833 Cap.
2196 1802 2221 1823 1.

1195 1839 1513 1882 tentiis-confirmatur
1525 1865 1532 1872 .
1559 1844 1627 1873 Nec
1650 1850 1729 1874 unus
1751 1838 1919 1882 Epifiopus
1942 1843 2083 1876 ordinare

1190 1888 1358 1933 praesumat
1369 1888 1548 1933 Episcopum
1560 1902 1567 1922 ε
1580 1893 1632 1922 Ne
1633 1889 1795 1932 furtivum
1808 1891 1989 1933 Beneficium
1999 1900 2083 1934 prae-

1187 1940 1294 1981 sticum
1306 1940 1448 1973 videatur
1459 1964 1467 1972 .
1492 1940 1556 1974 ista
1571 1939 1763 1975 Arelatensis
1778 1940 1932 1984 Synodus
1944 1966 1954 1982 ,
1965 1942 2084 1986 utpote

1198 1989 1360 2024 celebrata
1373 1999 1503 2034 propter
1514 2001 1627 2033 pacem
1646 1988 1810 2025 Africanae
1823 1990 1972 2025 Ecclesiae
1980 2015 1991 2032 ,
2018 1991 2084 2036 pla-

1195 2042 1265 2074 cuit
1277 2040 1418 2075 Aurelio
1432 2064 1440 2072 .
1454 2039 1593 2075 Censuit
1607 2052 1646 2075 ac
1659 2041 1785 2082 sanxit,
1798 2052 1867 2075 non
1881 2052 1916 2075 ut
1929 2042 2085 2087 deinceps

1193 2091 1429 2123 assumerentur
1450 2090 1510 2124 soli
1536 2100 1599 2124 tres
1614 2115 1625 2130 ,
1651 2091 1705 2124 sed
1730 2101 1765 2125 ut
1776 2091 1894 2134 quaevis
1906 2091 2084 2127 Provincia.

1192 2149 1251 2172 aut
1263 2138 1404 2173 Ecclesia
1426 2149 1626 2181 permaneret
1638 2140 1672 2173 in
1685 2141 1738 2174 sua
1765 2140 1901 2184 antiqua
1913 2143 2085 2177 consuetu-

1193 2188 1273 2223 dine
1289 2215 1296 2222 .
1323 2187 1463 2223 Addidit
1482 2200 1551 2223 non
1577 2190 1668 2232 posse
1686 2192 1749 2225 esse
1764 2192 1932 2233 pauciores
1948 2217 1958 2232 ‚
1983 2193 2084 2236 quim

1192 2248 1257 2272 tres
1269 2263 1276 2271 .
1301 2237 1384 2273 Non
1408 2238 1539 2273 tanturn
1561 2249 1690 2283 propter
1714 2240 1812 2274 istum
1837 2240 2061 2276 Arelatensem
2073 2267 2088 2283 ,

1195 2288 1249 2322 sed
1261 2288 1362 2322 etiam
1386 2298 1516 2332 propter
1526 2289 1702 2324 Nicaenum
1728 2291 1903 2325 Canonem
1918 2317 1925 2324 .
1952 2291 2086 2339 (ζα-πώ

1195 2337 1348 2372 discimus
1360 2362 1371 2378 ,
1395 2337 1488 2382 quod
1516 2338 1675 2374 Africana
1699 2339 1840 2374 Ecclesia
1855 2341 2086 2384 Episcopalem

1194 2387 1476 2423 consecrationem
1491 2413 1501 2429 ‚
1514 2398 1708 2424 attentatam
1722 2389 1740 2423 a
1751 2389 1880 2424 duobus
1895 2390 2085 2435 Episcopis,

1193 2437 1385 2485 judicaverit
1394 2437 1603 2483 illegitimam
1616 2463 1629 2480 ,
1653 2450 1799 2474 attamen
1823 2450 1926 2475 ratam
1947 2453 1985 2475 ac
1998 2442 2083 2476 vali*

1191 2486 1271 2522 dam
1289 2513 1299 2520 .

1244 2536 1398 2572 Aurelius
1408 2535 1460 2571 his
1470 2536 1624 2579 adjunxit
1635 2550 1647 2571 .-
1670 2538 1732 2571 sed
1738 2538 1862 2579 illudest
1868 2539 2060 2579 statuendum
2069 2565 2080 2581 ‚

1192 2596 1228 2621 ut
1239 2588 1361 2631 quando
1373 2588 1420 2620 ad
1426 2589 1595 2631 eligendum
1605 2587 1785 2632 Episcopum
1794 2595 2016 2624 convenerimus
2027 2613 2038 2629 ‚
2057 2590 2088 2632 fi

1192 2635 1256 2680 qua
1271 2637 1467 2671 contradic‘lio
1477 2637 1579 2680 fuerit
1596 2638 1699 2671 oborta
1717 2662 1728 2678 ,
1752 2645 1827 2681 quia
1843 2641 1922 2673 talia
1948 2640 2081 2674 traciam

1187 2686 1265 2731 sunt
1274 2689 1362 2731 apud
1369 2699 1424 2720 nos
1434 2712 1446 2729 ‚
1470 2699 1529 2722 non
1531 2686 1620 2732 praes
1615 2697 1719 2722 umant
1728 2691 1775 2722 ad
1777 2690 1975 2733 purgandum
1985 2701 2051 2724 eum
2066 2715 2078 2730 ‚

1190 2743 1243 2781 qui
1260 2739 1446 2772 ordinandus
1465 2738 1507 2779 est
1527 2748 1591 2772 tres
1599 2741 1670 2780 jam
1681 2763 1693 2781 ‚
1712 2737 1770 2783 sed
1773 2739 1957 2782 postulentur
1975 2742 2020 2773 ad
2028 2752 2080 2773 nu-

1190 2800 1304 2823 merum
1320 2786 1415 2831 supra
1432 2788 1581 2823 Amorum
1602 2800 1680 2822 unus
1696 2791 1754 2823 vel
1773 2791 1852 2831 duo,
1880 2791 1957 2824 &in
1977 2791 2080 2824 eadem

1185 2839 1272 2882 plebe
1282 2864 1293 2879 ,
1319 2844 1366 2872 cui
1374 2839 1563 2873 ordinandus
1573 2839 1613 2880 ιβ
1623 2864 1633 2880 ,
1660 2837 1860 2882 discutiantur
1868 2843 1970 2882 prime
1984 2839 2082 2883 perso·

1191 2901 1240 2923 nae
1266 2889 1547 2923 contradicentium
1571 2902 1582 2922 ε
1608 2888 1753 2930 Postremo
1789 2891 1843 2924 illa
1864 2897 1957 2923 etiam
1975 2912 1986 2928 ,
2011 2901 2080 2932 quae

1188 2940 1365 2980 objiciuntur
1379 2962 1391 2977 ,
1414 2939 1637 2981 pertractentur
1648 2964 1656 2972 .
1683 2942 1729 2971 Et
1740 2950 1806 2973 cum
1813 2947 1960 2983 purgatus
1966 2939 2080 2981 fuerit,

1186 2988 1243 3034 sub
1254 2986 1403 3031 conspetqu
1410 2988 1528 3031 publico
1535 2996 1581 3022 ita
1590 2991 1748 3023 ordinetur
1758 3013 1766 3022 .
1791 2991 1813 3022 5
1814 2995 1825 3022 i
1837 2988 1888 3022 hoc
1896 3000 1962 3022 cum
1973 2989 2077 3031 vestrae

1188 3039 1369 3075 sanctitatis
1389 3045 1492 3073 animo
1510 3040 1666 3073 concordat
1683 3063 1698 3081 ‚
1720 3038 1873 3073 roboretur
1892 3038 1997 3078 vestre
2022 3043 2077 3072 Di-

1184 3095 1318 3136 gnitatis
1329 3087 1524 3132 responfione.
1552 3090 1596 3123 Et
1612 3088 1748 3124 universi
1761 3090 1913 3134 Episcopi
1927 3091 2079 3133 reposue-

1191 3151 1267 3176 runt
1280 3153 1293 3173 .·
1320 3141 1423 3174 Placet
1439 3138 1521 3183 satis
1534 3164 1542 3171 .
1570 3138 1665 3174 Hinc
1688 3140 1805 3174 iterum
1822 3139 1972 3183 quaedam
1983 3139 2077 3175 disci·

1191 3202 1285 3226 mus.
1310 3189 1447 3229 Primo,
1472 3188 1562 3233 quod
1584 3200 1674 3230 vox,
1703 3189 1834 3231 Εἱιᾶἰο,
1861 3190 1918 3224 hic
1938 3191 2078 3234 accipia-

1191 3252 1244 3277 tur
1266 3252 1325 3285 pro
1343 3240 1609 3276 consecratione.
1638 3240 1773 3275 Etenim
1792 3240 1880 3285 apud
1906 3240 2006 3275 Afros
2016 3250 2077 3275 tres

1194 3291 1347 3337 Episcopi
1366 3288 1611 3325 conveniebant
1629 3301 1698 3326 non
1708 3291 1751 3325 ad
1762 3289 1951 3336 eligendum
1965 3291 2075 3325 Colle-

1192 3353 1268 3388 garn
1281 3366 1292 3383 ‚
1302 3340 1354 3377 sed
1367 3340 1578 3375 solummodo
1589 3339 1630 3374 ad
1642 3341 1899 3376 consecrandum
1911 3367 1919 3375 .
1945 3340 2073 3375 >Eleftio

1192 3392 1289 3429 fiebat
1300 3393 1318 3428 a
1328 3391 1398 3427 solo
1411 3389 1512 3427 Clero
1522 3391 1559 3426 ὅ(
1570 3391 1696 3436 populo
1705 3416 1717 3435 ,
1742 3392 1801 3427 sub
1814 3390 2017 3426 Praefidentia
2035 3398 2072 3422 ac

1939 3440 2022 3473 dire-
