2326 3718
673 116 950 163 Rounms
987 110 1561 162 APPELLATIO'NIBUSJ

233 215 331 247 teneat
340 203 561 242 authoritatem.
584 200 771 245 Viennensem
781 224 792 241 ‚
804 196 1023 242 Narbonensem
1030 203 1090 241 pri-

230 250 318 296 mam3
331 282 342 298 ,
367 259 401 291 <9
425 250 646 296 Narbonensem
666 250 826 296 secundam
855 252 1025 282 Provincias
1051 248 1093 280 ad

232 307 412 352 pontificium
419 305 506 349 suum
518 311 630 338 revocet
640 325 660 335 .-
675 301 781 335 Tacet
794 299 1033 333 Maritimarum
1060 296 1092 331 δε

231 358 401 401 Grajarum
415 356 550 399 Alpium
561 350 745 387 Provincias
757 350 890 397 :'·Qod
902 349 1008 384 cuneti
1021 349 1095 390 ipsa-

231 406 307 444 rum
318 407 466 451 Episcopi
479 402 648 440 obedirent
659 399 811 435 Patroclo
826 425 836 441 ‚
863 400 896 434 ἃ.
908 397 1013 432 nullus
1025 407 1094 439 prae-

229 455 369 493 sumeret
391 456 422 491 se
444 452 735 497 Metropolitanum
760 476 766 484 .
795 449 962 484 Patroclus
982 448 1095 491 quarto

229 507 415 552 impetravit
428 503 559 541 Proculi
571 527 581 544 ‚
607 501 695 536 hisce
706 501 853 536 Decretis
864 497 1095 535 contumaciter

229 558 421 603 refragantis
430 553 694 600 degradationem
709 575 717 583 .
921 570 924 576 .

282 609 335 643 Ex
344 606 462 652 ‘quibus
484 606 569 637 lucet
588 601 789 636 Paschafium
814 597 1025 648 Qesnellum
1043 594 1096 628 hic

233 659 319 694 varie
332 658 396 692 labi
407 677 421 688 .-
441 655 569 688 Primus
593 651 694 696 lapsus
705 651 748 685 est
761 676 771 692 ‚
797 650 885 694 quod
900 646 1052 682 Zozimus
1064 646 1096 678 in

233 708 297 745 hac
307 708 399 743 causa
420 716 487 739 non
499 702 670 746 respexerit
692 701 731 735 ad
745 700 905 734 laudatam
923 700 1027 742 legem
1037 695 1100 728 Im-

231 755 386 803 peratoris
399 753 567 789 Gratiani.
594 753 679 786 Eum
692 749 855 793 respexisse
866 748 1022 782 evincunt
1035 744 1100 778 haec

233 807 328 852 ipfius
338 804 472 841 adducta
494 803 587 837 verba
607 801 648 836 de
670 798 865 833 Taurinensi
889 797 1016 841 Judicio
1029 809 1054 846 ,ᾑ-
1067 798 1102 827 In

233 858 397 902 Apostolicae
410 856 490 889 Sedis
502 855 644 894 injuriam
658 850 794 884 Proculus
812 846 1041 892 subripiendum
1050 847 1101 898 ‘pu-

232 914 317 942 tavit
328 933 335 940 .
362 904 531 949 Synodum
542 899 712 935 manifeste
724 898 830 942 arguit
843 921 854 937 ,
879 895 966 939 quod
975 895 1103 928 Metro-

232 958 406 1002 politicas,
430 953 571 993 ideoque
594 946 794 991 Apostolicae
813 945 888 980 Sodi
911 946 1080 979 reservatas
1095 967 1104 983 ‚

232 1008 340 1041 causas
357 1000 536 1046 judicando
559 998 595 1032 in
623 996 848 1040 Apostolicam
876 994 1105 1029 authoritatem

224 1052 428 1097 impegisset.
458 1047 606 1083 Eandem
615 1047 721 1091 legem
734 1045 870 1089 respexit
891 1045 925 1078 in
939 1044 1053 1078 litteris
1066 1043 1106 1076 ad

229 1100 426 1138 viennensis
447 1110 484 1133 ac
496 1097 718 1133 Narbonensis
737 1095 916 1129 Provinciae
929 1095 1108 1137 Episcopos

232 1154 365 1189 &nctus
375 1150 460 1194 Papa
477 1147 667 1183 Caelestinus
681 1161 692 1181 .-
718 1144 893 1187 Maffllienfis
913 1144 1048 1186 Ecclefiae
1058 1145 1109 1175 Sa-

230 1204 378 1239 cerdotem
389 1226 399 1242 ,
423 1200 613 1243 quiescitur,
639 1198 717 1240 quod
727 1196 814 1238 nefas
838 1195 875 1235 est
888 1219 898 1236 ,
922 1199 955 1227 in
966 1205 1032 1227 nece
1039 1192 1110 1234 fra·

235 1260 296 1289 tris
316 1253 418 1286 taliter
433 1249 605 1294 gratulatus
625 1270 636 1287 ‚
659 1258 694 1282 ut
716 1246 783 1280 huic
810 1251 860 1288 qui
886 1246 950 1285 eJ‘us
967 1242 1111 1287 sanguine

235 1310 404 1339 amentatus
414 1302 582 1334 advenerat
592 1322 602 1338 ‚
625 1303 788 1341 portionem
795 1307 864 1329 cum
888 1296 987 1329 eodem
997 1293 1111 1326 babitu·

237 1363 292 1388 rus
299 1358 454 1386 occurreret
463 1374 474 1391 ,
496 1347 588 1388 vestro
597 1347 780 1382 audiendum
791 1346 917 1387 collegio
926 1345 1092 1388 delegamus
1106 1366 1113 1373 .

236 1402 322 1448 Agit
331 1400 373 1435 de
384 1399 528 1434 Proculo
542 1423 549 1430 .
562 1398 648 1431 Rem
659 1395 801 1432 elucidat
816 1394 950 1438 Prosper
961 1397 997 1428 in
1010 1393 1114 1427 Chro-

237 1452 337 1488 nico:
352 1451 504 1484 Patroclus
518 1447 687 1491 Arelatensis
703 1444 864 1489 Episcopus
878 1447 898 1478 ᾶ
909 1443 1036 1478 Tribuno
1047 1453 1113 1486 quo-

238 1503 311 1536 dam
323 1497 467 1535 Barnabb
489 1501 591 1533 multis
613 1497 792 1532 vulneribus>
809 1497 941 1528 laniatus
953 1496 1110 1528 occiditur.

241 1552 336 1594 ‚Quod
339 1550 461 1590 facinus
485 1550 530 1579 ad
538 1548 677 1579 occultam
693 1543 840 1583 juffionem
851 1542 960 1572 Felicis
984 1541 1117 1580 Magistri

238 1599 370 1631 *militam
379 1596 564 1634 rifi-rebatur
575 1618 582 1624 .
594 1592 724 1625 inimici
735 1600 822 1622 mors
833 1589 952 1629 placuit
963 1587 1116 1621 Proculo.

238 1640 337 1678 Hinc
347 1638 519 1686 percussori
530 1637 682 1672 Barnabo
691 1655 709 1676 ,·
729 1635 879 1668 manibus
889 1633 996 1668 adhuc
1007 1644 1117 1668 cruen-

240 1703 279 1730 to
292 1717 303 1734 ,
312 1685 568 1738 gratulabundus
577 1686 719 1721 occurrit
732 1708 742 1725 ,
768 1683 803 1717 δε
816 1683 966 1717 invitavit
976 1684 1019 1718 ad
1027 1693 1117 1719 meu-

242 1745 330 1779 sam.
356 1739 515 1775 Pontifex
535 1736 604 1782 agit
620 1735 661 1770 de
671 1732 809 1770 secunda
823 1732 1029 1767 Narbonensi
1042 1732 1118 1766 Pro-

243 1792 378 1828 vineiaz
397 1789 441 1824 Et
463 1788 519 1832 ipsi
545 1798 613 1821 non
635 1786 717 1826 soli,
743 1784 797 1818 sed
819 1784 913 1818 simul
940 1782 1118 1818 Viennensi

243 1839 431 1878 Provincia
446 1837 574 1883 delegat
595 1836 679 1871 hanc
689 1836 817 1870 causam
835 1833 987 1868 Proculi:
1016 1832 1118 1880 Qiod

244 1889 365 1935 nempe
375 1889 430 1924 ille
437 1890 514 1924 esset
521 1886 736 1931 Metropolita
745 1910 757 1926 ,
783 1883 922 1928 ideoque
934 1884 1003 1927 ejus
1016 1885 1118 1926 prima

244 1940 405 1978 instantia
424 1950 464 1973 ex
476 1938 627 1974 Gratiani
649 1935 766 1971 Edicto
780 1936 928 1978 spectaret
951 1932 1118 1968 adSedem

246 1992 454 2027 Romanam.
480 1989 598 2023 Fateor
607 1997 717 2022 tamen
728 1987 903 2020 zozimum
923 1995 966 2017 ex
978 1983 1040 2017 isto
1052 1993 1118 2016 uon

245 2040 425 2087 proceffiffe
446 2038 563 2073 Edisto
586 2064 596 2071 .
623 2037 701 2081 Ejus
720 2035 845 2080 quippe
866 2033 1027 2078 Iudicium
1051 2044 1118 2067 non

246 2092 313 2127 fuit
336 2090 439 2135 prima
458 2088 630 2134 cognitio,
657 2087 711 2122 sed
734 2084 984 2120 Retnetatoria.
1011 2083 1121 2130 Qare

246 2140 411 2175 secundus
420 2138 586 2186 Quesnelli
598 2138 701 2180 lapsus
719 2135 766 2169 est
778 2158 797 2175 ‚.
809 2134 902 2178 >quod
917 2133 979 2166 hoc
989 2132 1120 2166 Zozimi

248 2191 386 2224 Factum
397 2199 465 2222 non
477 2198 588 2231 tangat
609 2187 657 2229 jus
669 2184 940 2229 Appellationum
951 2207 958 2214 .
986 2182 1119 2217 Clarum

247 2240 295 2274 est
309 2237 395 2272 han'c
404 2236 532 2271 causam
542 2236 638 2269 fuisse
648 2234 843 2281 appellatam
856 2258 863 2265 .
926 2246 930 2261 t
1026 2251 1041 2260 «ι

300 2288 447 2331 Reponit
458 2286 512 2320 ille
525 2285 703 2320 Proculum
716 2294 775 2318 nec
784 2283 995 2327 comparuisse
1005 2280 1044 2316 ad
1055 2282 1121 2315 Ro·

248 2349 384 2373 manum
407 2336 574 2376 tribunal,
599 2346 659 2370 nec
678 2334 909 2378 obtemperasse
934 2333 1120 2372 sententias,

248 2399 312 2423 nec
334 2387 460 2422 cessasse
482 2385 688 2420 abexercitio
708 2384 963 2428 Metropoliticae
986 2384 1120 2426 potesta-

249 2438 314 2477 tis,
340 2447 401 2469 nec
422 2436 590 2479 agnovisse
613 2444 669 2468 aut
691 2437 810 2469 curasse
824 2433 1118 2478 degradationem,

249 2487 305 2521 scd
318 2483 758 2527 in-cousecra'ndisEpiscopis
768 2483 866 2518 etiam
880 2494 958 2517 tunc
967 2482 1123 2527 processis-

250 2538 302 2571 se.
320 2536 418 2583 'Qae
427 2535 542 2568 omnia
563 2534 625 2568 esse
637 2533 792 2567 veriffima
811 2535 923 2566 censet
938 2545 981 2566 ex
992 2532 1122 2567 Zozimi

251 2584 394 2630 epistolis
416 2609 422 2615 .
452 2583 508 2617 Ab
530 2584 595 2626 ipsa
618 2582 770 2617 Romana
795 2582 934 2617 Ecclesia
955 2582 1122 2625 probatam

250 2636 320 2679 ejus
336 2634 607 2669 coiitumaciam.¹
624 2632 662 2666 In
677 2630 820 2666 adductis
841 2633 929 2666 enim
942 2631 1047 2665 verbis
1059 2632 1122 2665 Cae-

250 2682 575 2720 lestinusl’ontifex-
587 2683 692 2725 ipsum
703 2683 849 2727 agnoscit
866 2692 925 2725 pro
947 2682 1123 2715 Massilien·

249 2733 624 2778 fiEpiseopQ‘ejusque
646 2733 775 2767 causam
797 2731 932 2776 delegat‘
945 2730 1124 2772 adunandae

248 2784 389 2830 Synodo
396 2779 534 2818 duarum
545 2782 791 2817 provinciarum
801 2807 808 2814 .
832 2781 1037 2825 ‘Respondeo
1048 2782 1123 2816 Pro·

248 2834 326 2869 culo
336 2834 502 2875 omnine,-
522 2833 610 2878 quod
635 2832 758 2867 Acacio
783 2832 1123 2875 Constantinopolita-

249 2877 491 2928 noEpiseopo,
517 2894 571 2928 per
584 2883 743 2926 Ioannem
765 2880 972 2917 Alexandriae
983 2882 1123 2916 Patriar-

250 2933 347 2969 cham
357 2935 519 2979 appellato
534 2934 696 2973 Romam,
723 2933 861 2967 evenisse
881 2934 1013 2967 testatur
1024 2931 1122 2967 inda.-

254 2985 516 3019 taeontraillum
530 2980 690 3018 sententia
711 2983 803 3018 Felix
816 2982 895 3016 111.·.·
922 2984 971 3017 Ad
994 2981 1122 3016 libellum

248 3028 360 3073 fratris
379 3033 621 3078 &Cb-Epfiopi
633 3039 692 3067 mei
697 3037 858 3079 Joanms,
884 3038 934 3076 qui
950 3034 1123 3076 eegraeviffi-

255 3086 314 3113 mis
337 3081 538 3123 objefflonibus
563 3090 739 3126 impetivit,
765 3092 800 3117 in
814 3083 971 3130 apostolica
992 3084 1066 3116 sede
1073 3082 1123 3126 se·-

258 3130 520 3180 cundumc‘anones
543 3136 680 3177 diffidens
694 3159 705 3175 ‚
730 3132 840 3176 olgjeffa
860 3133 1002 3176 firmasti.
1031 3134 1122 3167 Atta·

257 3190 334 3213 men
345 3180 473 3216 Procul-i
482 3185 689 3220 contumacia
697 3183 762 3219 ffiit
775 3186 879 3229 longe*
886 3184 1017 3219 inferior
1028 3209 1035 3216 .
1062 3183 1124 3216 Ti-

259 3230 344 3263 muit
357 3231 445 3264 enim
456 3233 681 3270 authoritatem
693 3234 899 3279 Imperatoris
909 3234 1098 3270 Constantii
1113 3258 1123 3273 ‚

257 3279 394 3321 ideoque
420 3292 601 3324 comparere
627 3297 693 3319 non
720 3285 914 3329 contempsit
940 3310 951 3325 ‚
976 3286 1030 3321 sed
1057 3295 1122 3319 non

260 3328 322 3363 fuit
333 3330 445 3364 ausus.
475 3330 548 3364 Nec
567 3331 776 3370 dubitandum
795 3335 842 3369 est
855 3360 866 3376 ‚
894 3336 972 3379 quin
987 3335 1126 3380 post'mo·

263 3377 306 3413 do
319 3379 350 3413 se
361 3379 539 3414 submiserit
552 3380 744 3421 Apostolieae
753 3385 826 3420 sedi
837 3410 848 3427 ,
862 3386 1016 3431 atqu-cira
1027 3386 1068 3421 ab
1080 3386 1125 3420 ins

359 3428 463 3470 christ.
476 3433 554 3474 Lupi
565 3435 662 3473 Opera
672 3434 749 3466 Tom.
761 3439 841 3468 Vnt,

1151 198 1229 241 'JeC’to
1250 208 1302 240 per
1322 196 1496 230 Zozimum
1523 198 1655 232 vinculo
1679 198 1802 235 solutus
1828 200 1959 235 redierit
1978 201 2019 236 ad

1153 249 1286 293 gradum
1301 273 1310 287 ‚
1324 257 1480 289 reparatus
1493 247 1525 279 in
1542 247 1701 290 integrum
1717 250 1929 294 Episcopum.
1942 250 2020 284 Pro-

1152 300 1242 332 culus
1252 298 1341 332 enim
1352 297 1412 330 fuit
1425 307 1561 341 magnus
1574 296 1718 330 Antistes
1733 322 1742 336 ,
1752 301 1927 335 celebratus
1938 301 2021 335 mul-

1153 359 1262 382 torum
1286 347 1416 382 Patrum
1439 347 1577 393 elogiis.
1604 347 1735 380 Fadium
1759 348 2022 391 istudexistimo,

1153 398 1231 432 dum
1255 397 1443 431 Bonifacius
1470 397 1626 431 Pontifex
1654 396 1868 430 circumduxit
1895 401 2024 435 zozimi

1156 448 1400 491 proArelatensi
1420 448 1602 490 Metropoli
1624 446 1781 489 judicium
1795 471 1805 486 ‚
1830 457 1875 480 acv
1890 448 2027 485 &Lutu-

1155 498 1240 532 bensi
1256 497 1395 531 Ecclesia
1416 498 1573 532 excitatus
1594 497 1760 530 Hilarium
1781 496 2026 534 Narbonensem

1159 548 1356 592 Episcopum
1379 548 1517 581 firmavit
1542 548 1575 581 in
1601 547 1760 591 dignitate
1779 546 2029 589 Metropolitica

1158 599 1247 640 supra
1272 598 1406 641 primam
1427 597 1693 632 Narbonensem.
1722 597 1811 630 Idem
1835 596 1990 630 Pontifex
2011 598 2031 631 ὲ

1159 647 1353 681 Taurinenfi
1365 647 1501 690 Synodo
1511 647 1670 682 sancitum
1680 672 1690 688 ,
1705 648 1737 681 &
1748 648 1765 680 a
1777 646 1916 692 Zozirno
1927 648 2034 680 exsuf-.

1160 695 1271 730 flatum
1286 721 1296 737 ,
1310 697 1593 741 Metropoliticum
1609 698 1662 740 rus
1679 698 1836 741 reparavit
1854 696 2032 731 Viennensi

1164 746 1409 781 Ecclesiae.Patet
1420 758 1460 781 ex
1474 748 1577 781 Sancti
1591 747 1747 791 Celestini
1759 747 1798 781 ad
1811 746 2034 781 Narbonensis

1163 808 1199 830 ac
1221 796 1415 830 Viennensis
1441 797 1694 831 Provinciarum
1710 797 2033 841 Episcoposlitteris:

1159 847 1264 889 Juxta
1277 849 1400 879 Decreta
1410 850 1564 881 Canonum
1575 872 1585 887 ‚
1612 858 1796 890 unaquaeque
1817 850 1976 880 Provincia
1983 845 2036 888 suo

1155 896 1391 940 *Metropolitum
1411 907 1545 931 contenta
1560 896 1597 938 fit
1609 922 1619 938 ,
1645 899 1842 939 utDeceffin-is
1859 897 1945 937 nostri
1960 898 2037 929 data

1165 948 1208 978 ad
1228 945 1452 989 Narbonensem
1475 946 1650 990 Episcopum
1675 952 1823 981 continent
1849 947 2014 985 constituta
2027 969 2041 986 ,

1169 1006 1219 1028 nec
1229 994 1424 1037 usurpationis
1447 999 1524 1030 locus
1542 999 1631 1030 alicui
1641 999 1661 1030 5
1661 998 1790 1032 acerdoti
1801 1002 1833 1030 in
1843 998 1966 1030 alterius
1977 1006 2041 1029 con·

1167 1045 1285 1077 cedatur
1305 1045 1466 1083 injuriam.
1493 1047 1536 1075 sit
1557 1047 1678 1085 concessis
1695 1046 1750 1088 fibi
1773 1045 1965 1090 unusquisque
1977 1057 2048 1079 con·-

1168 1103 1266 1127 tentus
1287 1094 1449 1126 limitibus.
1478 1094 1561 1126 Alter
1583 1098 1616 1124 in
1637 1099 1757 1130 alterius
1782 1100 1943 1131 Provincia
1966 1093 2046 1129 nibil

1165 1142 1351 1187 praesumat.
1380 1143 1543 1185 Loquitur
1553 1142 1593 1175 de
1604 1152 1740 1184 utraque
1753 1146 1955 1180 Narbonensi
1965 1145 2052 1179 pro«

1172 1194 1297 1228 vincia.
1327 1193 1458 1227 Etenim
1480 1192 1659 1236 generatim
1688 1191 1796 1225 scribit
1819 1193 1862 1223 ad
1885 1193 2046 1234 Epist-opos-

1174 1241 1402 1285 Narbonenses.
1430 1243 1513 1276 Item
1535 1243 1579 1275 ad
1596 1240 1773 1284 Viennenses
1791 1239 1970 1284 Episcopos.
1998 1240 2043 1274 Et

1173 1294 1307 1338 singulis
1318 1292 1368 1327 his
1379 1292 1564 1327 Provinciis
1579 1290 1685 1326 reddit
1707 1293 1742 1326 ἀ
1751 1291 1858 1325 firmat
1871 1292 1964 1325 suum
1975 1290 2050 1324 Me-

1174 1344 1381 1387 tropolitam.
1412 1343 1454 1377 Et
1474 1343 1622 1377 asseverat
1646 1343 1678 1376 se
1702 1342 1823 1377 sancire
1841 1352 1882 1375 ex
1904 1340 2050 1375 Decreto

1176 1393 1396 1428 Antecessoris
1418 1393 1583 1428 Bonifacii
1597 1417 1608 1434 ,
1635 1403 1732 1435 atque
1756 1393 1802 1427 ita
1824 1391 1953 1427 testatur
1962 1389 2051 1426 hunc

1179 1444 1236 1478 ista
1247 1444 1362 1478 omnia
1375 1443 1431 1477 fibi
1444 1445 1672 1488 praeformaffe.

1225 1493 1439 1538 Tunci'gitur
1462 1494 1666 1528 &Proculus
1681 1493 1801 1540 refugit
1823 1493 1863 1528 ad
1887 1490 2055 1527 laudatum

1179 1544 1386 1577 Bonifacium
1398 1568 1409 1583 ‚
1433 1543 1561 1586 questus
1571 1543 1615 1578 est
1628 1542 1670 1578 de
1680 1544 1810 1578 Zozimi
1824 1543 1973 1588 Iudicio,
2001 1553 2056 1576 ex-

1180 1591 1290 1632 posuit
1297 1593 1407 1623 causas
1417 1593 1476 1623 suae
1487 1604 1555 1626 non
1568 1595 1816 1635 comparitionis
1829 1619 1838 1633 ‚
1864 1594 1897 1627 &
1910 1595 2059 1635 impetra·

1180 1640 1227 1670 vit
1244 1651 1312 1672 non
1328 1640 1497 1673 dumtaxat
1521 1641 1566 1674 sui
1578 1642 1698 1684 gradus
1715 1642 1951 1683 reparationem
1966 1663 1975 1678 ,
2004 1639 2057 1672 sed.

1181 1685 1307 1728 insuper
1317 1685 1490 1728 dignitatis
1509 1688 1784 1728 Metropoliticae.
1814 1690 1906 1721 Hinc
1918 1688 2058 1722 Caelesti-

1171 1745 1242 1772 ‚nus
1255 1735 1356 1777 ipsum
1368 1735 1505 1779 agnovit
1526 1744 1562 1768 ut
1577 1734 1826 1778 Metropolitam
1847 1746 1945 1779 atque
1957 1747 2058 1774 ,cano-

1182 1785 1294 1818 uicum
1317 1784 1536 1828 Episcopum,
1563 1785 1596 1819 ὃ(
1610 1787 1744 1828 primam
1765 1786 1806 1820 de
1828 1786 1896 1829 ejus
1917 1786 2058 1820 crimine

1181 1835 1410 1879 cognitionem
1423 1835 1583 1878 delegavit
1596 1838 1729 1878 propriae
1752 1836 1845 1879 ipsius
1862 1836 2058 1871 Provinciae.

1182 1884 1279 1918 Certe*
1300 1885 1320 1917 si
1341 1886 1450 1919 fuisset
1462 1885 1678 1919 Provincialis
1697 1885 1906 1920 solummodo
1928 1886 2062 1930 Episco-

1183 1945 1261 1977 puS‚
1287 1934 1471 1968 Provinciae
1491 1935 1646 1978 Synodus
1666 1935 1706 1970 ad
1720 1937 1822 1979 ipsum
1843 1936 1884 1970 de
1897 1946 1991 1971 tanto
2003 1937 2072 1971 cri-v

1182 1986 1271 2018 mine
1286 1984 1524 2019 discutiendum
1538 1996 1634 2029 atque
1655 1985 1878 2021 damnandum
1893 1999 1959 2021 non
1976 1986 2062 2020 indi-

1178 2034 1281 2078 gebat
1316 2035 1464 2080 delegata
1501 2035 1698 2070 authoritate
1725 2037 1815 2071 Sedis
1843 2037 2057 2080 Apostolicae.

1184 2084 1326 2119 Proinde
1347 2084 1504 2119 Proculus
1529 2098 1598 2120 non
1623 2086 1664 2120 ad
1678 2088 1845 2122 Romanas
1858 2087 2061 2131 Appellatio-

1185 2145 1239 2168 nes
1250 2136 1439 2177 spernendas
1461 2137 1671 2170 recalcitravit
1684 2137 1845 2179 zozimo,
1872 2137 1925 2172 sed
1938 2138 1977 2172 ad
1991 2149 2063 2171 eva-
2109 2134 2113 2140 ’

1185 2185 1326 2219 dendum
1337 2185 1406 2227 ejus
1417 2196 1484 2219 non
1496 2197 1622 2229 aequum
1638 2198 1694 2228 pro
1706 2187 1859 2224 Patroclo
1873 2188 2039 2233 Iudicium
2050 2213 2057 2219 .

1185 2234 1333 2269 Credidit
1344 2235 1521 2269 Zozimum
1535 2247 1592 2278 pro
1606 2235 1757 2270 Patroclo
1768 2239 1886 2272 sentire
1900 2248 1977 2272 cum
1994 2237 2065 2271 Au-,

1184 2285 1279 2329 gusto
1301 2284 1515 2318 Constantio.
1549 2285 1589 2318 Et
1612 2286 1680 2327 ejus
1703 2288 1837 2329 suspicio
1863 2300 1930 2322 non
1952 2288 2060 2321 caruit

1185 2335 1422 2369 fundamentis.
1450 2335 1542 2369 Hinc
1565 2336 1582 2368 ὲ
1607 2334 1784 2371 Bonifacio
1812 2338 2005 2372 consecutus
2016 2338 2061 2371 est

1187 2386 1314 2429 plenam
1335 2385 1488 2429 gratiam.
1800 2400 1803 2403 ·
1972 2389 1974 2391 ’
2059 2403 2064 2421 z

1236 2434 1418 2486 Paschasius
1442 2437 1638 2485 Qesnellus
1665 2439 1882 2483 prosequitur:
1912 2443 1966 2472 Ex
1984 2437 2064 2482 ejus-

1185 2486 1252 2518 dem
1281 2488 1374 2526 Papae
1396 2488 1514 2518 Zozimr‘
1539 2487 1661 2528 epistolis
1689 2489 1828 2529 discimus
1858 2490 1931 2522 alios
1954 2490 2065 2530 aliquos

1187 2532 1346 2577 Episcopos
1359 2539 1390 2566 in
1404 2535 1511 2566 Galllis
1519 2533 1698 2577 sententias»
1720 2538 1855 2580 excepisse
1866 2564 1875 2578 ‚
1902 2544 2064 2580 quosinterv

1189 2588 1326 2618 Lazarus
1353 2582 1523 2625 Aquenfium
1548 2585 1710 2626 Episcopus
1734 2610 1745 2625 ,
1773 2590 1806 2621 &
1832 2585 1922 2629 Ursus
1942 2591 2065 2629 ‚cujus

1188 2636 1279 2668 Sedes
1291 2637 1390 2678 ignota
1402 2659 1412 2674 ,
1441 2644 1634 2668 numerantur
1651 2660 1657 2666 .
1685 2637 1808 2670 Nullius
1823 2647 1924 2670 tamen
1934 2638 2066 2679 appellas

1189 2690 1294 2718 tionem
1302 2685 1424 2728 legimus
1437 2709 1444 2716 .
1472 2687 1601 2718 Tantum
1617 2685 1694 2726 abest
1708 2711 1718 2726 ,
1744 2695 1779 2729 ut
1805 2692 1939 2728 primam
1948 2685 2065 2729 senten·

1187 2741 1262 2769 tiam
1274 2741 1306 2767 in
1318 2735 1381 2767 illos
1389 2735 1471 2776 firre
1491 2735 1641 2778 adgressus
1653 2734 1694 2776 fit
1707 2740 1856 2770 Romanus
1868 2735 2034 2780 Epist-opus
2045 2762 2060 2770 .-

1187 2788 1236 2817 Ita
1254 2794 1287 2817 ut
1299 2785 1427 2818 Patrocli
1447 2785 1630 2826 improbitati
1651 2796 1686 2818 ac
1709 2788 1844 2821 audaciae
1871 2787 2061 2821 tribuendum

1180 2832 1217 2875 fit
1230 2860 1239 2874 ‚
1266 2836 1346 2877 quod
1359 2840 1490 2875 primum
1512 2840 1544 2867 in
1569 2837 1681 2868 Proculi
1697 2842 1807 2880 negotio
1835 2843 1986 2871 tentatum
2005 2837 2060 2877 est.

1188 2889 1274 2917 Nam
1293 2890 1408 2918 veritus
1419 2896 1455 2918 ne
1476 2887 1698 2919 ordinationem
1723 2889 1806 2928 ejus,
1828 2886 1922 2930 sacris
1932 2892 2066 2931 Canoniq

1186 2935 1238 2967 bus
1250 2940 1428 2969 contrariam
1439 2960 1449 2976 ,
1477 2941 1509 2967 in
1517 2942 1638 2969 irritum
1654 2942 1806 2970 mitterent
1821 2938 2072 2981 Gallicani-Epi«.-

1184 2983 1281 3027 scopi,
1307 2988 1434 3018 Romani
1446 2986 1595 3027 Pontificis
1601 2992 1736 3030 gratiam
1756 2985 2063 3027 &favoremfibii-vae-

1185 3041 1239 3067 riis
1251 3035 1364 3068 artibus
1377 3036 1541 3068 conciliavit
1550 3061 1559 3075 ‚
1576 3035 1715 3079 spemque
1720 3035 1946 3078 feemmaxime‘
1954 3036 2060 3077 autbo-

1186 3090 1286 3118 ritatis
1308 3086 1372 3124 ejus
1395 3091 1427 3118 in
1447 3086 1557 3118 Galliis
1580 3087 1927 3129 magis.promovendae:
1954 3089 2060 3130 ‚Quam

1184 3134 1350 3176 occafionem
1370 3136 1461 3168 avidi?
1485 3139 1623 3175 arripuit
1636 3137 1798 3175 azimus,
1824 3145 1857 3169 ut
1877 3141 2059 3178 imperviam

1187 3185 1328 3219 baeienus
1339 3183 1503 3226 hujusmodi
1514 3183 1711 3226 consuetudini
1740 3196 1776 3228 ac
1787 3186 1913 3219 moribus
1924 3188 2059 3221 Galliam

1186 3242 1262 3270 circa
1274 3233 1479 3277 Episcoporum
1484 3236 1600 3276 judicia
1613 3259 1623 3274 ‚
1651 3237 1834 3278 alio-umque
1854 3247 1952 3269 rerum
1963 3239 2060 3270 admo·-

1168 3285 1382 3328 2nistrationem
1395 3309 1405 3324 ‚
1430 3284 1549 3317 tandem
1574 3288 1892 3328 aliquando÷pcrviam
1913 3285 2054 3320 baberet.

1168 3339 1172 3372 ἱ
1190 3337 1282 3379 Quod
1300 3344 1440 3367 ramento
1451 3358 1462 3374 ,
1473 3352 1476 3356 ·
1487 3346 1571 3377 quem
1583 3336 1725 3378 optabat,
1752 3342 1833 3370 exitu
1841 3343 1938 3369 caruit
1949 3361 1956 3367 .

1237 3383 1641 3420 Erroresfvarii.;Primus
1661 3385 1726 3427 est,
1744 3387 1843 3429 ·qu0d
1865 3387 1987 3422 nullam
2002 3385 2056 3419 hic

1619 3435 1655 3470 D
1706 3447 1730 3484 3
1924 3436 2005 3478 lega-
