2326 3718
672 108 951 152 Romams
985 94 1566 150 Avpflrmrromnus.

214 190 396 238 scripserunt
410 184 454 222 ad
462 185 626 231 Damasum
648 190 682 222 Θ
692 188 884 230 adsynodum
902 189 1066 221 Romanam
1079 211 1091 229 ,

219 254 280 286 quo
290 241 390 275 nator.
399 246 487 270 orant
495 261 506 276 ‚
531 250 589 271 non
605 246 638 271 ut
649 240 824 283 confirment
831 248 866 272 ea
879 261 889 277 ,
914 248 981 279 quae
990 242 1022 270 in
1033 236 1089 272 hac

218 286 736 331 synadoconstannnopotztana*aaa
742 297 830 327 erant
842 311 853 328 ,
875 285 932 329 sed
951 297 984 320 ut
996 287 1092 321 cbaris-

218 337 440 384 tatespmtuah·
462 337 525 381 ipsis
534 340 730 382 gratulentur
746 345 870 381 propter
882 340 1090 371 Ordinationes

217 387 409 430 Eecllfiarum
430 388 755 432 Constantinopeluaenae
777 413 789 428 ‚
815 387 1001 421 Antiochenae
1020 411 1031 427 ,
1057 388 1092 420 (a

217 436 484 483 Hierosolymltanae
497 464 508 479 ‚
532 439 637 483 quibu}
647 437 792 485 'prafetql
811 447 897 475 erant
909 443 943 471 N
946 437 1069 473 ecffarius
1081 461 1093 480 ‚

217 489 391 524 flavianus
402 513 414 529 ,
439 491 565 529 Cyrillur
576 515 584 522 .
609 511 614 513 —
666 494 671 500 '

215 551 218 555 ⁴
264 539 464 583 Respondeo
475 539 530 576 hic
547 539 647 574 etiam
658 549 726 573 non
738 539 842 574 dceffe
860 550 979 575 errores
991 562 999 569 .
1026 536 1090 573 Rei

212 589 308 625 series
317 590 362 624 est
376 589 514 624 breviter
530 589 726 634 exponenda
738 614 745 625 ,
773 589 947 634 Imperator
965 586 1093 621 *Valens

213 637 405 674 Arianismo
423 639 538 674 infecit
548 649 682 673 omnem
699 640 891 674 Orientem:
919 635 1092 683 Praesertim

213 686 539 732 Constantinopolim
549 714 557 724 ,
587 690 731 733 Excepta
743 700 851 723 tamen
863 686 1072 732 Cappadocia
1082 710 1094 729 ‚

213 749 289 782 quae.
306 735 535 785 permagnum
548 739 702 776 Basiliam
713 762 725 780 ‚
750 749 788 774 ac
799 740 952 773 Sanctum
970 738 1096 782 Grego-

212 788 295 822 rium
308 784 559 824 Nazianzenum
581 784 750 833 perm'a'nfi't
771 787 858 834 quasi
871 798 1094 833 propugnacu-

212 838 281 873 lum
293 836 476 873 Catholicae
497 835 611 874 Fidei.
638 839 700 876 Per
710 833 861 879 Valentis
872 845 1012 872 mortem
1032 833 1109 872 ces-¹

210 889 294 923 savit
314 889 512 932 persecutio.
539 889 841 933 Hincpauci'apud
861 887 1096 922 Constantino«

209 939 316 982 polim
330 939 446 974 residui
457 936 590 977 fidelem
616 942 677 971 nec
688 946 757 971 non
769 938 803 971 ἀ
814 937 915 971 vicini
938 935 1092 982 Episcopi

210 996 410 1037 rogaverunt
417 984 585 1028 pmsatum
598 985 795 1031 Gregoriurn
810 1010 821 1027 ,
847 997 883 1021 ut
903 986 1093 1031 dignaretur

211 1037 353 1080 Regiam
365 1035 531 1068 civitatem
544 1036 698 1072 accedere
711 1059 722 1076 ,
746 1035 800 1071 sua
811 1036 959 1071 doctrina
972 1049 1009 1070 ac
1020 1036 1091 1070 zelo

208 1095 410 1130 reparaturus
429 1084 527 1132 fidem
549 1095 648 1129 atque
671 1086 861 1122 Ecclefiam.
894 1087 937 1120 Et
958 1087 1092 1132 Grego-

209 1136 278 1169 rius
289 1135 395 1170 venit.
425 1134 506 1170 Non
527 1145 562 1170 ut
578 1136 758 1181 Episcopus
770 1161 780 1176 ,
807 1136 860 1171 sed
875 1136 1093 1172 utMiffiona-

209 1186 296 1220 rius.
324 1185 377 1219 Et:>
390 1183 496 1229 primo
515 1182 526 1227 ,'
553 1184 642 1231 quod
660 1186 778 1220 Ariani
798 1184 954 1222 haberent
976 1197 1094 1221 omnes

210 1232 395 1274 Ecclesias',
421 1235 465 1269 est
477 1237 765 1271 concionatussub
785 1237 864 1278 dio,
889 1236 1032 1280 ideoque
1059 1237 1092 1271 δι

209 1284 252 1320 ab
261 1284 394 1319 Arianis
405 1286 508 1328 paffus
529 1287 690 1321 solemnes
701 1285 838 1331 lapides.
867 1288 912 1321 Et
933 1286 1094 1321 habitavit

208 1344 327 1379 pauper
340 1335 375 1369 in
387 1334 521 1369 modico
532 1335 718 1372 Contineo.
730 1334 912 1371 Postmodo
925 1337 1093 1379 acquisivit

208 1385 367 1430 exiguam
390 1384 566 1421 Ecclesiam
579 1386 701 1420 Sanctae
714 1385 889 1421 Anastaliae
901 1411 908 1419 .
934 1386 1092 1421 Tandem

207 1431 422 1469 Theodosius
432 1435 556 1479 accepit
574 1435 744 1471 Orientale
765 1436 963 1479 Imperium,
989 1436 1023 1473 δε
1035 1436 1094 1470 sta-

207 1483 273 1519 tim
295 1481 460 1528 Gregorio
479 1485 614 1519 tradidit
636 1483 865 1518 Cathedralem
893 1485 1092 1519 Ecclefiam.

208 1534 257 1569 Et
274 1531 367 1576 juffit'
384 1530 482 1567 isthic
500 1535 565 1568 effe
590 1533 789 1578 Episcopum
811 1558 818 1567 .
845 1533 958 1579 Qare
978 1533 1094 1569 Petrus

204 1581 396 1621 Patriamha
407 1582 654 1618 Alexandrinus
665 1584 770 1626 ipsum
784 1581 1022 1618 inthronizavit
1040 1594 1095 1626 per

205 1628 496 1667 Betaasomnium
506 1632 630 1677 primus
641 1655 649 1664 .
677 1632 721 1665 Et
730 1631 968 1674 ejusjudicium
992 1633 1092 1667 secuti

206 1682 284 1716 fiant
303 1679 410 1724 plures
434 1678 613 1724 Episcopi.
641 1680 766 1714 Verum
790 1681 986 1724 nescioquis
1004 1681 1093 1715 Con-

206 1729 508 1774 ssantinopolitanae
531 1730 680 1764 Ecclefiae
702 1729 873 1774 Presbyter
890 1730 1003 1766 oderat
1015 1733 1093 1766 Gre-

207 1781 340 1826 gorium'
354 1804 368 1821 ,
395 1791 493 1824 atque
503 1781 548 1815 ita
575 1778 707 1815 Petrum
721 1792 775 1825 per
786 1781 967 1816 calumnias
978 1782 1095 1826 perdu-

207 1830 262 1865 xit
281 1830 536 1866 in'contrariam
555 1830 748 1865 sententiam
773 1855 781 1863 .
805 1832 1017 1880 Qapropter
1038 1831 1092 1866 hic

207 1880 300 1915 venit
318 1879 648 1924 Constantinopolim
660 1905 671 1921 ‚
697 1880 827 1915 &intra
838 1883 978 1926 privatas
988 1882 1070 1916 aedes
1083 1905 1093 1921 ,

208 1929 301 1975 quod
321 1929 437 1964 Ariani
458 1928 575 1965 adhuc¹
586 1941 733 1966 tenerent
747 1930 928 1972 Ecclesias,
955 1933 990 1967 in
1004 1933 1092 1966 illius

206 1979 351 2016 civitatis
367 1981 568 2025 Episcopum
579 1982 779 2016 consecravit
790 1981 980 2017 Maximum
992 1983 1093 2027 Cyni·

209 2040 287 2064 cum
301 2055 308 2062 .
337 2030 384 2064 Ea
406 2041 455 2065 res
474 2032 582 2065 movit
603 2042 711 2066 totum
731 2032 905 2067 Orientem
920 2047 931 2066 .-
960 2034 1093 2067 Arianis

209 2077 467 2114 motibushunc
488 2080 736 2123 super-addidit.
764 2081 1000 2118 Plurimienim
1023 2083 1094 2116 dili-

207 2128 331 2174 gebant
353 2129 550 2173 Gregorium
573 2154 580 2162 .
618 2129 723 2164 Porro
744 2131 948 2166 Orientalem
981 2133 1094 2167 Eccle-

208 2181 287 2213 finm
299 2187 492 2222 purgaturus
501 2180 536 2213 δε
547 2190 717 2222 pacaturus
740 2179 828 2225 Papa
841 2181 1004 2216 Damasus
1014 2207 1024 2222 ,
1052 2182 1093 2218 ab

207 2229 407 2271 imperatore
427 2226 620 2262 Theodofio
638 2229 770 2273 rogavit
789 2231 974 2274 generalem
987 2233 1092 2274 Syno-

1856 121 1875 152 1
1893 122 1910 152 1
1922 121 1955 168 7

1151 184 1294 224 buimus,
1308 187 1344 216 tn
1365 193 1421 225 quo
1443 184 1481 216 de
1504 184 1683 226 Episcopatu
1703 187 1766 229 ejus
1790 182 1928 223 dubitare
1935 191 2025 233 poffe⁴

1147 246 1233 275 mus,
1261 243 1324 281 cum
1346 238 1410 278 vim
1419 232 1477 277 fibi
1493 241 1673 279 repugnanti
1694 238 1713 267 ιὶ
1730 238 1876 283 plerisque
1886 245 1976 274 etiam
1985 241 2023 274 de

1145 286 1250 328 populo
1268 285 1302 318 θ
1316 284 1411 317 clero
1429 283 1551 325 testatus
1573 282 1650 327 esset
1678 286 1796 320 illatam
1814 313 1823 321 .
1851 290 1895 324 Et
1917 290 2021 324 infr-a:

1149 338 1234 380 ‚Quia
1242 335 1350 369 revera
1360 334 1590 378 advertebamus
1601 337 1777 378 Gregorium
1787 349 1972 381 nequaquam
1978 339 2027 384 seo*

1146 386 1273 419 cundum
1302 384 1498 418 traditionem·
1524 387 1652 418 Parrum
1689 385 2026 429 Constantinopolitanae

1149 433 1286 475 Ecclefiae
1303 433 1360 477 fibi
1380 436 1580 469 sacerdotium
1598 436 1755 471 vindicare
1774 460 1782 467 .
1812 435 1854 469 Et
1879 440 2022 473 rursum:

1150 485 1327 519 Nec‘Iarium
1341 494 1441 518 autem
1449 496 1513 519 cum
1532 494 1624 528 nuper
1635 485 1729 527 nostra
1740 486 1933 519 Mediocritas
1953 494 2027 521 Con.

1143 535 1332 577 stantinopolr
1342 542 1510 579 cognoverit
1518 537 1690 570 ordinatum
1704 561 1714 574 ,
1739 535 1882 569 cohaerere
1904 548 2030 570 commu·

1150 590 1263 619 nionem
1275 585 1399 625 nostram
1420 597 1486 619 cum
1498 586 1696 622 Orientalibus
1705 586 1846 628 partibus
1860 598 1917 619 non
1936 588 2029 620 vide-

1150 645 1233 674 mus,
1260 633 1431 678 Praesertim
1460 648 1524 671 cum
1545 637 1584 669 ab
1609 635 1714 679 iisdem
1737 631 1898 671 Nedarius
1910 637 2035 670 dicatur*

1151 682 1290 725 illicofine
1300 691 1506 719 communionis
1526 686 1666 730 confhrtio
1687 686 1840 727 destitutus
1851 712 1862 728 ‚
1888 690 1908 721 ἃ
1920 686 2029 729 quibus

1144 732 1251 776 fuerat
1262 736 1414 768 ordinatus
1426 761 1432 768 .
1461 740 1534 769 Non
1545 738 1700 770 mediocris
1711 742 1800 780 igitur
1809 736 1856 770 bic
1861 736 2030 780 scrupulus.

1151 787 1219 817 Nec
1229 785 1366 826 quaedam
1377 797 1428 818 nos
1438 792 1522 830 angit
1534 787 1571 818 de
1582 787 1729 826 domestico
1733 787 1830 826 studio
1847 788 1880 821 (ν’
1899 787 2031 823 ambitlo-

1151 843 1187 866 ne
1215 840 1359 869 contentio
1380 859 1390 875 ‚
1413 834 1470 878 sed
1497 842 1657 870 communio
1672 835 1770 879 soluta
1797 839 1831 870 Ε’ῡ·
1857 838 2007 882 diffamata
2021 862 2029 870 .

1148 886 1219 929 *Nee
1240 885 1380 918 videmus
1407 897 1472 919 eam
1488 884 1574 929 posse
1596 887 1685 920 aliter
1696 887 1854 920 convenire
1875 887 1931 927 nifi
1938 897 1992 921 aut
2004 893 2031 921 is

1151 934 1295 967 reddatur
1315 931 1566 978 Constantinopoli
1584 961 1595 978 ‚
1620 943 1673 980 qui
1691 943 1776 979 prior
1794 935 1832 977 est
1851 938 2007 970 ordinatus
2018 961 2031 978 ,

1151 991 1204 1016 aeut
1224 983 1398 1026 certe’super
1420 987 1538 1018 duorum
1551 987 1746 1020 Ordinatione
1758 985 1796 1029 fit
1805 991 1837 1019 ln
1848 986 1923 1019 Urbe
1935 989 2032 1019 Roma

1151 1031 1278 1075 nostrum
1290 1056 1301 1072 ‚
1318 1035 1569 1076 orientaliumque
1579 1037 1759 1071 Concilium.
1788 1037 1931 1071 Maximi
1944 1037 2033 1071 ordi-

1153 1082 1324 1118 nationem
1338 1106 1350 1122 ,
1376 1084 1454 1126 quia
1474 1084 1613 1127 priorem
1631 1095 1777 1128 tempore
1789 1113 1799 1128 ,
1825 1088 1858 1121 δε
1871 1087 1968 1121 bonis
1982 1087 2034 1121 υἰέ

1153 1142 1226 1169 xam
1238 1131 1411 1176 principiis
1422 1157 1433 1173 ,
1458 1133 1582 1168 ducunt
1595 1135 1779 1179 legitimam
1791 1160 1802 1174 ,
1813 1137 1951 1180 ideoque
1961 1137 2031 1181 ejus

1151 1182 1402 1228 appellationem
1413 1183 1556 1217 scribunt
1569 1183 1585 1216 a
1598 1184 1627 1217 se
1639 1184 1809 1218 admissam
1822 1210 1829 1216 .
1858 1185 1902 1218 Et
1926 1188 2033 1229 ipsum

1154 1232 1403 1267 revestive'runt:
1430 1237 1536 1277 Itaque
1544 1245 1606 1267 cum
1617 1236 1789 1267 Maximum
1799 1232 1979 1277 Epifiopum
1999 1241 2035 1268 in

1154 1288 1379 1317 communionem
1396 1291 1561 1325 receperunt
1585 1284 1681 1325 nostra
1702 1282 1867 1327 consortia,
1892 1290 2035 1326 quoniam

1154 1342 1221 1367 eum
1242 1332 1351 1373 constat
1370 1335 1394 1366 ὰ
1411 1332 1573 1368 Catholicis
1595 1333 1750 1377 Episcopis
1769 1335 1936 1367 ordinatum
1947 1360 1957 1375 ,
1984 1344 2036 1368 nec

1154 1393 1207 1415 nos
1230 1383 1269 1415 ab
1288 1380 1485 1426 Episcopatus
1519 1384 1837 1427 constantinopolitam·
1854 1390 2036 1426 putavimus

1149 1436 1292 1475 petitione
1324 1435 1534 1467 removendum
1551 1459 1559 1468 .
1585 1434 1647 1470 Per
1664 1434 1721 1478 fica
1742 1433 1895 1477 consortia
1913 1434 2038 1469 intelli-

1154 1493 1239 1526 gunt
1251 1481 1514 1518 Alexandrinam
1528 1484 1700 1518 Ecclesiam
1711 1508 1723 1525 ,
1740 1495 1884 1519 ⁴omnem
1905 1483 2041 1531 AEgypi

1155 1538 1224 1565 tum
1237 1554 1249 1572 ‚
1276 1542 1313 1564 ac
1323 1542 1457 1578 omnem
1467 1534 1741 1570 communionem
1753 1535 1883 1570 Paulini
1904 1534 2039 1570 Patriat-

1153 1580 1223 1614 chae
1243 1579 1468 1615 Antiocheni.
1497 1582 1554 1616 Ab
1571 1583 1622 1616 his
1635 1607 1646 1623 ‚
1673 1585 1863 1618 Maximum
1882 1586 2040 1628 recipien-

1154 1630 1241 1663 tibus
1253 1654 1264 1670 ,
1290 1630 1381 1673 ajunt
1391 1631 1421 1665 se
1433 1643 1500 1665 non
1513 1633 1601 1675 poffe
1613 1632 1776 1677 dissociari
1790 1659 1797 1666 .
1824 1634 1918 1668 Hinc
1931 1634 2039 1677 ipsum

1153 1678 1333 1713 admittunt
1366 1681 1413 1713 uti
1447 1681 1858 1726 Constantinopolitanum
1897 1684 2039 1726 Episco-

1155 1738 1231 1772 pum
1242 1751 1253 1767 ‚
1280 1728 1455 1762 revestiunt
1466 1753 1477 1769 ,
1505 1730 1539 1762 ἀ
1549 1731 1662 1763 omnia
1674 1741 1788 1774 parant
1801 1732 1840 1766 ad
1855 1734 2039 1767 retrastato-

1152 1781 1239 1812 rium
1259 1777 1441 1822 Iudicium.
1470 1778 1568 1814 Recta
1590 1780 1731 1815 afferunt
1742 1780 1832 1816 hunc
1851 1782 2038 1826 scrupulum

1154 1839 1222 1863 non
1244 1828 1305 1862 esse
1318 1827 1512 1864 mediocrem
1526 1855 1532 1862 .
1563 1830 1663 1864 Erant
1690 1832 1723 1865 δε
1734 1833 1839 1876 plures
1847 1832 2039 1877 graviffimae

1151 1879 1347 1923 quaestiones
1357 1903 1368 1919 ‚
1395 1879 1567 1923 spectantes
1580 1881 1620 1914 ad
1633 1879 1731 1916 fidem
1758 1883 1792 1916 &
1804 1893 1914 1926 pacem
1927 1883 2041 1918 utrius²

1123 1950 1125 1952 -
1153 1940 1217 1972 que
1232 1929 1379 1963 Ecclefiae
1390 1953 1398 1961 .
1425 1930 1519 1964 Hinc
1531 1932 1714 1975 generalem
1728 1958 1738 1973 ,
1749 1932 1866 1967 Romae
1876 1933 2040 1967 celebran-

1122 1976 1125 1982 ’
1152 1981 1246 2019 dam,
1271 1979 1305 2014 &
1326 1979 1619 2025 semelaPrincipe
1630 1982 1812 2017 concessam
1826 2008 1837 2024 ,
1864 1982 2041 2026 Synodum

205 2277 306 2318 dum,
336 2277 520 2311 faciendam
544 2277 660 2311 Romae
682 2301 690 2310 .
715 2279 759 2312 Et
782 2279 968 2323 impetravit
988 2306 996 2313 .
1025 2280 1108 2315 Ve-.

206 2327 281 2361 rum
291 2327 478 2361 Orientales
491 2328 645 2371 Episcopi
666 2339 707 2361 ex
725 2330 824 2363 caufis
835 2331 1012 2365 noluerunt
1025 2332 1091 2366 Ro-

205 2385 297 2410 mam
307 2377 479 2417 accedere,
507 2378 679 2419 synodum
699 2389 834 2424 egerunt
855 2380 1090 2415 Constantino-

208 2426 277 2470 poli
289 2451 301 2468 ,
326 2436 364 2460 ac
375 2437 416 2459 ex
427 2427 518 2460 istius
530 2427 673 2461 civitatis
686 2428 884 2472 Episcopatu
900 2441 969 2464 non
981 2431 1088 2465 solum

206 2475 406 2522 Gregorium
419 2501 430 2517 ‚
456 2474 508 2510 sed
527 2477 626 2511 ctiam
636 2476 825 2513 Maximum
844 2478 1026 2522 ejecerunt,
1051 2493 1089 2515 ac

209 2527 391 2570 imposuere
411 2525 598 2560 Nectarium
618 2552 628 2567 ,
656 2525 766 2563 adhuc
785 2528 1068 2565 Cathecumenum
1081 2557 1088 2564 .

202 2575 420 2616 Addiderunt
442 2574 579 2610 schisma
601 2576 789 2619 schismati,
815 2580 848 2614 δε
861 2579 967 2614 eidem
980 2580 1090 2615 Eccle-

209 2627 258 2660 fiae
267 2625 427 2661 dederunt
441 2636 503 2660 tres
516 2627 696 2670 Episcopos
706 2653 713 2660 .
740 2628 823 2663 Haec
835 2630 910 2664 sunt
922 2630 1090 2666 succeffivc

207 2677 291 2710 facta
303 2687 358 2724 per
368 2674 448 2709 duas
461 2676 494 2709 in
509 2677 620 2711 eadem
633 2678 766 2714 civitate
784 2678 936 2722 synodos
946 2704 955 2713 .
981 2680 1089 2715 Prima

210 2726 306 2770 ejecit
328 2725 542 2765 Maximum,
566 2727 599 2760 &
621 2725 778 2763 stabilivit
799 2730 1019 2775 Gregorium3
1047 2732 1090 2766 se·

209 2776 316 2811 cunda
328 2775 526 2821 Gregorium
536 2776 675 2820 abjecit,
702 2778 1003 2823 &superordinavit
1025 2782 1089 2817 Ne-

212 2826 343 2860 naxium
365 2852 373 2860 .
401 2826 492 2861 Hinc
520 2826 689 2861 Maximus
721 2830 894 2873 appellavit
923 2829 1088 2867 Romam.

212 2873 354 2910 Acceffit
374 2875 415 2911 ad
438 2876 534 2911 isthic
563 2877 740 2913 adunatam
762 2878 819 2914 sub
839 2879 981 2917 Damaso
992 2883 1091 2917 Occi·

211 2923 377 2960 dentalc'm
401 2927 572 2970 Synodum
586 2952 593 2960 .
621 2929 667 2963 Et
683 2928 751 2972 ejus
769 2931 945 2974 appellatio
963 2933 1026 2967 fuit
1037 2931 1091 2967 ad-

211 2972 324 3009 miffa.
351 2974 529 3012 Rationem
550 2978 606 3012 dat
630 2980 757 3023 praefata
782 2981 943 3016 Romanae
963 2981 1090 3025 Synodi

211 3023 255 3058 ad
271 3021 495 3061 Theodofium
504 3028 661 3072 epistola:
688 3031 825 3064 Net‘larii
836 3033 993 3065 Ordinatio
1003 3044 1090 3076 quem

214 3074 349 3107 ordinem
369 3072 525 3118 babuerit,
551 3090 609 3112 non
628 3081 784 3115 videmus.
816 3086 959 3125 Namque
970 3089 1003 3116 in
1013 3088 1093 3116 Con-

211 3124 277 3157 cilio
299 3132 412 3165 nuper,
437 3136 501 3159 cum
523 3131 678 3164 Maximus
699 3130 864 3176 Episcopus
875 3134 1089 3168 Alexandrina*

214 3171 350 3216 Ecclofiae
371 3180 592 3211 communionem
612 3192 733 3216 manere
753 3180 852 3226 sertim
865 3207 876 3223 ,
900 3182 984 3217 tems
1005 3187 1089 3218 Petri

209 3222 327 3266 sant‘lae
348 3231 493 3258 memoriae
514 3230 580 3259 Viri
598 3229 730 3273 litteris,
751 3232 940 3276 prodidiffet,
970 3233 1089 3278 ejusque

214 3282 299 3306 antra
305 3279 452 3315 privatas
463 3276 545 3309 aedes
553 3301 564 3316 ,
592 3283 662 3319 quta
669 3285 775 3316 Ariani
787 3282 930 3325 Bafilicas
939 3284 1037 3319 adbuc
1046 3296 1087 3320 te-

214 3322 347 3364 nebam,
368 3323 511 3368 secretum
530 3327 581 3369 esse
605 3331 831 3366 mandatoribus
842 3333 999 3378 Episcopis
1009 3337 1084 3369 orda-

213 3373 357 3417 nantibus
369 3399 381 3416 ,
406 3376 538 3410 dilucida
557 3376 750 3419 testificatione
771 3383 901 3428 docuisset
912 3409 924 3426 ‚
949 3385 1028 3419 nibil
1035 3385 1087 3418 ba·

1151 2031 1287 2064 censent
1310 2031 1605 2072 per-necessariam,
1632 2032 1774 2074 ideoque
1795 2044 1913 2077 rogant
1936 2034 2041 2078 ipsam

1152 2078 1289 2114 concedi
1301 2079 1413 2113 denuo
1425 2103 1435 2122 ‚
1447 2080 1481 2114 δε
1492 2081 1678 2116 Orientales
1691 2084 1872 2127 Episcopos
1883 2082 1924 2117 ad
1936 2085 2041 2129 ipsam

1152 2128 1325 2172 compelli.

1204 2179 1334 2212 Primus
1343 2189 1423 2224 ergo
1436 2181 1577 2214 Domini
1589 2179 1860 2227 Archi-Episcopi
1872 2196 1961 2219 error
1971 2184 2017 2218 est
2027 2206 2039 2223 ,

1151 2230 1240 2271 quod
1255 2227 1407 2263 Romana
1418 2230 1477 2264 ista
1490 2230 1643 2274 Synodus
1653 2258 1664 2273 ‚
1693 2232 1879 2269 absentibus
1890 2236 2041 2269 Orienta-

1153 2278 1239 2311 libus
1251 2278 1421 2321 Episcopis
1433 2303 1444 2319 ,
1471 2280 1510 2313 de
1522 2282 1663 2316 Maximi
1676 2284 1874 2328 Episcopatu
1888 2285 1975 2319 nihil
1987 2294 2042 2318 vo·

1152 2329 1249 2362 luerit
1270 2326 1460 2363 decernere.
1487 2330 1627 2365 Etenim
1644 2333 1788 2368 decrevit
1800 2334 2042 2368 admittendam

1152 2378 1220 2421 ejus
1241 2388 1311 2412 non
1331 2379 1503 2413 dumtaxat
1521 2382 1770 2424 appellationem
1783 2407 1793 2423 ‚
1823 2384 1873 2418 sed
1901 2385 1934 2418 δε
1954 2396 2044 2418 com·

1154 2428 1366 2469 munionem,
1391 2430 1499 2472 ipsum
1519 2432 1704 2471 revestivit,
1732 2445 1830 2478 atque
1852 2435 1981 2468 admifit
1999 2434 2057 2468 ad·

1154 2478 1409 2512 retrastatorlum
1433 2478 1598 2521 Judicium
1612 2506 1618 2512 .
1647 2482 1766 2517 Hocce
1799 2494 1909 2517 tamen
1946 2484 2042 2526 Judi-

1151 2529 1240 2562 cium
1254 2552 1264 2569 ,
1292 2528 1367 2572 quia
1380 2539 1447 2561 non
1460 2529 1639 2565 mediocres
1650 2530 1947 2575 comprehendebat
1958 2534 2041 2567 scru-

1152 2579 1247 2623 pulos
1259 2603 1268 2618 ‚
1294 2577 1450 2612 inchoare
1462 2579 1569 2613 noluit
1581 2605 1592 2620 ,
1619 2580 1677 2615 nifi
1700 2580 1733 2614 in
1746 2583 1918 2616 communi
1931 2584 2040 2626 Syno-

1152 2629 1196 2662 do
1210 2652 1217 2660 .
1245 2628 1433 2663 Maximum
1446 2629 1607 2664 revestivit
1632 2630 1673 2664 ad
1684 2630 1776 2665 illum
1789 2632 1923 2667 modum
1935 2658 1946 2675 ‚
1969 2644 2039 2679 quo

1153 2690 1247 2713 antea
1260 2678 1392 2713 vestitus
1403 2679 1505 2714 fuerat
1516 2706 1523 2712 .
1554 2680 1686 2714 Etenim
1700 2682 1765 2725 ipse
1779 2695 1948 2727 nunquam
1963 2685 2039 2718 fue-

1154 2740 1202 2762 rat
1224 2729 1377 2772 pacificus
1400 2729 1559 2764 possessor
1581 2731 1672 2765 istius
1685 2732 1849 2768 Ecclcfiae.
1880 2733 1947 2768 Uti
1970 2733 2039 2768 Ne-

1154 2777 1268 2813 starius
1292 2779 1346 2822 ipsi
1363 2804 1374 2819 ,
1401 2779 1444 2814 ita
1466 2782 1530 2823 ipse
1544 2781 1606 2815 fuit
1625 2782 1887 2824 superordinatus
1910 2784 2038 2829 Grego-

1155 2829 1233 2863 rio'.'
1250 2830 1402 2863 Romana
1423 2829 1576 2874 Synodus
1596 2831 1700 2875 ipsum
1722 2836 1852 2877 reponit
1878 2835 1912 2867 in
1936 2832 2036 2867 istum

1154 2880 1270 2914 statum
1283 2903 1290 2910 .
1318 2878 1476 2915 Notanda
1492 2883 1566 2915 sunt
1577 2881 1718 2925 epistolae
1729 2883 1823 2918 verba
1835 2898 1846 2917 :
1874 2888 1961 2916 Nam
1971 2894 2038 2916 cum

1152 2928 1342 2974 cognowffent
1363 2930 1550 2966 Orientales
1574 2931 1726 2976 Episcopi
1753 2957 1765 2973 ,
1803 2933 1858 2976 qui
1885 2933 2039 2978 generale
2059 2960 2061 2964 .

1153 2980 1345 3014 Romanum
1357 2979 1550 3015 Concilium
1561 2980 1804 3018 declinaverant
1815 3007 1826 3023 ‚
1852 2982 1886 3016 &
1898 2985 2037 3026 particu-

1152 3031 1216 3066 lare
1227 3029 1519 3075 Constantinopoli
1535 3032 1739 3066 celebrabant
1754 3057 1764 3072 ,
1790 3034 1834 3067 ad
1841 3032 1892 3066 hoc
1899 3038 2036 3075 partium

1151 3082 1258 3125 vemffe
1269 3085 1438 3115 Maximum
1449 3106 1459 3122 ,
1484 3091 1517 3114 ut
1528 3080 1645 3125 causam
1661 3087 1693 3114 in
1704 3085 1811 3123 synodo
1820 3093 1919 3127 ageret
1928 3082 2031 3126 fitam,

1150 3143 1215 3165 cum
1234 3143 1301 3165 eum
1320 3136 1447 3174 experiri
1470 3133 1634 3165 adversum
1645 3144 1693 3166 eos
1708 3158 1718 3173 ‚
1744 3139 1796 3176 qui
1817 3132 2033 3178 Episcopatum

1148 3184 1215 3224 eju:
1228 3181 1416 3222 abnuerant,
1439 3182 1655 3225 compertffenr,
1678 3183 1843 3226 praestolari
1866 3189 1968 3229 urique
1992 3194 2036 3217 er-

1149 3239 1210 3267 iam
1228 3233 1356 3274 nostram
1373 3230 1461 3275 super
1473 3243 1505 3266 eo
1519 3230 1702 3275 sententiam
1713 3233 1894 3268 debuerant.
1930 3235 2034 3268 Affir-

1151 3294 1243 3319 mant
1272 3284 1459 3318 Maximum
1491 3293 1566 3318 ante
1593 3283 1737 3318 Nectarii
1776 3285 2034 3321 Ordinationem
2049 3324 2051 3326 ,

1151 3334 1358 3377 provocasse,
1383 3332 1626 3376 ideoqueistam
1641 3334 1785 3369 debuisse
1798 3334 1971 3379 suspendi,
1999 3336 2034 3369 &

1150 3384 1212 3420 effe
1223 3389 1292 3421 non
1305 3393 1413 3419 veram
1426 3383 1680 3420 Ordinationem
1692 3410 1703 3427 ,
1730 3385 1783 3421 scd
1795 3394 1985 3421 attentatam
1999 3384 2035 3418 δι·

1856 3435 1985 3469 damna—
