2326 3718
676 142 974 188 Romnum
1010 130 1598 187 Apperrmromnosss

249 242 282 268 re
290 246 302 265 ι
324 228 457 265 Etenim
470 228 492 262 fi
507 227 676 263 Gallicana
688 227 830 263 Ecclesia
842 226 1032 261 Romanum
1054 223 1122 258 An·

245 282 378 316 tistitem
405 280 560 324 agnoscat
581 280 615 314 δε
637 287 805 313 veneretur
819 287 853 311 ut
866 278 956 311 suum
970 289 1007 311 ac
1021 275 1122 311 totius

245 328 435 363 Occidentis
460 327 678 364 patriarchale
702 327 834 372 Caput,
859 325 1031 371 quomode>
1056 326 1122 369 ejus

243 378 395 422 Episcopi
424 390 493 414 non
505 381 643 423 spectant
659 376 697 413 ad
708 377 778 422 ejus
788 376 958 420 Synodum
969 377 1003 410 ὅ(
1016 376 1122 410 conse·

242 429 424 463 crationem
438 431 450 463 ?
477 431 558 464 Haec
569 431 656 464 enim
669 429 744 462 sunt
757 428 822 462 duo
835 424 1058 462 patriarchalis
1076 425 1123 459 di·

243 479 381 525 gnitatis
403 480 565 515 nobiliora
576 480 697 523 capita.
725 478 813 525 Qis
836 475 900 512 hoc
915 477 1006 521 jure,
1030 476 1120 519 quod

243 541 315 564 non
328 530 388 564 soli
400 528 760 572 Constantinopolitani
773 529 806 562 ὅ(
817 526 1099 562 chalcedonenses
1110 549 1121 565 ,

243 577 296 614 sed
317 581 416 615 etiam
434 579 565 614 Nicaeni
591 578 744 613 Canones
757 578 951 613 confirmant
968 573 1121 609 omnibus

242 627 437 665 Patriarchis
449 653 460 670 ‚
472 628 563 663 exuit
572 629 759 664 Romanum
772 630 785 662 ?
811 627 914 674 Qod
925 626 1014 660 enim
1025 623 1123 658 Chal.

242 679 438 715 cedonenses
448 679 482 712 ἀ
494 678 854 721 Constantinopolitani
870 676 1040 711 videantur
1052 675 1121 709 san-

242 730 309 764 cire
335 729 376 764 de
396 728 473 763 solis
491 728 739 768 Orientalibus,
764 728 865 761 oritur
875 737 916 760 ex
931 726 1024 760 avitae
1035 735 1122 759 reve-

240 779 355 814 rentiae
372 779 485 824 regula
498 804 509 820 ,
535 791 576 813 ex
588 789 651 822 qua
679 777 806 812 nullutn
829 774 979 822 generale
1000 775 1121 809 Conci-

241 828 326 863 lium
338 830 529 873 praesumpsit
540 827 663 872 aliquid
674 826 870 862 constituere
888 828 980 870 supra
1001 826 1121 860 Roma-

242 889 321 913 nam
345 879 541 920 Ecclesiam,
569 879 671 912 sciens
693 877 744 911 illi
767 875 786 910 a
805 876 958 911 Domino
976 875 1121 910 concessa

242 928 377 963 omnia.
404 927 501 963 Certe
524 927 585 961 isto
608 926 775 969 praesertim
801 925 844 960 ad
866 923 1121 960 patriarchalem

242 977 415 1020 synodum
437 974 598 1009 evocandi
619 973 810 1009 Gallicanos
835 973 1017 1017 Episcopos
1054 974 1123 1018 jure

240 1027 395 1061 Romana
419 1024 560 1058 Ecclesia
584 1025 706 1068 semper
716 1024 779 1058 fuit
790 1025 899 1069 gavisa
911 1024 944 1058 δε
957 1025 1011 1058 usa
1025 1047 1032 1055 .
1061 1024 1123 1057 Et-

240 1075 331 1110 enim
351 1074 505 1108 Romana
530 1073 706 1115 synodus,
734 1074 768 1108 in
791 1085 857 1118 qua
881 1074 1014 1109 Sanetus
1040 1072 1125 1108 Mel·

239 1123 372 1160 chiades
383 1123 551 1158 damnavit
563 1123 753 1159 Donatistas
764 1147 774 1163 ‚
800 1124 863 1158 fuit
873 1121 1102 1159 patriarchalis
1115 1135 1122 1155 ι

240 1174 286 1209 Et
302 1174 344 1209 ad
368 1174 471 1218 ipsam
494 1173 621 1208 evocati
635 1175 730 1215 sunt,
755 1183 854 1218 atque
872 1183 1124 1218 comparuerunt

241 1224 434 1259 illustriores
451 1223 635 1258 Galliarum
646 1223 823 1258 Antistites
835 1249 842 1256 .
870 1224 946 1259 Scio
958 1225 1034 1259 illos
1044 1235 1125 1259 evo-

241 1283 334 1308 catos
356 1284 410 1317 per
432 1274 554 1308 sacram
563 1272 735 1316 juffionem
748 1272 955 1318 Imperatoris
966 1274 1127 1309 Constan-

243 1323 325 1359 tini:
354 1323 402 1357 At
412 1322 466 1357 illa
479 1324 562 1358 fasta
575 1323 620 1358 est
632 1322 810 1359 secundum
821 1323 994 1359 Canones.
1014 1324 1127 1358 Etiam
1156 1368 1159 1370 ,

241 1373 349 1418 prima
380 1371 580 1407 Arelatensis
602 1373 757 1417 synodus
777 1373 842 1408 fuit
873 1372 1104 1409 Patriarchalis
1117 1387 1127 1407 .-

242 1423 440 1459 Convocata
463 1433 501 1458 ac
523 1422 643 1458 diresta
663 1434 719 1467 per
728 1424 881 1459 Sanstum
905 1423 1127 1468 Sylvestrum.

243 1471 291 1506 Et
305 1471 420 1507 habuit
432 1472 626 1508 Gallicanos
639 1473 818 1517 Episcopus
828 1498 836 1505 .
866 1472 956 1508 Idem
967 1473 1129 1516 sylvester

244 1522 289 1556 ad
308 1522 480 1558 Nicaenam
502 1521 675 1564 synodum
697 1522 913 1556 transmittere
936 1522 1042 1555 voluit
1060 1533 1128 1555 non

245 1570 335 1606 solos
343 1571 418 1606 suos
429 1594 441 1611 ,
467 1570 522 1605 sed
533 1570 661 1613 insuper
673 1571 817 1615 Legatos
830 1572 890 1605 suae
901 1568 1130 1606 Patriarchalis

243 1617 398 1661 synodi,
424 1620 570 1660 itemque
590 1629 667 1651 curn
689 1620 737 1654 sui
755 1619 896 1661 suffragii
909 1619 1129 1663 Praerogativa

242 1666 436 1711 fuffragium
456 1665 549 1700 istius
569 1664 714 1709 synodi:
745 1667 841 1701 Hinc
853 1667 894 1701 ad
907 1665 1043 1701 Almam
1061 1667 1130 1702 Ur-

243 1716 323 1751 bem
345 1715 541 1750 convocavit
563 1716 724 1751 ducentos
746 1717 913 1760 sexaginta
925 1718 1047 1761 septem
1064 1717 1130 1751 sua-

245 1777 322 1802 rum
333 1765 522 1801 Dioecefion
537 1765 735 1809 Episcopos‚
763 1767 849 1813 Qis
870 1767 1034 1802 inficietur
1054 1766 1129 1801 Gal-

245 1816 388 1851 licanam
410 1816 511 1850 etiarn
532 1814 708 1851 Dioecesim
730 1816 888 1850 adfuisse?
914 1816 1002 1851 Istud
1023 1817 1128 1860 ipsum

245 1877 307 1909 pro
329 1865 588 1901 Chalcedonensi
621 1865 759 1910 Synodo
783 1866 853 1911 egit
880 1866 1014 1901 sanetus
1035 1865 1127 1901 Leo:

245 1915 374 1950 Verum
386 1916 421 1950 in
433 1916 497 1950 alia
510 1917 614 1950 forma
625 1941 633 1948 .
657 1916 786 1951 Omnes
799 1919 870 1950 suas
885 1916 1051 1953 Dioeceses
1060 1917 1128 1952 Ro-

245 1977 336 2000 mam
358 1967 496 2011 fatigare
515 1977 557 2001 ex
580 1967 679 2001 causis
701 1966 842 2006 nolens,
866 1966 1041 2011 juffitipsas
1051 1978 1126 2001 con-

243 2017 373 2061 gregati
386 2017 470 2050 intra
483 2017 557 2051 suos
569 2016 713 2058 limites,
738 2017 820 2052 &ad
832 2018 862 2050 se
873 2017 1047 2051 transmitti
1069 2017 1127 2051 fin-

243 2067 395 2110 gularum
416 2066 581 2108 synodale
603 2067 792 2111 suffragium
810 2092 817 2099 .
845 2066 976 2111 Quanta
995 2078 1072 2101 curn
1083 2078 1126 2100 re-

245 2115 390 2149 verentia
410 2115 589 2149 obediverit
617 2116 791 2149 Gallicana
818 2115 958 2150 Ecclesia
981 2140 994 2157 ,
1031 2116 1128 2150 docet

244 2163 313 2208 ejus
324 2163 528 2207 Rescriptum
544 2164 586 2199 ad
610 2164 808 2199 Pontificem
820 2189 827 2196 .

296 2214 434 2247 Etinter
455 2212 660 2248 authenticas
678 2215 787 2249 Sanffl
810 2215 940 2249 Damasi
956 2214 1128 2249 Pontificis

243 2263 368 2297 litteras
379 2264 466 2297 sexta
477 2262 521 2297 est
532 2262 626 2306 ipsius
641 2263 677 2298 ὅτ,
688 2262 900 2306 Epifioporum
910 2288 921 2304 ,
947 2268 1001 2306 qui
1011 2266 1056 2296 ad
1063 2275 1128 2297 eum

241 2317 277 2347 in
301 2316 470 2346 Romanam
491 2312 597 2347 Urbem
606 2325 644 2346 ex
657 2314 795 2348 Italia&
816 2315 919 2348 Gallia
929 2322 1126 2347 convenerant

244 2374 364 2396 numero
374 2369 537 2407 nonaginta
550 2388 556 2394 .
586 2362 641 2396 Est
656 2362 893 2407 Synodalisiad
903 2362 1125 2406 Illyricianam

243 2413 421 2446 Dioecefim
441 2437 448 2443 .
478 2414 522 2446 Et
542 2411 606 2446 alia
628 2412 670 2446 ad
689 2413 829 2455 ejusdem
851 2413 1008 2446 Dioecefis
1031 2413 1125 2447 Anti-

243 2461 333 2496 stites
344 2461 508 2503 Synodica
519 2462 661 2504 ejusdem
673 2461 846 2497 Pontificis
857 2460 1003 2505 Epistola
1016 2461 1123 2497 habet:

243 2511 444 2555 Significatum
453 2511 491 2554 est
504 2511 587 2544 nobis
610 2514 631 2544 ἃ
654 2511 821 2545 Fratribus
833 2536 844 2552 ,
871 2516 966 2554 quiin
978 2513 1079 2545 Gallia
1090 2515 1125 2547 (ν’

242 2573 314 2605 agro
335 2563 509 2594 Venetorum
531 2561 693 2594 habitant.
723 2561 766 2600 Et
788 2561 912 2596 rursum
938 2573 947 2594 :
975 2562 1124 2595 Gallorum

242 2620 332 2653 atque
353 2615 529 2644 Venetorum
559 2615 705 2644 Fratrum
743 2612 887 2646 relatione
916 2617 1123 2654 comperimus.

243 2660 346 2708 Qod
369 2672 486 2704 nempe
508 2661 623 2699 Galli,
648 2672 715 2695 non
739 2661 848 2696 minus
868 2662 965 2706 quam
979 2661 1122 2704 Veneti,

245 2711 421 2753 spessarent
443 2711 483 2744 ad
503 2708 756 2745 patriarchalem
779 2711 951 2753 Synodum
963 2713 1123 2747 Romanae

245 2760 419 2801 Ecclesiae,
446 2761 489 2794 Et
513 2760 713 2804 Aquileiensi
740 2760 798 2795 sub
808 2760 925 2797 eodem
936 2761 1119 2802 pontifice,

242 2810 332 2854 quod
343 2808 572 2845 Patriarchalis
583 2811 723 2845 formam
735 2809 853 2845 habuit
864 2836 875 2852 ,
902 2811 1057 2847 Concilio
1069 2812 1122 2846 ad-

244 2861 373 2895 fuerunt
395 2860 498 2904 plures
522 2860 684 2895 Gallicani
700 2861 869 2905 Episcopi,
896 2861 1048 2906 &plures
1068 2862 1120 2897 ab·

247 2909 384 2944 sentium
406 2910 522 2955 Legati
545 2936 552 2943 .
583 2910 735 2953 Ejusdem
766 2911 911 2946 Concilii
947 2910 1121 2956 synodalis

247 2957 378 2999 epistola
388 2958 580 2995 habethanc
610 2959 837 3006 Epigraphen:
865 2963 1025 2995 Concilium
1043 2963 1124 3005 quod

247 3013 381 3041 convenit
394 3012 520 3052 Aquileae
533 3035 543 3050 ,
571 3010 760 3051 Ditec‘ltffimis
786 3010 946 3044 Fratribus
962 3011 1120 3054 Epiftopis

250 3058 415 3091 Provinciae
435 3060 654 3103 Viennensium,
681 3063 716 3096 <9⁶
738 3060 991 3102 Narbonensium,
1011 3067 1121 3104 primae

248 3104 441 3147 &secundae·
467 3110 569 3157 Qod
599 3111 793 3154 nempeiflae
814 3112 996 3146 Provinciae
1007 3113 1121 3155 specsta-

247 3165 321 3189 rent
332 3155 371 3189 ad
384 3155 468 3190 idem
482 3159 698 3196 patriarchale
708 3161 897 3206 Collegium
910 3187 917 3194 .
939 3162 1033 3196 Hinc
1045 3162 1123 3206 ejus·

246 3204 324 3238 dem
338 3206 464 3248 Synodi
485 3207 523 3240 ad
533 3209 699 3254 Principes
713 3212 847 3246 Relatio
865 3210 986 3246 habet:
1012 3217 1123 3246 omnes

244 3256 336 3296 prope*
349 3253 485 3297 Episcopi
494 3267 532 3289 ex
542 3260 670 3293 omnibus
684 3263 853 3295 Provinciis
863 3262 1100 3296 occidentalibus
1112 3286 1122 3302 ,

247 3306 332 3344 miffit
345 3305 472 3346 adfuere
488 3309 606 3350 Legati:
618 3332 626 3339 .
654 3310 731 3345 Alia
741 3312 876 3347 Relatio
897 3313 1036 3357 exponit
1050 3312 1123 3346 istas

248 3353 456 3389 Provincias:
485 3357 578 3399 ,Quod
596 3359 616 3389 a
639 3358 722 3391 vobis
734 3361 886 3401 Africanas
909 3363 1121 3398 &Gallicam

246 3403 383 3447 Ecclesiae
390 3413 446 3446 per
458 3410 587 3450 Legatos
611 3405 758 3450 obsecrant
769 3434 777 3441 .

342 3453 451 3495 christ.
462 3460 542 3500 Lupi
553 3462 650 3500 Opera
661 3459 686 3489 T
686 3469 739 3491 om.
752 3462 832 3492 Vnt.

1230 220 1478 256 llluflriffimum
1505 220 1679 256 Gallicanas
1698 219 1891 257 obedientiae
1913 234 1950 257 ac
1972 235 2055 257 reve-

1181 272 1290 308 rentiae
1301 270 1491 315 exemplum
1502 269 1656 304 habemus
1668 271 1685 304 ὲ
1695 272 1780 306 sexta
1792 272 1930 316 Synodo
1943 298 1950 305 .
1979 273 2056 306 San-

1183 324 1250 358 &us
1261 320 1398 366 Agatho
1408 346 1419 362 ,
1446 330 1623 364 antequam
1642 321 1731 353 suam
1745 321 1963 365 Legationem
1976 323 2056 357 mit-

1183 382 1263 408 teret
1285 371 1610 414 Constantinopolim
1634 394 1645 410 ,
1671 373 1865 405 convocavit
1889 373 1979 407 suam
1999 373 2058 407 Pa·

1183 420 1385 458 triarchalem
1398 421 1586 466 Synodum‚
1596 421 1629 456 &
1640 419 1812 454 adfuerunt
1824 420 1976 465 Episcopi
1987 434 2059 457 cen-

1184 482 1255 508 tum
1267 473 1385 518 viginti
1400 472 1566 516 quinque.
1593 470 1681 505 Inter
1691 468 1752 503 hos
1773 478 1862 503 erat.-
1891 472 2058 506 Adeodatus

1185 527 1361 563 Leucorum,
1385 521 1437 566 seu
1449 521 1586 563 Tullensis
1610 518 1796 564 Episcopus,
1824 522 1954 563 Legatos
1975 533 2060 556 vene-

1183 573 1291 608 rabilis
1314 574 1418 613 synodi
1435 581 1493 615 per
1505 573 1672 606 Galliarum
1691 573 1867 604 Provincias
1888 569 2059 610 constitutae.

1185 625 1275 657 Felix
1297 622 1463 666 Episcopus
1486 621 1661 664 Arelatensis
1689 645 1700 661 ,
1727 625 1860 664 Legatus
1881 620 2061 654 venerabilis

1184 674 1287 710 synodi
1304 682 1361 716 per
1373 674 1540 707 Galliarum
1552 676 1732 707 Provincias
1754 670 1933 711 constitutae.
1961 673 2066 703 Tauri-

1186 733 1242 754 nus
1265 726 1415 757 Diaconus
1431 722 1548 769 sanc‘lae
1569 721 1702 763 Ecclefiae
1724 719 1881 763 Telonenfis
1895 746 1905 762 ,
1932 724 2065 764 Legatus

1187 774 1367 807 venerabilis
1378 774 1481 812 synodi
1489 780 1546 813 per
1560 774 1732 805 Galliarum
1743 775 1921 805 Provincias
1930 770 2066 810 constitu-

1187 831 1247 854 tae.
1275 827 1303 856 V
1304 823 1451 864 Vilfridus
1464 821 1629 865 Episcopus
1648 821 1764 864 sanblae
1776 821 1909 862 Ecclesi'ae
1920 820 2066 854 Eboracu-

1187 882 1235 905 nae
1249 895 1259 912 ,
1281 876 1413 917 Legatus
1424 872 1604 907 venerabilis
1619 873 1722 910 synodi
1727 881 1784 914 per
1797 873 1993 905 Britanniam
2002 881 2067 904 con-

1178 920 1292 961 stitutae
1306 947 1313 955 .
1325 924 1500 957 Valentinus
1510 921 1676 965 Episcopus
1683 920 1798 965 sandae
1808 922 1942 964 Ecclefiae
1951 925 2067 964 Aquen-

1182 970 1221 1012 fis
1232 996 1240 1003 .
1270 972 1449 1015 Imperator
1462 972 1700 1008 Constantinus
1719 981 1885 1016 optaverat
1901 971 1996 1005 istam
2008 972 2066 1013 Sy·

1187 1019 1314 1054 nodum
1334 1023 1396 1056 effe
1415 1023 1687 1065 numerosiorem
1713 1022 1824 1057 verum
1844 1033 1902 1058 cur
1921 1023 1984 1057 effe
1999 1032 2071 1056 non

1188 1070 1330 1114 potuerit
1337 1094 1353 1112 ,
1360 1071 1529 1106 audiamus
1538 1070 1556 1105 a
1569 1070 1743 1107 Pontificis
1753 1073 1922 1118 Rescripto
1932 1071 1972 1108 ad
1981 1072 2072 1106 Prin-

1187 1121 1316 1164 cipem:
1344 1120 1414 1163 Nifi
1421 1122 1525 1166 longus
1538 1124 1764 1155 Provinciarum
1785 1123 1934 1164 ambitus,
1961 1130 1992 1156 in
2005 1128 2071 1165 qut·-

1187 1170 1242 1203 bus
1269 1173 1462 1207 Humilitatis
1488 1171 1592 1211 nostrae
1617 1172 1778 1205 concilium
1803 1173 1983 1211 constitutum
2009 1170 2047 1211 eff
2059 1195 2073 1212 2

1188 1227 1269 1255 tanti
1280 1227 1422 1264 temporis
1430 1223 1660 1264 protelationem
1679 1226 1846 1265 ingereret,
1870 1222 1937 1254 olim
1957 1222 2006 1254 hoc
2017 1233 2074 1255 tien-¹

1182 1271 1242 1310 ster
1246 1270 1420 1314 famulatus
1428 1273 1562 1314 impleret
1573 1296 1580 1303 .
1607 1270 1762 1306 Affirmat
1768 1269 1925 1313 familiare
1929 1269 1984 1312 fibi
1995 1276 2074 1304 Con·

1188 1323 1289 1356 cilium
1310 1320 1412 1366 longe
1433 1321 1568 1358 extendi
1598 1347 1605 1354 .
1633 1319 1763 1364 Nempe
1789 1323 1888 1366 usque
1912 1321 1954 1356 ad
1973 1322 2076 1355 Ocea-

1189 1382 1293 1411 num,
1317 1372 1448 1407 &ultra
1477 1373 1600 1416 ipsum.
1627 1372 1673 1407 Et
1696 1371 1851 1415 supponit
1871 1371 2076 1406 omnesistos

1191 1422 1372 1465 Episcopus
1393 1421 1535 1467 obligari
1558 1422 1599 1457 ad
1624 1423 1715 1458 suam
1741 1421 1913 1464 Synodum
1933 1446 1940 1453 .
1969 1421 2011 1456 Et
2033 1420 2077 1456 ad

1190 1472 1345 1507 Faustum
1357 1483 1394 1507 ac
1408 1472 1643 1515 Symmachum
1656 1497 1668 1513 ,
1688 1472 1850 1507 Romanae
1862 1471 1968 1508 Urbis
1979 1473 2078 1506 Sena-

1192 1530 1300 1561 τοι-ες,
1325 1522 1435 1556 scribit
1456 1523 1590 1557 Sanstus
1611 1521 1733 1557 Avitus
1756 1519 1860 1557 Archi
1874 1522 2079 1566 -Episcopus

1192 1569 1390 1604 Viennensis
1404 1584 1411 1603 ι
1425 1576 1541 1605 Fuerat
1550 1573 1623 1604 talis
1628 1572 1725 1611 status
1738 1583 1836 1605 rerum
1844 1571 2055 1613 defiderandus
2063 1593 2076 1610 2

1191 1629 1224 1652 ut
1235 1618 1289 1661 ipſs
1293 1627 1350 1661 per
1361 1631 1412 1653 nos
1421 1620 1527 1654 Urbem
1540 1620 1613 1654 Orbi
1622 1620 1822 1654 venerabilem
1839 1628 1897 1662 pro
1909 1621 2075 1662 dependen-

1191 1668 1240 1699 dis
1251 1670 1398 1707 Divinis,
1423 1668 1618 1711 humanisque
1639 1678 1844 1710 expeteremus
1867 1671 1964 1711 officiis
1978 1695 1985 1702 .
2014 1670 2078 1702 sed

1190 1721 1262 1757 quia
1282 1715 1360 1754 istud
1362 1717 1432 1756 jam
1461 1718 1574 1750 dudum
1588 1726 1648 1759 per
1670 1725 1816 1752 rationem
1838 1726 1999 1759 temporum
2006 1719 2077 1760 fieri

1187 1765 1262 1808 posse
1273 1766 1411 1808 cessavit,
1437 1768 1580 1801 vellemus
1603 1767 1657 1801 vel
1673 1778 1704 1800 eo
1726 1766 1899 1811 securitatis
1921 1769 2074 1810 accedere,

1191 1824 1225 1848 ut
1235 1826 1303 1857 quae
1316 1821 1348 1849 ln
1363 1822 1506 1850 communi
1528 1815 1618 1860 causa
1634 1815 1798 1860 supplicari
1808 1826 1942 1859 oportet,
1966 1820 2078 1861 Ampli-

1191 1867 1264 1898 tudo
1283 1864 1381 1905 vestra
1391 1870 1640 1911 congregatorum
1659 1869 1771 1902 Galliae
1791 1870 1978 1902 sacerdotum
1998 1870 2075 1902 rela-

1190 1920 1268 1948 tione
1291 1914 1454 1959 cognoscat.
1482 1919 1567 1962 Agit
1587 1918 1628 1952 de
1638 1916 1912 1954 patriarchalibus
1932 1918 2077 1961 Synodis

1190 1963 1380 2008 Symmachi
1394 1966 1507 2010 Papae.
1536 1968 1752 2002 Lamentatur
1774 1970 1809 2003 in
1822 1968 1932 2003 Gallia
1944 1968 2077 2003 defecis-

1190 2016 1221 2049 se
1234 2015 1429 2050 Romanum
1443 2017 1616 2060 Imperium
1628 2043 1639 2059 ,
1666 2018 1745 2052 &in
1758 2020 1826 2063 ipsa
1838 2018 1923 2053 varie
1935 2018 2075 2054 lacerata.

1189 2065 1354 2100 dominari
1380 2066 1556 2102 Barbaros:
1584 2068 1628 2101 Et
1649 2066 1731 2102 hinc
1742 2070 1809 2103 duo
1820 2070 1994 2112 praesertim
2005 2080 2076 2103 eve-

1190 2114 1270 2148 nisse
1293 2113 1439 2150 Ecclefiae
1458 2118 1607 2151 vulnera.
1634 2116 1767 2158 Primo,
1795 2119 1883 2162 quod
1905 2119 2075 2155 Gallicani

1190 2163 1342 2207 Episcopi
1353 2174 1422 2210 non
1446 2168 1570 2208 pollent
1583 2167 1716 2202 Almam
1730 2168 1860 2203 Urbem
1882 2169 1923 2204 ad
1935 2170 2075 2205 Patriar-

1188 2212 1296 2247 chales
1307 2214 1459 2257 synodos
1470 2216 1620 2251 accedere
1638 2243 1644 2250 .
1670 2218 1822 2258 Deinde,
1848 2219 1938 2262 quod
1952 2230 2012 2254 nec
2024 2230 2076 2254 to-

1189 2266 1253 2296 rius
1262 2263 1438 2297 Gallicanae
1448 2266 1606 2300 Dioecesis
1616 2268 1770 2310 Synodus
1782 2270 1887 2312 posset
1897 2269 1939 2303 ad
1949 2268 2077 2303 facien·-

1188 2312 1243 2347 das
1257 2313 1401 2348 Romam
1423 2314 1617 2350 Relationes
1637 2318 1834 2352 convenire.
1864 2318 1996 2370 Nempe
2006 2319 2075 2355 bar-

1188 2360 1254 2396 bari
1269 2363 1400 2408 Reges,
1426 2363 1541 2400 invasis
1563 2366 1581 2400 a
1605 2367 1637 2401 se
1650 2366 1846 2408 Ditionibus
1866 2378 2074 2411 metuentes,

1189 2412 1346 2447 nolebant
1366 2414 1546 2459 Episcopos
1565 2416 1629 2450 suis
1649 2416 1771 2452 finibus
1790 2418 1942 2452 excedere
1956 2443 1964 2451 .
1990 2420 2074 2455 Haec

1189 2461 1234 2495 est
1257 2473 1329 2496 vera
1347 2464 1453 2504 ratio,
1480 2476 1523 2497 ex
1547 2476 1608 2506 qua
1622 2466 1787 2501 Gallicani
1803 2468 1958 2511 Episcopi
1969 2480 2077 2512 coepe-

1189 2522 1265 2545 runt
1286 2511 1385 2546 rarius
1398 2511 1672 2549 patriarchalibus
1696 2516 1925 2551 Romanorum
1936 2512 2075 2555 Pontifi-

1190 2561 1418 2604 cumsynodis
1439 2561 1543 2596 adesse
1557 2586 1566 2595 .

1238 2611 1341 2659 Qiod
1353 2612 1392 2645 ad
1404 2610 1496 2646 hasce
1506 2613 1659 2659 Synodqs
1672 2614 1794 2660 semper
1802 2618 1986 2661 spectaverit
1995 2616 2076 2653 Gal·

1189 2661 1231 2695 lia
1242 2684 1253 2700 ,
1278 2663 1383 2705 palam
1398 2662 1484 2696 lucet
1505 2674 1544 2696 ex
1555 2663 1628 2706 ejus
1644 2665 1744 2700 etiam
1758 2666 1788 2700 A
1793 2667 1960 2711 postolicis
1973 2667 2072 2704 Vica-

1188 2712 1259 2744 riis.
1288 2711 1423 2746 Etenim
1448 2712 1809 2758 Romanipontifices‚
1836 2719 1884 2752 uti
1904 2718 1938 2751 in
1964 2717 2070 2761 Illyri-

1187 2773 1251 2801 co,
1278 2760 1322 2795 ita
1344 2762 1426 2796 &in
1450 2762 1559 2798 Gallia
1580 2763 1658 2798 istos
1678 2762 1819 2802 habuere
1838 2793 1846 2800 .
1874 2768 1954 2802 Suas
1973 2767 2068 2803 isthic

1188 2811 1273 2845 vices
1293 2811 1486 2856 delegarunt
1507 2813 1660 2855 AEonio,
1687 2817 1827 2853 Caesario
1845 2841 1857 2858 ,
1884 2817 2067 2860 Auxanio,

1189 2860 1337 2905 Virgilio
1349 2886 1360 2902 ,
1377 2874 1415 2895 ac
1426 2863 1499 2896 aliis
1512 2864 1680 2907 Episcopis
1694 2865 1842 2902 Ecclefiae
1853 2866 2046 2902 Arelatensis
2058 2894 2066 2901 .

1187 2911 1270 2944 Item
1283 2912 1399 2946 Sancto
1412 2912 1573 2958 Remigio
1585 2914 1748 2959 Episcopo
1770 2915 1962 2951 Rhemensis
1973 2942 1980 2950 .
2009 2919 2067 2952 Est

1191 2971 1238 2994 res
1251 2962 1384 3003 antiqua
1396 2988 1403 2995 .
1433 2963 1564 2997 Etenim
1575 2965 1730 2999 Zozimus
1740 2965 1898 3000 Pontifex
1909 2966 2068 3003 Patroclo

1187 3010 1366 3046 Arelatensi
1386 3011 1476 3046 dedit
1496 3014 1564 3047 duo
1590 3027 1596 3045 :
1624 3015 1905 3058 Metropoliticam
1927 3017 2066 3060 potesta-

1186 3070 1251 3095 tem
1280 3062 1372 3105 super
1398 3063 1532 3096 solidam
1561 3062 1725 3099 Narbonae
1749 3066 1961 3102 Provinciam
1988 3092 1999 3107 ‚
2031 3069 2065 3103 ὃς

1189 3111 1395 3154 Apostolicas
1419 3115 1502 3146 vices
1525 3124 1580 3155 per
1593 3114 1748 3158 reliquam
1763 3116 1910 3151 Galliam
1923 3142 1930 3150 .
1959 3117 2064 3152 Porro

1185 3162 1225 3195 de
1246 3161 1362 3195 horum
1385 3162 1592 3197 Vicariorum
1614 3166 1771 3206 potestate
1792 3166 1902 3200 scribit
1929 3167 2063 3202 sanstus

1187 3212 1257 3247 Leo
1284 3212 1324 3247 ad
1351 3211 1556 3246 Anastafium
1580 3213 1908 3251 Thessalonicensem
1932 3218 2062 3261 Episco-

1187 3273 1263 3305 pum
1290 3287 1300 3303 ,
1325 3263 1417 3295 suum
1441 3262 1475 3295 in
1498 3262 1633 3306 Illyrico
1659 3264 1848 3301 vicarium:
1877 3271 1921 3300 De
1936 3266 2062 3310 persona

1184 3311 1370 3355 consecrandi
1382 3310 1541 3355 Episcopi,
1568 3315 1601 3347 <u
1615 3316 1652 3348 de
1663 3317 1744 3349 Cleri
1768 3315 1921 3359 Plebisque
1947 3316 2060 3360 consen·

1181 3360 1215 3405 su
1226 3363 1465 3405 Metropolitanus
1479 3362 1642 3405 Episcopus
1661 3367 1705 3398 ad
1717 3371 1952 3401 Fraternitatem
1976 3376 2060 3399 tuam

1200 3413 1333 3468 referat,
1356 3414 1490 3457 quodque
1500 3420 1533 3447 in
1546 3417 1711 3448 Provincia
1721 3416 1924 3460 beneplacuit,
1945 3415 2018 3457 scire
2030 3423 2059 3448 te

1654 3464 1692 3498 H
1741 3478 1765 3504 2
1956 3463 2009 3506 fa-
