2326 3718
75 1202 137 1233 I-ib.
167 1209 190 1232 Σ.

73 1239 182 1280 Epist-J
187 1245 233 1278 36.

188 1486 189 1489 Ἰ
256 1444 347 1487 spfius
359 1453 474 1476 munere
484 1441 650 1486 fungitur,
672 1451 761 1485 atque
782 1439 845 1484 ipso
865 1447 958 1476 etiam
982 1440 1088 1474 babitu
1109 1441 1143 1472 il-

708 157 989 202 Romoms
1024 148 1598 198 Aptnturiomnus.

249 256 347 283 ,extra
366 245 504 288 sacrificii
528 253 660 288 tempora
673 269 684 285 ,
705 243 813 288 saltem
833 243 918 285 apud
939 241 1129 281 orientales,

250 301 355 341 ,aliquo
373 297 456 329 modo
469 294 591 337 similem
613 301 639 330 ei
663 295 804 334 Pallida,
828 304 885 336 quo
914 292 996 325 hodie
1007 299 1130 324 utuntur

248 344 543 389 Epiftopinostrates
557 371 565 378 .
587 344 752 389 Omopborii
761 343 852 384 huJus
867 349 1041 376 mentionem
1047 340 1130 381 facit

252 395 382 438 lfidorus
406 396 557 438 Pelufiotes
577 421 590 438 ‚
617 402 668 439 qui
687 395 811 428 adnotat
832 393 908 426 illud
925 394 1042 426 laneum
1064 391 1130 423 ideo

247 445 359 489 susse,
383 454 418 480 ut
436 446 603 487 ostendatur
624 453 767 489 quantam
771 449 872 488 gregis
886 440 1076 483 fibicommtffi
1086 450 1130 473 cu-

253 507 324 530 ram
340 507 442 541 gerere
460 496 586 531 debeant
595 493 749 538 Episcopi.
777 495 909 537 Effigiem
930 494 992 533 eius
1008 489 1128 524 exbibet

255 555 347 580 vetus
358 545 503 591 numisma
525 550 713 588 Imperatoris
725 543 867 586 Theodofii
889 543 974 585 apud
985 541 1132 575 Fulvium

254 595 409 639 Ursulum,
434 602 467 630 in
490 607 546 639 quo
571 598 662 629 Beati
673 594 793 637 Apostoli
806 594 965 637 Philippus
992 593 1130 635 &joan-

254 657 309 680 nes
342 646 449 681 babitu
479 643 687 688 Epifioporum
716 643 968 687 repraesentantur
988 665 1000 682 ‚
1035 644 1132 682 capite

255 695 324 740 raso
342 720 354 737 ‚
382 698 418 731 ὃ·
434 706 499 729 cum
518 697 641 729 Palliolo
660 695 709 728 illo
730 694 860 728 crucibus
883 701 1009 731 ornato,
1034 690 1068 723 ὦ*
1092 690 1136 722 ad

252 746 359 789 pedus
369 744 459 789 usque
466 751 652 789 pertingente
663 770 675 786 ,
695 744 785 786 pofito
796 745 943 778 volumine
962 741 1090 784 quodam
1102 744 1134 772 in

255 806 349 830 manu
363 796 496 836 dextra,
522 796 644 829 &cruce
662 792 833 836 infinistra.

304 846 475 881 Dominus
486 844 782 889 Archi-Episcopus
795 844 840 878 est
856 845 980 887 semper
991 852 1076 876 unus
1101 839 1134 873 &

254 894 363 930 idem:
391 896 430 929 ln
441 896 533 930 omni
547 895 678 930 materia
696 896 832 929 seminat
852 895 1013 928 novitates
1038 899 1141 933 atque.

255 956 377 980 errores
395 969 403 976 .
441 944 570 980 Primus
588 946 633 978 est
655 969 667 984 ,
692 944 780 986 quod
800 942 1035 986 Omophorion
1057 963 1068 979 ,
1095 938 1136 972 de

255 1006 325 1038 quo
347 996 481 1030 Sanctus
504 994 642 1027 lfidorus
655 993 833 1030 Pelusiotes
849 1015 861 1031 ,
883 992 920 1025 sit
940 989 1136 1024 hodiernum

255 1043 452 1078 nostratium
472 1041 708 1086 Episcoporum
728 1040 906 1076 Palliolum
919 1065 931 1081 ,
958 1041 1020 1074 five
1044 1039 1137 1072 Moz-

253 1101 341 1128 zetta
351 1116 364 1134 ‚
388 1103 457 1136 quo
469 1092 655 1127 Graecorum
669 1091 842 1126 Antissites
867 1091 1044 1125 utebantur
1055 1089 1137 1122 olim

256 1150 348 1179 extra
367 1142 526 1177 Sacrificii
550 1152 713 1186 tempora.
740 1142 839 1176 Error
860 1142 947 1176 lucet
970 1152 1011 1175 ex
1033 1138 1137 1174 Sanffi

256 1192 371 1228 Ifidori
395 1192 517 1227 verbis:
544 1193 691 1226 Idautem
711 1193 887 1232 amiculum,
913 1193 992 1234 quod
1000 1190 1137 1224 sacerdos

253 1242 387 1278 humeris
394 1241 489 1286 gestat
500 1267 511 1283 ,
536 1250 626 1285 atque
636 1254 675 1276 ex
686 1242 761 1275 lana
772 1267 784 1283 ,
810 1253 869 1275 non
879 1253 917 1275 ex
942 1243 1003 1275 lino
1021 1249 1138 1274 contex-

255 1304 322 1334 tum
340 1292 378 1333 est
401 1317 412 1334 ‚
439 1298 507 1325 ovis
529 1294 608 1326 illius
627 1317 639 1334 ,
674 1304 765 1335 quam
790 1294 933 1325 Dominus
954 1291 1140 1324 aberrantem

256 1343 394 1389 quaefivit
410 1367 421 1383 ,
447 1347 660 1385 inventamque
670 1341 798 1377 humeris
804 1340 991 1385 ficissitstulit
1000 1365 1011 1381 ,
1033 1340 1140 1382 pellem

254 1393 387 1438 defigunt
399 1417 407 1425 .
436 1391 600 1436 Episcopus
613 1397 694 1426 enim
703 1415 716 1432 ,
740 1395 792 1434 qui
803 1389 915 1430 Christi
922 1393 1030 1433 rypum
1037 1396 1118 1434 gerit
1130 1414 1140 1430 ,

257 1493 454 1530 iudmibus
465 1492 611 1532 ostendit,
633 1490 833 1534 seboniimus
858 1489 1144 1534 acmagmz'astoris

259 1549 440 1579 imitatorem
449 1543 520 1587 effe,
544 1546 597 1584 qui
604 1545 705 1586 gregis
717 1539 909 1582 infirmitatae
923 1539 981 1582 fibi
996 1538 1145 1581 ferendas

253 1593 428 1640 proposuit.
454 1597 494 1626 Ac
505 1593 662 1636 diligenter
671 1595 805 1624 animum
816 1592 955 1625 intende.
983 1594 1069 1622 Nam
1080 1600 1145 1622 cum

257 1643 321 1687 'ipse
339 1654 431 1677 verus
453 1641 556 1682 Pastor
571 1649 631 1683 per
651 1642 872 1674 adorandorum
908 1640 1145 1684 Evangeliorum

256 1697 439 1736 apertionem
459 1691 570 1724 accedit
586 1714 598 1730 ,
627 1700 697 1724 tunc
720 1691 838 1724 demum
869 1690 991 1733 affurglt
1011 1714 1022 1730 ‚
1054 1697 1146 1730 atque

255 1747 441 1779 imitationis
464 1740 600 1775 habitum
617 1740 758 1782 deponit.
784 1743 860 1773 Hinc
881 1744 1022 1773 nimirum
1045 1741 1157 1772 Domi--

258 1804 333 1831 niem
352 1791 450 1837 ipsum
462 1816 473 1833 ,
499 1790 663 1832 Pastoralis
686 1795 763 1824 artis
786 1794 898 1824 Ducem
908 1815 918 1830 ‚
946 1801 981 1823 ac
991 1792 1087 1822 Deum
1113 1790 1147 1822 (τ’

258 1852 376 1882 Rerum
386 1839 652 1886 adeffefignificam
665 1865 672 1872 .
700 1841 834 1875 Sanctus
844 1840 983 1875 lfidorus
1005 1840 1146 1874 affirmat

257 1893 350 1928 varia
364 1917 372 1925 .
398 1891 532 1931 Primo,
545 1889 637 1935 quod
648 1890 733 1926 istud
749 1890 942 1934 Episcopale
952 1889 1146 1928 amiculum,

257 1945 316 1979 feu
326 1940 560 1987 Omophotion
572 1941 610 1975 sit
623 1940 718 1975 vestis
729 1940 926 1975 imitationis
937 1965 945 1973 .
973 1937 1125 1974 Secundo
1136 1962 1146 1979 ,

259 1994 352 2039 quod
363 1994 401 2028 fit
413 2005 453 2028 ex
465 1993 540 2028 lana
550 1991 653 2026 ovina
668 2016 676 2025 .
705 1990 845 2033 Tertio,
870 1990 959 2035 quod
971 1990 1030 2024 ista
1050 1990 1124 2025 lana
1136 2013 1147 2029 ,

259 2043 514 2088 Episcopalibus
521 2040 667 2077 humeris
679 2040 826 2085 impofita
837 2064 848 2081 ‚
873 2040 1033 2085 fignifieet
1049 2036 1157 2075 ovem‘

262 2093 449 2136 perditam,
485 2103 584 2137 quam
611 2089 776 2126 .Christus
795 2090 964 2125 Dominus
984 2090 1149 2135 quaefivit,

262 2143 417 2184 invenit,
443 2142 582 2177 redemit
591 2160 608 2180 ,7
628 2140 782 2185 imposuit
794 2139 960 2182 humeris,
986 2150 1084 2184 atque
1103 2139 1148 2173 ita

261 2196 439 2236 reportavit
462 2192 507 2226 ed
527 2191 640 2226 salutis
650 2202 807 2237 gregem,
832 2202 871 2226 ac
880 2190 1020 2226 Paradifi
1042 2189 1150 2225 ovile.

258 2241 397 2288 Qattd
413 2265 426 2282 ,
451 2241 542 2286 quod
563 2241 660 2275 istam
678 2241 791 2275 lanam
813 2241 949 2276 indutus
971 2240 1149 2284 Episcopus

258 2291 465 2335 representet
486 2288 658 2325 Christum
670 2291 858 2324 Dominum
870 2315 882 2331 ,
907 2290 966 2324 istu
986 2300 1051 2324 ove
1069 2299 1150 2323 onu-

262 2341 349 2378 stum
367 2349 584 2385 portatorem.
606 2340 742 2387 Qinto
754 2364 766 2382 ‚
792 2339 883 2383 quod
903 2339 946 2375 ad
968 2339 1146 2374 solemnem

260 2390 359 2425 saneti
370 2390 545 2435 Evangelii
557 2391 590 2424 in
605 2390 763 2425 sacrificio
775 2390 1002 2425 recitationem
1015 2389 1146 2434 Episco-

263 2451 325 2485 pus
337 2439 481 2484 deponat
492 2438 754 2474 istudPallium.
783 2440 828 2473 Et
837 2438 1048 2483 depolitionis
1068 2440 1150 2473 ratio

261 2490 312 2526 est
325 2514 337 2532 ,
363 2489 452 2534 quod
464 2489 684 2534 Evangelium
695 2490 734 2524 fit
745 2489 831 2534 quafi
846 2489 912 2533 ipse
920 2488 1071 2524 Christus
1080 2490 1150 2524 Do-

263 2541 376 2575 minus
391 2563 403 2580 ,
429 2539 569 2585 ideoque
581 2540 653 2584 ipso
665 2540 816 2584 praesente
826 2551 894 2574 non
906 2540 946 2574 {it
965 2550 1048 2584 opus
1062 2540 1150 2574 vica-

263 2591 312 2627 ria
333 2589 495 2634 imagine.
518 2590 601 2636 Qo
621 2589 688 2624 ritu
701 2589 805 2624 Graeci
824 2591 924 2625 etiam
935 2588 1035 2625 hodie
1056 2598 1150 2624 utun·

263 2651 335 2677 tur.
361 2639 443 2674 Non
456 2649 595 2675 utuntur
603 2639 817 2684 Omophorio
830 2663 843 2681 ,
870 2640 929 2674 nili
952 2641 1038 2674 intra
1049 2640 1150 2674 Sacri»

264 2691 378 2725 ficium
390 2714 398 2723 .
419 2691 570 2735 Magnus
577 2690 756 2734 Gregorius
767 2691 801 2724 in
814 2690 932 2725 litteris
942 2689 981 2724 ad
990 2691 1150 2734 joannem

263 2741 434 2776 :Ravennae
456 2739 784 2783 Archi-Episcopum
807 2741 947 2776 affirmat
968 2740 1065 2774 istum
1088 2740 1151 2775 effe

261 2802 392 2827 morem
407 2790 511 2825 totius
526 2789 585 2825 sub
595 2790 682 2824 coelo
696 2790 841 2824 Ecclefiae
853 2816 861 2823 .
887 2792 941 2825 Ex
954 2790 1075 2835 quibus
1084 2801 1151 2825 om-

264 2841 363 2875 nibus
383 2839 577 2875 lucidissime
599 2848 687 2884 patet
700 2841 853 2875 Sandiutn
871 2840 1029 2876 Isidorum
1042 2841 1152 2875 nulla·-

266 2891 364 2924 tenhs
374 2891 414 2925 de
425 2891 590 2926 Monetta
602 2914 613 2930 ‚
639 2890 694 2924 sed
706 2890 794 2933 loqui
807 2889 848 2924 de
860 2891 948 2926 sacro
969 2891 1153 2935 Episcopo·-

267 2949 344 3023 :lum
356 2939 463 2975 Pallio
475 2965 487 2982 ,
512 2940 653 2983 ideoque
663 2939 794 2975 Petrum
807 2940 848 2975 de
860 2940 973 2975 Marca
985 2941 1154 2985 insigniter

294 2999 414 3023 eviare.

322 3038 488 3074 Secundus
497 3041 636 3076 error-est
650 3065 661 3082 ,
681 3040 770 3087 quod
781 3041 955 3085 antiquum
967 3041 1153 3077 Graecorum

269 3086 502 3132 omophorion
514 3091 610 3125 fuerit
621 3091 708 3127 idem
719 3102 795 3127 cum
807 3090 972 3125 Phenolio
984 3116 991 3124 .
1019 3091 1154 3125 Etenim

270 3138 460 3173 Phenolion
480 3139 564 3182 apud
587 3141 716 3176 Graecos
736 3142 781 3177 est
804 3142 947 3186 duplex.
975 3142 1031 3175 De
1046 3142 1153 3185 primo

271 3187 395 3223 habent
427 3187 576 3223 Rubricae
605 3191 645 3224 ad
668 3191 852 3236 Liturgiam
875 3192 985 3227 Sancti
1018 3192 1154 3235 Joannis

271 3237 519 3281 Chrysostomi:
549 3237 615 3275 Post
635 3239 696 3274 baee
717 3243 855 3275 Sacerdos
868 3247 1018 3285 accipiens
1041 3242 1152 3276 Pbeno-

272 3288 348 3328 lion,
380 3289 414 3322 (τ
437 3289 610 3322 benedicens
633 3289 829 3332 exosculatur.
857 3295 987 3326 Latinus
1008 3298 1152 3334 interpres

272 3344 368 3372 vertit
392 3361 403 3378 ‚
429 3336 573 3380 Casulam
592 3362 603 3369 η.
630 3338 767 3382 Jacobus
789 3340 880 3376 G'oar
902 3343 937 3376 in
959 3341 1089 3377 scholiis
1110 3341 1151 3375 ad

271 3388 459 3421 Graecorum
480 3385 716 3432 Euchologion
738 3389 874 3425 advertit
894 3391 986 3426 istam
1005 3403 1119 3426 vocem
1133 3391 1150 3424 ὲ

274 3437 466 3480 quibusdam
477 3449 532 3481 per
539 3437 770 3483 dyphtongum
781 3463 790 3478 ,
815 3440 834 3473 ὲ
846 3439 1039 3484 quibusdam
1055 3440 1148 3475 scri-bi

370 3486 479 3529 christ.
493 3491 574 3531 Lupi
584 3493 680 3531 Opera
693 3492 726 3521 T.
742 3492 823 3523 VIII.

1158 2418 1161 2458 s
1215 2451 1259 2484 qn
1282 2441 1414 2474 censent
1424 2440 1489 2474 effe
1502 2465 1514 2482 ,
1542 2441 1632 2485 quod
1651 2441 1742 2477 dicat
1753 2436 1944 2477 Griecorum
1959 2440 2101 2475 Antisti-

1215 2499 1262 2524 tes
1286 2489 1368 2524 oiim
1393 2489 1486 2524 fuisse
1502 2491 1581 2526 usos
1601 2491 1790 2533 Mozzetta,
1817 2498 1873 2526 ant
1895 2487 2101 2526 fimilihneo

1191 250 1245 284 per
1265 237 1443 281 simplicem
1478 237 1642 279 litteram,
1678 243 1712 276 &
1736 241 1885 288 adjungit
1910 256 1919 276 2
1945 246 2068 287 ,Quoquo

1190 291 1272 327 modo
1278 287 1448 332 scribatur,
1473 286 1618 331 casulam
1637 289 1701 328 sive
1713 294 1870 327 Planetam
1891 299 2070 336 interpreta-

1191 352 1274 374 mur.
1299 342 1337 372 In
1357 349 1481 381 utraque
1504 347 1605 372 autem
1627 339 1752 379 Ecclcfia
1776 344 1943 377 &eundem
1962 342 2069 387 usum,

1191 391 1359 425 &eandem
1360 388 1495 431 formam
1518 389 1725 423 obtinuerunt.
1753 389 1807 424 De
1827 394 1965 428 secunda
1987 393 2070 428 Phe-

1191 439 1273 474 nolii
1292 439 1401 483 specie
1423 437 1522 474 habet
1546 439 1627 473 ritus
1646 438 1824 474 ordinandi
1845 440 2012 477 Lestorem
2037 445 2070 477 ὅς

1191 490 1371 525 Cantorem
1395 503 1407 523 .·
1443 493 1490 523 Er
1512 488 1656 531 Pontifex
1680 488 1820 524 Phenolio
1837 500 1952 533 accepto
1973 495 2071 526 induit

1190 543 1291 574 illum.
1318 540 1460 574 Latinus
1482 539 1641 584 interpres
1660 538 1770 574 denuo
1800 541 1918 579 vertit,
1946 541 2069 584 Casula.

1193 592 1342 634 Exponit
1352 590 1387 624 in
1399 590 1483 624 libro
1503 590 1543 624 de
1555 591 1651 625 sacris
1660 588 1926 625 ordinationibus
1936 591 2077 625 Simeon-

1194 640 1500 684 Archi-Episcopus
1519 639 1844 676 Theffaionicenfis·:
1876 640 1985 675 ceeia·
2003 640 2076 673 olm·-
2090 664 2117 696 C

1194 697 1259 723 nuit
1280 689 1407 731 vestem,
1433 690 1592 732 Camtss’am
1615 700 1752 725 vocatam
1778 715 1790 732 ,
1816 702 1885 734 quae
1904 692 1952 725 ad
1963 699 2077 733 parvae

1196 738 1319 783 Casulae
1339 765 1351 781 ‚
1376 741 1429 774 vel
1434 742 1512 774 certe
1522 743 1642 774 Tunicae
1650 743 1789 781 modum,
1813 737 1902 775 elin·
1909 741 2077 784 conficitur,

1191 796 1378 833 primamque
1389 793 1409 823 5
1409 791 1547 824 acerdotii
1556 791 1768 825 delibationem
1777 789 1956 832 demonstrat
1966 817 1975 825 .
2004 794 2080 825 Par-

1196 853 1239 874 va
1250 840 1289 881 est
1298 843 1457 883 propterea
1471 865 1480 872 .
1506 844 1565 874 Dei
1571 841 1782 884 protefflonem
1801 848 1895 875 menti
1917 839 2080 885 repraesen-

1197 899 1262 923 tat.
1290 891 1347 924 Vel
1356 899 1511 934 purpurea
1535 891 1597 932 est,
1619 899 1741 934 propter
1759 899 1945 933 purpureum
1967 891 2078 932 christi

1195 940 1423 983 indumentum3
1444 943 1497 975 ‘vel
1506 942 1641 975 candida
1658 966 1669 983 ,
1691 950 1814 984 propter
1822 942 1981 975 sacerdotii
1997 947 2080 983 puri-

1198 998 1292 1023 tatem
1315 991 1482 1030 etlumen,
1507 1003 1562 1033 quo
1570 990 1753 1035 resplendet.
1781 991 1838 1025 Est
1847 990 1960 1032 idem,
1988 991 2090 1033 quod—

1198 1037 1283 1082 apud
1296 1050 1357 1072 nos
1371 1039 1472 1074 Alba.
1505 1040 1615 1075 Graeci
1635 1054 1705 1077 non
1727 1039 1852 1077 Albam
1863 1064 1876 1083 ,
1891 1041 1957 1077 -sed
1967 1041 2084 1076 Cami-

1199 1089 1278 1123 fiam
1290 1099 1409 1122 vocant
1421 1103 1432 1122 .·
1460 1089 1565 1136 Qod
1580 1092 1697 1135 nempe
1707 1093 1792 1135 apu'd
1803 1093 1890 1136 ipsos
1900 1092 2086 1135 in'jejunio·

1200 1150 1272 1174 rum
1293 1137 1407 1172 diebus
1426 1161 1437 1177 ‚
1463 1151 1500 1172 ac
1521 1139 1751 1174 defun-storum
1770 1142 1889 1177 officiis
1907 1140 1948 1176 nt
1960 1141 2061 1176 «ταὺτα
2073 1166 2087 1183 ,

1201 1189 1254 1224 feu
1267 1199 1456 1233 purpurea.
1483 1189 1537 1223 De
1556 1187 1674 1223 eodem
1696 1188 1864 1224 Phenolio
1889 1189 1987 1226 habet
2005 1193 2086 1226 ritus

1201 1238 1378 1274 ordinandi
1403 1238 1674 1274 Subdiaconum:
1699 1239 2088 1274 Ordinandusvinsubdia-

1203 1301 1305 1323 conum
1329 1287 1475 1331 Episcopo
1496 1288 1636 1330 efferim,
1663 1289 1804 1323 Pbenolio
1826 1284 1972 1324 indoeus.
2001 1290 2089 1324 Lati-

1206 1351 1267 1374 nus
1280 1338 1440 1382 Interpres
1453 1339 1547 1372 vertit
1557 1363 1568 1380 ,
1581 1342 1707 1373 Tunica.
1734 1339 1875 1383 Iacobus
1889 1339 1981 1374 Goar
1989 1350 2091 1383 expo·

1207 1389 1279 1423 nit:
1306 1387 1466 1421 Pbenolt'on
1476 1414 1486 1429 ‚
1514 1390 1618 1432 dequo
1636 1388 1771 1433 praesens
1790 1393 1913 1424 Textut
1923 1388 2093 1433 sermonem

1207 1438 1298 1472 babet
1310 1463 1320 1478 ,
1347 1449 1405 1472 non
1416 1438 1454 1478 est
1464 1437 1578 1482 Casula
1594 1441 1787 1474 sacerdotalis
1798 1462 1810 1482 ,
1832 1438 2031 1483 seducaris
2042 1451 2095 1473 ve-

1202 1488 1257 1529 st1s
1268 1494 1413 1531 propria,
1438 1491 1578 1523 Tunicae
1589 1491 1649 1524 lino
1658 1491 1787 1524 candido
1794 1511 1810 1531 ›‚
1835 1491 1888 1524 vel
1894 1492 1974 1524 certe
1981 1498 2095 1532 purpu-

1206 1550 1255 1573 reo
1266 1540 1353 1571 colore
1363 1539 1459 1572 tim‘lae
1469 1563 1480 1579 ,
1495 1551 1589 1582 qnam
1600 1544 1714 1575 simeon
1726 1540 1971 1585 Tbeffaelonicenfis
1977 1538 2095 1583 saepius

1208 1598 1298 1623 vocat
1309 1588 1467 1630 camisiam
1477 1611 1488 1628 ,
1511 1591 1533 1622 ἆ
1545 1601 1605 1633 qua
1631 1592 1666 1625 o·
1677 1592 1803 1633 quidam
1814 1591 1957 1632 officiales
1963 1588 2037 1634 sunt
2049 1591 2097 1623 di-

1208 1636 1426 1681 eiiCamisati.
1452 1638 1583 1683 Nempe
1603 1640 1639 1674 in
1660 1639 2097 1676 Subdia'conumOrdinan-

1209 1689 1428 1732 dusptocedit
1439 1690 1515 1727 ,κά
1529 1690 1695 1733 Episcopo
1714 1690 1853 1725 offertur
1872 1690 1909 1724 in
1933 1691 2024 1725 sacro
2035 1691 2097 1725 Le-

1210 1738 1308 1772 &oris
1323 1736 1437 1771 habitu
1451 1761 1463 1778 ,
1488 1739 1544 1782 qui
1556 1738 1602 1772 est
1613 1750 1747 1781 parvum
1760 1739 1946 1775 Graecorum
1960 1738 2098 1773 Phene·-

1209 1788 1280 1822 lion
1297 1801 1304 1821 :
1320 1787 1394 1822 Nos
1407 1787 1547 1823 dicimus
1560 1787 1683 1823 Albam
1693 1814 1701 1823 .
1732 1789 1803 1824 Cur
1813 1798 1947 1832 parvum
1957 1788 2099 1829 dicatur,

1209 1838 1347 1882 exponit
1361 1837 1512 1873 laudatus
1526 1837 1619 1874 Goar
1632 1852 1639 1872 ε
1654 1840 1705 1873 Ad
1714 1839 1839 1873 alterius
1854 1834 2011 1880 Pbe'nolii‚
2038 1844 2101 1873 Ca·

1205 1887 1283 1932 sulae
1305 1889 1445 1921 nimirum
1468 1891 1665 1923 sacerdotalis
1693 1914 1704 1931 ,
1729 1901 1798 1933 quae
1820 1898 1990 1924 ceterorum
2011 1891 2102 1923 indu·

1211 1947 1374 1973 mentorum
1381 1938 1456 1980 finis
1474 1962 1486 1979 ,
1511 1940 1545 1974 ὁ·
1554 1940 1659 1973 ultimo
1670 1939 1843 1982 affirmenda
1856 1963 1867 1981 ,
1879 1939 2097 1981 diffirentiam.

1211 1988 1400 2024 Phenolion
1413 1989 1525 2033 itaque
1535 1989 1582 2025 est
1592 1988 1727 2035 duplex,
1737 1990 1915 2034 parvum&
1927 2000 2099 2036 magnum;

1212 2038 1362 2079 initiale,
1390 2039 1424 2073 &
1442 2040 1559 2074 finale.
1586 2039 1702 2076 Finale
1720 2041 1775 2075 seu
1798 2038 2006 2076 Sacerdotale
2026 2039 2102 2074 sub·

1212 2089 1371 2123 dividitur
1385 2089 1419 2122 in
1433 2088 1705 2132 Presbyteraleac
1717 2089 1909 2134 Episcopale
1920 2115 1928 2124 .
1952 2089 2099 2125 Istud-est

1212 2138 1348 2182 fimplex
1357 2149 1398 2172 ex
1411 2138 1504 2179 lana,
1530 2137 1595 2173 hoc
1614 2139 1658 2174 est
1670 2136 1901 2182 Polystaution
1915 2163 1926 2180 ,
1953 2141 2009 2174 seu
2026 2139 2100 2174 infi-

1213 2189 1346 2234 gnitum
1361 2186 1506 2232 pluribus
1525 2188 1696 2225 crucibus..
1722 2188 1782 2233 Ipsi
1796 2187 2033 2234 Omophorion
2044 2191 2100 2223 su·‹

1214 2237 1422 2282 pei-ponitur.
1448 2238 1563 2287 Qare
1584 2239 1752 2274 Dominus
1775 2238 2099 2283 Archi-Episcopus

1213 2287 1319 2332 palam
1329 2287 1472 2330 labitur,
1488 2289 1569 2327 dum
1579 2289 2029 2325 phenolion-affirmat-fuiffe
2041 2298 2100 2324 aut

1216 2338 1438 2380 Mozzetram,
1462 2348 1521 2374 aut
1533 2340 1656 2376 rherum
1668 2338 1903 2385 omophorion
1915 2365 1923 2373 .
2000 2339 2003 2343 ’

1265 2388 1421 2424 Tertium
1432 2390 1573 2426 Domini
1585 2387 1858 2436 Archi-Episcopi
1878 2386 2018 2426 errorem
2034 2390 2100 2424 ali-

1215 2539 1379 2574 Palliolo.
1413 2539 1550 2574 Etenim
1573 2539 1607 2573 in
1619 2539 1771 2575 Laufiaca
1790 2539 1924 2576 historia
1936 2538 2101 2575 Palladius
2119 2545 2195 2584 Cap.
2213 2554 2278 2582 ¹35·

1216 2589 1372 2626 Heleno·
1384 2588 1557 2624 Polimnus
1586 2590 1768 2635 Episcopus
1796 2590 1911 2626 scribit
1944 2590 2100 2626 Sanctum

1215 2638 1432 2675 Athanasium
1442 2640 1537 2674 fuisse
1550 2641 1643 2676 usum
1654 2640 1789 2676 Tunica
1801 2640 1835 2675 ἃ.
1846 2639 1976 2686 Byrrho
1990 2641 2102 2689 .Qid

1215 2690 1253 2724 fit
1266 2689 1399 2724 Tunica
1413 2713 1424 2730 ,
1450 2688 1586 2734 exponit
1608 2692 1643 2726 in
1671 2691 1735 2725 suis
1751 2690 1941 2726 Annalibus
1965 2692 2101 2726 Sanetus

1216 2740 1348 2784 Martyr
1357 2739 1584 2786 Theophanes
1592 2766 1604 2783 ‚
1630 2741 1769 2777 scribens
1780 2740 1993 2777 Athanasium
2005 2741 2098 2776 fuisse

1214 2792 1399 2826 accusatum
1412 2815 1423 2831 ,
1447 2791 1538 2836 quod
1560 2802 1684 2836 gereret
1704 2788 1826 2827 vestem
1851 2792 1973 2828 lineam
1987 2815 1995 2823 .
2025 2791 2099 2829 Nos

1217 2840 1331 2875 Latini
1343 2839 1444 2875 hodie
1455 2842 1656 2886 appellamus
1668 2841 1858 2877 Rochetum
1870 2869 1877 2876 .
1906 2844 2096 2877 Graecorum

1217 2891 1370 2934 Episcopi
1384 2903 1453 2925 non
1467 2901 1620 2926 utuntur.
1649 2893 1783 2927 Sanetus
1798 2892 1996 2927 Athanasius
2007 2890 2095 2924 haud

1216 2940 1316 2975 dubie
1326 2941 1519 2985 sumpserit&
1533 2941 1677 2983 Latinis,
1701 2952 1842 2986 quorum
1854 2941 1899 2976 ob
1908 2941 2014 2985 plures
2023 2952 2099 2975 cau*-

1217 2992 1263 3024 sas
1285 2990 1347 3025 fuit
1367 2991 1591 3026 amiciffimus.
1621 2992 1713 3039 Quid
1733 2992 1840 3027 Graeci
1864 3003 1919 3036 per
1930 2990 2095 3035 Byrrhum

1217 3040 1428 3085 intelligant,
1453 3040 1609 3076 docemur
1632 3042 1650 3075 ὲ
1673 3042 1812 3085 synodo
1833 3041 2036 3087 Gangrensi:
2063 3043 2096 3074 Si

1217 3097 1283 3134 quis
1306 3091 1400 3124 virob
1411 3103 1501 3132 eam,
1524 3104 1592 3134 quae
1615 3091 1820 3133 existimatur,-
1844 3098 1965 3135 pietatis
1983 3097 2095 3126 exerci-
2114 3078 2188 3109 Can.
2205 3088 2249 3107 ¹²·

1216 3148 1356 3175 tationem
1375 3148 1477 3175 utatur
1498 3141 1660 3176 Peribolaeo
1673 3166 1684 3182 ‚
1710 3143 1745 3175 id
1759 3142 1804 3183 fest
1817 3166 1828 3183 ,
1855 3142 1962 3175 amictu
1976 3142 2095 3182 Pallii,

1215 3194 1251 3227 (δ’
1262 3193 1344 3225 velut
1363 3196 1396 3223 in
1405 3190 1456 3224 hoe
1468 3191 1621 3232 justitiam
1646 3191 1820 3232 constituens
1842 3195 2009 3226 condemnet
2022 3204 2068 3225 eos
2081 3215 2093 3231 ‚

1214 3248 1265 3285 qui
1284 3253 1348 3276 cum
1363 3247 1480 3283 pietate
1500 3241 1623 3279 Byrrht's
1634 3266 1645 3282 ,
1672 3244 1706 3276 (5
1728 3243 1790 3275 alia
1800 3249 1989 3277 communiae
2004 3241 2092 3285 solita

1214 3292 1291 3334 veste
1300 3300 1446 3332 utuntur,
1473 3290 1634 3325 anathema
1638 3290 1695 3334 fit.
1728 3291 1869 3328 Pallium
1894 3293 1940 3328 est
1963 3293 2090 3330 stricta,

1213 3340 1358 3386 Byrrhus
1377 3350 1444 3375 erat
1465 3340 1560 3375 vestis
1580 3342 1687 3385 ampla
1710 3367 1722 3383 ,
1748 3343 1857 3378 talaris
1880 3368 1890 3383 ,
1917 3344 1951 3377 &
1973 3343 2088 3386 longa.

1213 3392 1307 3426 Hinc
1315 3393 1452 3427 Sa-nstus
1463 3391 1644 3436 Gregorius
1655 3392 1763 3427 scribit
1775 3391 1975 3436 Neophytos
1988 3416 1998 3431 ‚
2009 3392 2087 3424 dum

1211 3439 1228 3474 ὲ
1247 3442 1336 3476 sacro
1358 3441 1699 3486 Fontessadscendunss
1728 3443 1822 3477 indui
1843 3441 1972 3485 Byrtho
1990 3439 2085 3473 albo.
2104 3428 2267 3467 Ι··7ἘΡ·29·

1699 3491 1800 3539 P3
2001 3489 2038 3524 Id

2117 673 2162 704 ap.
2180 674 2210 701 ς.
