<?xml version="1.0" encoding="UTF-8"?>
<!DOCTYPE html PUBLIC "-//W3C//DTD XHTML 1.0 Transitional//EN"
    "http://www.w3.org/TR/xhtml1/DTD/xhtml1-transitional.dtd">
<html xmlns="http://www.w3.org/1999/xhtml" xml:lang="en" lang="en">
 <head>
  <title>
</title>
<meta http-equiv="Content-Type" content="text/html;charset=utf-8" />
  <meta name='ocr-system' content='tesseract 3.04.00' />
  <meta name='ocr-capabilities' content='ocr_page ocr_carea ocr_par ocr_line ocrx_word'/>
</head>
<body>
  <div class='ocr_page' id='page_1' title='image "./operaomniastudio08lupuuoft_0188.png"; bbox 0 0 2326 3718; ppageno 0'>
   <div class='ocr_carea' id='block_1_1' title="bbox 377 110 1654 162">
    <p class='ocr_par' dir='ltr' id='par_1_1' title="bbox 377 110 1654 162">
     <span class='ocr_line' id='line_1_1' title="bbox 377 110 1654 162; baseline -0.004 0"><span class='ocrx_word' id='word_1_1' title='bbox 377 116 471 162; x_wconf 85' lang='lat'><em>182</em></span> <span class='ocrx_word' id='word_1_2' title='bbox 767 113 910 159; x_wconf 67' lang='lat' dir='ltr'><em>‚DE</em></span> <span class='ocrx_word' id='word_1_3' title='bbox 932 114 1265 159; x_wconf 77' lang='lat' dir='ltr'>AFRICANAE</span> <span class='ocrx_word' id='word_1_4' title='bbox 1287 110 1654 157; x_wconf 63' lang='lat' dir='ltr'><em>Ecercsnc-</em></span> 
     </span>
    </p>
   </div>
   <div class='ocr_carea' id='block_1_2' title="bbox 1267 189 1386 198">
    <p class='ocr_par' dir='ltr' id='par_1_2' title="bbox 1267 189 1386 198">
     <span class='ocr_line' id='line_1_2' title="bbox 1267 189 1386 198; baseline 0 -1"><span class='ocrx_word' id='word_1_5' title='bbox 1267 189 1386 198; x_wconf 66' lang='lat' dir='ltr'>.x.·</span> 
     </span>
    </p>
   </div>
   <div class='ocr_carea' id='block_1_3' title="bbox 293 240 2132 641">
    <p class='ocr_par' dir='ltr' id='par_1_3' title="bbox 301 240 2130 339">
     <span class='ocr_line' id='line_1_3' title="bbox 301 240 2130 303; baseline 0.004 -27"><span class='ocrx_word' id='word_1_6' title='bbox 301 245 390 289; x_wconf 60' lang='lat' dir='ltr'><em>restio</em></span> <span class='ocrx_word' id='word_1_7' title='bbox 408 249 549 278; x_wconf 81' lang='lat' dir='ltr'><em>viveret.</em></span> <span class='ocrx_word' id='word_1_8' title='bbox 576 245 639 278; x_wconf 80' lang='lat' dir='ltr'><em>sed</em></span> <span class='ocrx_word' id='word_1_9' title='bbox 648 255 714 287; x_wconf 86' lang='lat' dir='ltr'><em>quae</em></span> <span class='ocrx_word' id='word_1_10' title='bbox 738 243 828 288; x_wconf 84' lang='lat' dir='ltr'><em>causa</em></span> <span class='ocrx_word' id='word_1_11' title='bbox 837 250 1010 288; x_wconf 81' lang='lat' dir='ltr'><em>contigerit,</em></span> <span class='ocrx_word' id='word_1_12' title='bbox 1036 253 1069 277; x_wconf 85' lang='lat' dir='ltr'><em>ut</em></span> <span class='ocrx_word' id='word_1_13' title='bbox 1090 244 1194 278; x_wconf 78' lang='lat' dir='ltr'><em>eadem</em></span> <span class='ocrx_word' id='word_1_14' title='bbox 1253 240 1358 286; x_wconf 86' lang='lat' dir='ltr'><em>gratia</em></span> <span class='ocrx_word' id='word_1_15' title='bbox 1368 249 1445 276; x_wconf 84' lang='lat' dir='ltr'><em>non·</em></span> <span class='ocrx_word' id='word_1_16' title='bbox 1439 247 1550 290; x_wconf 79' lang='lat' dir='ltr'><em>-poffet</em></span> <span class='ocrx_word' id='word_1_17' title='bbox 1563 243 1688 278; x_wconf 87' lang='lat' dir='ltr'><strong>reduci.</strong></span> <span class='ocrx_word' id='word_1_18' title='bbox 1715 245 1754 280; x_wconf 91' lang='lat' dir='ltr'><em>In</em></span> <span class='ocrx_word' id='word_1_19' title='bbox 1768 247 1862 303; x_wconf 82' lang='lat' dir='ltr'><em>variis</em></span> <span class='ocrx_word' id='word_1_20' title='bbox 1870 247 2028 292; x_wconf 84' lang='lat' dir='ltr'><em>exemplis</em></span> <span class='ocrx_word' id='word_1_21' title='bbox 2044 249 2130 284; x_wconf 83' lang='lat' dir='ltr'><em>istud</em></span> 
     </span>
     <span class='ocr_line' id='line_1_4' title="bbox 302 292 1712 339; baseline 0.001 -13"><span class='ocrx_word' id='word_1_22' title='bbox 302 299 421 336; x_wconf 63' lang='lat' dir='ltr'><em>scr-ima</em></span> <span class='ocrx_word' id='word_1_23' title='bbox 439 300 616 337; x_wconf 73' lang='lat' dir='ltr'><em>retinerem,</em></span> <span class='ocrx_word' id='word_1_24' title='bbox 637 292 832 339; x_wconf 82' lang='lat' dir='ltr'><em>praesentium</em></span> <span class='ocrx_word' id='word_1_25' title='bbox 856 298 953 328; x_wconf 82' lang='lat' dir='ltr'><em>Laror</em></span> <span class='ocrx_word' id='word_1_26' title='bbox 974 294 1059 328; x_wconf 83' lang='lat' dir='ltr'><em>vobis</em></span> <span class='ocrx_word' id='word_1_27' title='bbox 1074 300 1192 326; x_wconf 68' lang='lat' dir='ltr'><em>innato»-</em></span> <span class='ocrx_word' id='word_1_28' title='bbox 1254 292 1359 334; x_wconf 75' lang='lat' dir='ltr'><em>ipsum</em></span> <span class='ocrx_word' id='word_1_29' title='bbox 1374 292 1463 329; x_wconf 72' lang='lat' dir='ltr'><em>vidit·</em></span> <span class='ocrx_word' id='word_1_30' title='bbox 1460 295 1562 334; x_wconf 76' lang='lat' dir='ltr'><em>etiam</em></span> <span class='ocrx_word' id='word_1_31' title='bbox 1580 294 1712 328; x_wconf 85' lang='lat' dir='ltr'><em>Gallia</em></span> 
     </span>
    </p>

    <p class='ocr_par' dir='ltr' id='par_1_4' title="bbox 293 336 2132 641">
     <span class='ocr_line' id='line_1_5' title="bbox 293 336 2130 389; baseline 0.004 -13"><span class='ocrx_word' id='word_1_32' title='bbox 293 344 373 389; x_wconf 85' lang='lat' dir='ltr'><em>scet.</em></span> <span class='ocrx_word' id='word_1_33' title='bbox 401 343 549 388; x_wconf 65' lang='lat' dir='ltr'><em>Ejusdem</em></span> <span class='ocrx_word' id='word_1_34' title='bbox 557 354 662 380; x_wconf 84' lang='lat' dir='ltr'><em>tamen</em></span> <span class='ocrx_word' id='word_1_35' title='bbox 685 348 808 379; x_wconf 82' lang='lat' dir='ltr'><em>Domini</em></span> <span class='ocrx_word' id='word_1_36' title='bbox 831 344 972 385; x_wconf 83' lang='lat' dir='ltr'><em>Anastafii</em></span> <span class='ocrx_word' id='word_1_37' title='bbox 994 351 1128 378; x_wconf 84' lang='lat' dir='ltr'><em>animum</em></span> <span class='ocrx_word' id='word_1_38' title='bbox 1150 353 1191 376; x_wconf 88' lang='lat' dir='ltr'><em>co·</em></span> <span class='ocrx_word' id='word_1_39' title='bbox 1302 341 1470 377; x_wconf 84' lang='lat' dir='ltr'>Dominus</span> <span class='ocrx_word' id='word_1_40' title='bbox 1474 343 1591 380; x_wconf 81' lang='lat' dir='ltr'><em>Archi·</em></span> <span class='ocrx_word' id='word_1_41' title='bbox 1597 345 1779 389; x_wconf 86' lang='lat' dir='ltr'><strong>Episcopus</strong></span> <span class='ocrx_word' id='word_1_42' title='bbox 1798 336 1932 382; x_wconf 81' lang='lat' dir='ltr'><em>tandem</em></span> <span class='ocrx_word' id='word_1_43' title='bbox 1942 348 2130 384; x_wconf 82' lang='lat' dir='ltr'>concludit:</span> 
     </span>
     <span class='ocr_line' id='line_1_6' title="bbox 293 392 2132 439; baseline 0.004 -13"><span class='ocrx_word' id='word_1_44' title='bbox 293 392 424 438; x_wconf 59' lang='lat' dir='ltr'><em>gnostite</em></span> <span class='ocrx_word' id='word_1_45' title='bbox 432 417 452 436; x_wconf 52' lang='grc' dir='ltr'><em>,γ</em></span> <span class='ocrx_word' id='word_1_46' title='bbox 471 396 677 439; x_wconf 51' lang='lat' dir='ltr'><em>&amp;quidquid</em></span> <span class='ocrx_word' id='word_1_47' title='bbox 698 397 773 430; x_wconf 86' lang='lat' dir='ltr'><em>eide</em></span> <span class='ocrx_word' id='word_1_48' title='bbox 787 394 841 428; x_wconf 85' lang='lat' dir='ltr'><em>hac</em></span> <span class='ocrx_word' id='word_1_49' title='bbox 851 406 882 427; x_wconf 89' lang='lat' dir='ltr'><em>re</em></span> <span class='ocrx_word' id='word_1_50' title='bbox 890 396 1058 436; x_wconf 76' lang='lat' dir='ltr'><em>placuerit,</em></span> <span class='ocrx_word' id='word_1_51' title='bbox 1083 392 1189 434; x_wconf 78' lang='lat' dir='ltr'><em>vestris</em></span> <span class='ocrx_word' id='word_1_52' title='bbox 1253 395 1442 430; x_wconf 79' lang='lat' dir='ltr'><em>Hieronymus</em></span> <span class='ocrx_word' id='word_1_53' title='bbox 1463 395 1581 431; x_wconf 67' lang='lat' dir='ltr'><em>Rubras</em></span> <span class='ocrx_word' id='word_1_54' title='bbox 1605 401 1637 429; x_wconf 83' lang='lat' dir='ltr'><em>in</em></span> <span class='ocrx_word' id='word_1_55' title='bbox 1658 395 1776 438; x_wconf 83' lang='lat' dir='ltr'><em>historia</em></span> <span class='ocrx_word' id='word_1_56' title='bbox 1792 399 2009 433; x_wconf 71' lang='lat' dir='ltr'><em>Ravennatum</em></span> <span class='ocrx_word' id='word_1_57' title='bbox 2025 401 2132 434; x_wconf 81' lang='lat' dir='ltr'><em>edidit</em></span> 
     </span>
     <span class='ocr_line' id='line_1_7' title="bbox 296 442 2132 490; baseline 0.004 -14"><span class='ocrx_word' id='word_1_58' title='bbox 296 443 371 477; x_wconf 83' lang='lat' dir='ltr'><em>mihi</em></span> <span class='ocrx_word' id='word_1_59' title='bbox 381 443 506 486; x_wconf 82' lang='lat' dir='ltr'><em>epistolis</em></span> <span class='ocrx_word' id='word_1_60' title='bbox 516 447 649 480; x_wconf 79' lang='lat' dir='ltr'><em>indicate</em></span> <span class='ocrx_word' id='word_1_61' title='bbox 664 471 670 478; x_wconf 93' lang='lat'>.</span> <span class='ocrx_word' id='word_1_62' title='bbox 701 444 882 489; x_wconf 83' lang='lat' dir='ltr'>Gregorius</span> <span class='ocrx_word' id='word_1_63' title='bbox 904 456 972 479; x_wconf 87' lang='lat' dir='ltr'><em>rem</em></span> <span class='ocrx_word' id='word_1_64' title='bbox 986 456 1111 479; x_wconf 84' lang='lat' dir='ltr'><em>tentare</em></span> <span class='ocrx_word' id='word_1_65' title='bbox 1127 454 1191 476; x_wconf 73' lang='grc' dir='ltr'><em>ηα-</em></span> <span class='ocrx_word' id='word_1_66' title='bbox 1251 442 1436 485; x_wconf 73' lang='lat' dir='ltr'><em>Rescriptum</em></span> <span class='ocrx_word' id='word_1_67' title='bbox 1461 447 1606 486; x_wconf 77' lang='lat' dir='ltr'><em>quoddam</em></span> <span class='ocrx_word' id='word_1_68' title='bbox 1615 445 1671 490; x_wconf 88' lang='lat' dir='ltr'><em>sub</em></span> <span class='ocrx_word' id='word_1_69' title='bbox 1685 452 1798 480; x_wconf 82' lang='lat' dir='ltr'><em>nomine</em></span> <span class='ocrx_word' id='word_1_70' title='bbox 1808 451 1997 489; x_wconf 69' lang='lat' dir='ltr'><em>Imperatoris</em></span> <span class='ocrx_word' id='word_1_71' title='bbox 2006 449 2132 483; x_wconf 84' lang='lat' dir='ltr'><em>Theodo-</em></span> 
     </span>
     <span class='ocr_line' id='line_1_8' title="bbox 296 491 2128 541; baseline 0.003 -13"><span class='ocrx_word' id='word_1_72' title='bbox 296 494 360 529; x_wconf 84' lang='lat' dir='ltr'><em>luit</em></span> <span class='ocrx_word' id='word_1_73' title='bbox 376 495 442 535; x_wconf 81' lang='lat' dir='ltr'><em>fine</em></span> <span class='ocrx_word' id='word_1_74' title='bbox 455 495 616 531; x_wconf 84' lang='lat' dir='ltr'><em>Anastafii</em></span> <span class='ocrx_word' id='word_1_75' title='bbox 642 495 849 538; x_wconf 88' lang='lat' dir='ltr'><em>beneplacito</em></span> <span class='ocrx_word' id='word_1_76' title='bbox 863 519 871 527; x_wconf 93' lang='lat'><em>.</em></span> <span class='ocrx_word' id='word_1_77' title='bbox 897 494 953 529; x_wconf 91' lang='lat' dir='ltr'><em>Ne</em></span> <span class='ocrx_word' id='word_1_78' title='bbox 965 496 1074 530; x_wconf 88' lang='lat' dir='ltr'>forsan</span> <span class='ocrx_word' id='word_1_79' title='bbox 1086 492 1190 528; x_wconf 82' lang='lat' dir='ltr'><em>Urbi·</em></span> <span class='ocrx_word' id='word_1_80' title='bbox 1242 491 1280 533; x_wconf 82' lang='lat' dir='ltr'><em>fii</em></span> <span class='ocrx_word' id='word_1_81' title='bbox 1291 518 1302 533; x_wconf 72' lang='lat'><em>2</em></span> <span class='ocrx_word' id='word_1_82' title='bbox 1325 505 1382 535; x_wconf 64' lang='lat'><em>‘11¹⁰</em></span> <span class='ocrx_word' id='word_1_83' title='bbox 1395 496 1537 540; x_wconf 76' lang='lat' dir='ltr'><em>Princeps</em></span> <span class='ocrx_word' id='word_1_84' title='bbox 1555 498 1604 531; x_wconf 81' lang='lat' dir='ltr'><em>ille</em></span> <span class='ocrx_word' id='word_1_85' title='bbox 1612 498 1765 539; x_wconf 83' lang='lat' dir='ltr'><em>plurimas</em></span> <span class='ocrx_word' id='word_1_86' title='bbox 1790 499 1932 531; x_wconf 73' lang='lat' dir='ltr'><em>civitates</em></span> <span class='ocrx_word' id='word_1_87' title='bbox 1939 497 2057 541; x_wconf 51' lang='lat' dir='ltr'><em>subiicit</em></span> <span class='ocrx_word' id='word_1_88' title='bbox 2068 504 2128 533; x_wconf 87' lang='lat' dir='ltr'><em>Me·</em></span> 
     </span>
     <span class='ocr_line' id='line_1_9' title="bbox 297 542 2130 590; baseline 0.002 -11"><span class='ocrx_word' id='word_1_89' title='bbox 297 557 335 580; x_wconf 86' lang='lat' dir='ltr'><em>ca</em></span> <span class='ocrx_word' id='word_1_90' title='bbox 348 542 510 582; x_wconf 80' lang='lat' dir='ltr'>habitatio</span> <span class='ocrx_word' id='word_1_91' title='bbox 522 546 579 589; x_wconf 80' lang='lat' dir='ltr'><em>ipsi</em></span> <span class='ocrx_word' id='word_1_92' title='bbox 592 556 662 579; x_wconf 87' lang='lat' dir='ltr'><em>non</em></span> <span class='ocrx_word' id='word_1_93' title='bbox 676 544 817 587; x_wconf 83' lang='lat' dir='ltr'>placeret</span> <span class='ocrx_word' id='word_1_94' title='bbox 831 569 839 577; x_wconf 82' lang='lat'><strong>.</strong></span> <span class='ocrx_word' id='word_1_95' title='bbox 1249 545 1356 585; x_wconf 82' lang='lat' dir='ltr'><em>tropoli</em></span> <span class='ocrx_word' id='word_1_96' title='bbox 1366 545 1590 587; x_wconf 75' lang='lat' dir='ltr'><em>Ravennatenfi</em></span> <span class='ocrx_word' id='word_1_97' title='bbox 1599 570 1609 586; x_wconf 87' lang='lat'><em>,</em></span> <span class='ocrx_word' id='word_1_98' title='bbox 1635 549 1785 589; x_wconf 82' lang='lat' dir='ltr'><em>Palliique</em></span> <span class='ocrx_word' id='word_1_99' title='bbox 1808 545 1891 589; x_wconf 88' lang='lat' dir='ltr'><em>usum</em></span> <span class='ocrx_word' id='word_1_100' title='bbox 1902 544 2046 590; x_wconf 68' lang='lat' dir='ltr'><em>Epifhopo</em></span> <span class='ocrx_word' id='word_1_101' title='bbox 2065 554 2130 590; x_wconf 77' lang='lat' dir='ltr'><em>ejus</em></span> 
     </span>
     <span class='ocr_line' id='line_1_10' title="bbox 299 594 2131 641; baseline 0.001 -11"><span class='ocrx_word' id='word_1_102' title='bbox 299 631 301 633; x_wconf 70' lang='grc'>,</span> <span class='ocrx_word' id='word_1_103' title='bbox 348 596 434 630; x_wconf 86' lang='lat' dir='ltr'><em>Rem</em></span> <span class='ocrx_word' id='word_1_104' title='bbox 455 595 590 630; x_wconf 84' lang='lat' dir='ltr'><em>illustrat</em></span> <span class='ocrx_word' id='word_1_105' title='bbox 612 595 646 627; x_wconf 88' lang='lat' dir='ltr'><em>in</em></span> <span class='ocrx_word' id='word_1_106' title='bbox 660 594 779 639; x_wconf 90' lang='lat' dir='ltr'><em>Magni</em></span> <span class='ocrx_word' id='word_1_107' title='bbox 792 595 945 640; x_wconf 85' lang='lat' dir='ltr'><em>Gregorii</em></span> <span class='ocrx_word' id='word_1_108' title='bbox 971 595 1037 628; x_wconf 90' lang='lat' dir='ltr'><em>vita</em></span> <span class='ocrx_word' id='word_1_109' title='bbox 1049 594 1189 638; x_wconf 86' lang='lat' dir='ltr'><em>Joannes</em></span> <span class='ocrx_word' id='word_1_110' title='bbox 1248 594 1394 627; x_wconf 82' lang='lat' dir='ltr'><em>concedit.</em></span> <span class='ocrx_word' id='word_1_111' title='bbox 1419 595 1528 628; x_wconf 72' lang='lat' dir='ltr'><em>Verum</em></span> <span class='ocrx_word' id='word_1_112' title='bbox 1553 595 1737 639; x_wconf 70' lang='lat' dir='ltr'><em>Rescriptum</em></span> <span class='ocrx_word' id='word_1_113' title='bbox 1764 598 1842 631; x_wconf 87' lang='lat' dir='ltr'><em>illud</em></span> <span class='ocrx_word' id='word_1_114' title='bbox 1851 600 1968 631; x_wconf 71' lang='lat' dir='ltr'><em>omnino</em></span> <span class='ocrx_word' id='word_1_115' title='bbox 1985 597 2131 641; x_wconf 71' lang='lat' dir='ltr'><em>suppostri-</em></span> 
     </span>
    </p>
   </div>
   <div class='ocr_carea' id='block_1_4' title="bbox 114 643 2128 689">
    <p class='ocr_par' dir='ltr' id='par_1_5' title="bbox 114 643 2128 689">
     <span class='ocr_line' id='line_1_11' title="bbox 114 643 2128 689; baseline 0 -10"><span class='ocrx_word' id='word_1_116' title='bbox 114 646 276 683; x_wconf 72' lang='lat' dir='ltr'>L·4-C-25·</span> <span class='ocrx_word' id='word_1_117' title='bbox 294 646 468 682; x_wconf 88' lang='lat' dir='ltr'><em>Diaconus</em></span> <span class='ocrx_word' id='word_1_118' title='bbox 490 658 498 678; x_wconf 90' lang='lat'>:</span> <span class='ocrx_word' id='word_1_119' title='bbox 525 644 571 677; x_wconf 81' lang='lat' dir='ltr'><em>Ab</em></span> <span class='ocrx_word' id='word_1_120' title='bbox 595 644 728 686; x_wconf 77' lang='lat' dir='ltr'><em>adversis</em></span> <span class='ocrx_word' id='word_1_121' title='bbox 753 645 950 685; x_wconf 80' lang='lat' dir='ltr'><em>Potestatibus</em></span> <span class='ocrx_word' id='word_1_122' title='bbox 972 653 1187 689; x_wconf 83' lang='lat' dir='ltr'><em>praegravatos</em></span> <span class='ocrx_word' id='word_1_123' title='bbox 1249 649 1324 676; x_wconf 81' lang='lat' dir='ltr'><em>tlum</em></span> <span class='ocrx_word' id='word_1_124' title='bbox 1344 643 1412 684; x_wconf 66' lang='lat' dir='ltr'><em>est,</em></span> <span class='ocrx_word' id='word_1_125' title='bbox 1428 646 1462 678; x_wconf 62' lang='lat' dir='ltr'><em>et</em></span> <span class='ocrx_word' id='word_1_126' title='bbox 1474 646 1587 688; x_wconf 72' lang='lat' dir='ltr'><em>egregie</em></span> <span class='ocrx_word' id='word_1_127' title='bbox 1599 646 1765 686; x_wconf 79' lang='lat' dir='ltr'><em>refutatum</em></span> <span class='ocrx_word' id='word_1_128' title='bbox 1775 648 1814 681; x_wconf 85' lang='lat' dir='ltr'><em>ab</em></span> <span class='ocrx_word' id='word_1_129' title='bbox 1828 646 2008 688; x_wconf 78' lang='lat' dir='ltr'><em>illustriffimo</em></span> <span class='ocrx_word' id='word_1_130' title='bbox 2021 650 2128 681; x_wconf 78' lang='lat' dir='ltr'><em>Cardi-</em></span> 
     </span>
    </p>
   </div>
   <div class='ocr_carea' id='block_1_5' title="bbox 99 2105 264 2142">
    <p class='ocr_par' dir='ltr' id='par_1_6' title="bbox 99 2105 264 2142">
     <span class='ocr_line' id='line_1_12' title="bbox 99 2105 264 2142; baseline -0.03 -4"><span class='ocrx_word' id='word_1_131' title='bbox 99 2105 170 2141; x_wconf 78' lang='lat' dir='ltr'>·L.5·</span> <span class='ocrx_word' id='word_1_132' title='bbox 188 2105 224 2134; x_wconf 88' lang='lat' dir='ltr'><em>C.</em></span> <span class='ocrx_word' id='word_1_133' title='bbox 238 2111 264 2142; x_wconf 85' lang='lat'><em>5.</em></span> 
     </span>
    </p>
   </div>
   <div class='ocr_carea' id='block_1_6' title="bbox 272 692 2188 3444">
    <p class='ocr_par' dir='ltr' id='par_1_7' title="bbox 272 692 2188 3444">
     <span class='ocr_line' id='line_1_13' title="bbox 287 692 2132 742; baseline 0.003 -16"><span class='ocrx_word' id='word_1_134' title='bbox 287 694 461 739; x_wconf 66' lang='lat' dir='ltr'><em>fortzffimur</em></span> <span class='ocrx_word' id='word_1_135' title='bbox 483 694 572 727; x_wconf 85' lang='lat' dir='ltr'><em>Miles</em></span> <span class='ocrx_word' id='word_1_136' title='bbox 596 693 708 742; x_wconf 84' lang='lat' dir='ltr'><em>Christi</em></span> <span class='ocrx_word' id='word_1_137' title='bbox 729 698 887 741; x_wconf 79' lang='lat' dir='ltr'><em>Gregorius</em></span> <span class='ocrx_word' id='word_1_138' title='bbox 898 697 1031 730; x_wconf 79' lang='lat' dir='ltr'><em>viriliter</em></span> <span class='ocrx_word' id='word_1_139' title='bbox 1048 693 1188 737; x_wconf 86' lang='lat' dir='ltr'><em>defende·</em></span> <span class='ocrx_word' id='word_1_140' title='bbox 1248 695 1316 728; x_wconf 87' lang='lat' dir='ltr'><em>nale</em></span> <span class='ocrx_word' id='word_1_141' title='bbox 1339 697 1469 727; x_wconf 83' lang='lat' dir='ltr'><em>Barom&#39;o</em></span> <span class='ocrx_word' id='word_1_142' title='bbox 1494 718 1505 734; x_wconf 96' lang='lat'><em>,</em></span> <span class='ocrx_word' id='word_1_143' title='bbox 1529 692 1884 740; x_wconf 68' lang='lat' dir='ltr'><em>ipsa‘Latinirfermonis</em></span> <span class='ocrx_word' id='word_1_144' title='bbox 1906 697 2048 741; x_wconf 77' lang='lat' dir='ltr'><em>spurcitie</em></span> <span class='ocrx_word' id='word_1_145' title='bbox 2072 709 2132 731; x_wconf 87' lang='lat' dir='ltr'><em>om·</em></span> 
     </span>
     <span class='ocr_line' id='line_1_14' title="bbox 293 744 2131 790; baseline 0.001 -11"><span class='ocrx_word' id='word_1_146' title='bbox 293 746 346 779; x_wconf 81' lang='lat' dir='ltr'><em>bat</em></span> <span class='ocrx_word' id='word_1_147' title='bbox 358 770 369 786; x_wconf 96' lang='lat'><em>,</em></span> <span class='ocrx_word' id='word_1_148' title='bbox 395 744 556 787; x_wconf 58' lang='lat' dir='ltr'><em>injustique</em></span> <span class='ocrx_word' id='word_1_149' title='bbox 567 744 696 787; x_wconf 69' lang='lat' dir='ltr'><em>dejellos</em></span> <span class='ocrx_word' id='word_1_150' title='bbox 707 757 766 779; x_wconf 86' lang='lat' dir='ltr'><em>non</em></span> <span class='ocrx_word' id='word_1_151' title='bbox 773 745 868 789; x_wconf 70' lang='lat' dir='ltr'><em>fhlum</em></span> <span class='ocrx_word' id='word_1_152' title='bbox 878 752 957 781; x_wconf 88' lang='lat' dir='ltr'><em>inter</em></span> <span class='ocrx_word' id='word_1_153' title='bbox 982 745 1120 788; x_wconf 61' lang='lat' dir='ltr'><em>depositos</em></span> <span class='ocrx_word' id='word_1_154' title='bbox 1130 756 1188 778; x_wconf 89' lang='lat' dir='ltr'><em>non</em></span> <span class='ocrx_word' id='word_1_155' title='bbox 1248 754 1312 777; x_wconf 85' lang='lat' dir='ltr'><em>nem</em></span> <span class='ocrx_word' id='word_1_156' title='bbox 1323 747 1388 785; x_wconf 82' lang='lat' dir='ltr'><em>eJ&#39;us</em></span> <span class='ocrx_word' id='word_1_157' title='bbox 1401 744 1613 779; x_wconf 79' lang='lat' dir='ltr'><em>authoritatem</em></span> <span class='ocrx_word' id='word_1_158' title='bbox 1626 746 1859 790; x_wconf 75' lang='lat' dir='ltr'><em>elevante-apud</em></span> <span class='ocrx_word' id='word_1_159' title='bbox 1867 750 2013 782; x_wconf 84' lang='lat' dir='ltr'><em>Eruditos</em></span> <span class='ocrx_word' id='word_1_160' title='bbox 2029 773 2037 780; x_wconf 93' lang='lat'><em>.</em></span> <span class='ocrx_word' id='word_1_161' title='bbox 2049 752 2086 780; x_wconf 85' lang='lat' dir='ltr'><em>In</em></span> <span class='ocrx_word' id='word_1_162' title='bbox 2099 760 2131 781; x_wconf 91' lang='lat' dir='ltr'><em>eo</em></span> 
     </span>
     <span class='ocr_line' id='line_1_15' title="bbox 293 794 2130 841; baseline 0.001 -12"><span class='ocrx_word' id='word_1_163' title='bbox 293 794 422 829; x_wconf 87' lang='lat' dir='ltr'><em>babebat</em></span> <span class='ocrx_word' id='word_1_164' title='bbox 432 817 443 834; x_wconf 84' lang='lat'><em>,</em></span> <span class='ocrx_word' id='word_1_165' title='bbox 467 795 575 829; x_wconf 59' lang='lat' dir='ltr'><em>versam</em></span> <span class='ocrx_word' id='word_1_166' title='bbox 593 800 685 829; x_wconf 81' lang='lat' dir='ltr'><em>etiam</em></span> <span class='ocrx_word' id='word_1_167' title='bbox 693 795 833 839; x_wconf 81' lang='lat' dir='ltr'><em>pristinis-</em></span> <span class='ocrx_word' id='word_1_168' title='bbox 837 797 984 841; x_wconf 84' lang='lat' dir='ltr'><em>gradibus</em></span> <span class='ocrx_word' id='word_1_169' title='bbox 994 796 1186 830; x_wconf 80' lang='lat' dir='ltr'><em>authoritatis</em></span> <span class='ocrx_word' id='word_1_170' title='bbox 1248 803 1349 831; x_wconf 75' lang='lat' dir='ltr'><em>tamen</em></span> <span class='ocrx_word' id='word_1_171' title='bbox 1360 806 1439 837; x_wconf 82' lang='lat' dir='ltr'><em>cogor</em></span> <span class='ocrx_word' id='word_1_172' title='bbox 1451 797 1471 826; x_wconf 78' lang='grc' dir='ltr'><em>ἁ</em></span> <span class='ocrx_word' id='word_1_173' title='bbox 1484 798 1617 828; x_wconf 81' lang='lat' dir='ltr'><em>Baronio</em></span> <span class='ocrx_word' id='word_1_174' title='bbox 1630 795 1775 839; x_wconf 76' lang='lat' dir='ltr'><em>dissentiri</em></span> <span class='ocrx_word' id='word_1_175' title='bbox 1787 821 1798 837; x_wconf 89' lang='lat'>‚</span> <span class='ocrx_word' id='word_1_176' title='bbox 1809 812 1814 827; x_wconf 82' lang='lat'><strong><em>:</em></strong></span> <span class='ocrx_word' id='word_1_177' title='bbox 1823 800 1904 840; x_wconf 84' lang='lat' dir='ltr'><em>quod</em></span> <span class='ocrx_word' id='word_1_178' title='bbox 1911 800 2000 832; x_wconf 73' lang='lat' dir='ltr'><em>enixe?</em></span> <span class='ocrx_word' id='word_1_179' title='bbox 2012 806 2130 831; x_wconf 83' lang='lat' dir='ltr'><em>conten·</em></span> 
     </span>
     <span class='ocr_line' id='line_1_16' title="bbox 284 843 2128 893; baseline 0.002 -15"><span class='ocrx_word' id='word_1_180' title='bbox 284 844 352 890; x_wconf 82' lang='lat' dir='ltr'><em>suae</em></span> <span class='ocrx_word' id='word_1_181' title='bbox 375 845 536 893; x_wconf 80' lang='lat' dir='ltr'><em>privilegio</em></span> <span class='ocrx_word' id='word_1_182' title='bbox 547 847 734 888; x_wconf 86' lang='lat' dir='ltr'><em>reformabat</em></span> <span class='ocrx_word' id='word_1_183' title='bbox 750 872 757 880; x_wconf 93' lang='lat'>.</span> <span class='ocrx_word' id='word_1_184' title='bbox 782 850 818 879; x_wconf 89' lang='lat' dir='ltr'><strong><em>N</em></strong></span> <span class='ocrx_word' id='word_1_185' title='bbox 820 859 869 880; x_wconf 85' lang='lat' dir='ltr'><em>am</em></span> <span class='ocrx_word' id='word_1_186' title='bbox 897 846 1075 889; x_wconf 77' lang='lat' dir='ltr'><em>Anastafium</em></span> <span class='ocrx_word' id='word_1_187' title='bbox 1087 850 1187 879; x_wconf 75' lang='lat' dir='ltr'><em>Antio-</em></span> <span class='ocrx_word' id='word_1_188' title='bbox 1248 845 1304 879; x_wconf 85' lang='lat' dir='ltr'><em>dat</em></span> <span class='ocrx_word' id='word_1_189' title='bbox 1317 846 1450 879; x_wconf 87' lang='lat' dir='ltr'><em>Pallium</em></span> <span class='ocrx_word' id='word_1_190' title='bbox 1463 843 1606 888; x_wconf 77' lang='lat' dir='ltr'><em>Episcopo</em></span> <span class='ocrx_word' id='word_1_191' title='bbox 1622 846 1713 880; x_wconf 85' lang='lat' dir='ltr'><em>tribui</em></span> <span class='ocrx_word' id='word_1_192' title='bbox 1723 858 1781 880; x_wconf 86' lang='lat' dir='ltr'><em>non</em></span> <span class='ocrx_word' id='word_1_193' title='bbox 1787 848 1861 890; x_wconf 78' lang='lat' dir='ltr'><em>&#39;posse</em></span> <span class='ocrx_word' id='word_1_194' title='bbox 1872 847 1911 880; x_wconf 81' lang='lat' dir='ltr'><em>ab</em></span> <span class='ocrx_word' id='word_1_195' title='bbox 1922 853 2105 893; x_wconf 80' lang='lat' dir='ltr'><em>Imperatore</em></span> <span class='ocrx_word' id='word_1_196' title='bbox 2116 872 2128 888; x_wconf 92' lang='lat'>‚</span> 
     </span>
     <span class='ocr_line' id='line_1_17' title="bbox 288 894 2130 942; baseline 0.001 -12"><span class='ocrx_word' id='word_1_197' title='bbox 288 894 411 930; x_wconf 70' lang='lat' dir='ltr'><em>rhenum</em></span> <span class='ocrx_word' id='word_1_198' title='bbox 422 895 635 932; x_wconf 68' lang='lat' dir='ltr'><em>Patriarcbam</em></span> <span class='ocrx_word' id='word_1_199' title='bbox 646 921 657 938; x_wconf 92' lang='lat'>‚</span> <span class='ocrx_word' id='word_1_200' title='bbox 684 902 735 940; x_wconf 84' lang='lat' dir='ltr'><em>qui</em></span> <span class='ocrx_word' id='word_1_201' title='bbox 739 900 774 942; x_wconf 85' lang='lat' dir='ltr'><strong><em>J</em></strong></span> <span class='ocrx_word' id='word_1_202' title='bbox 775 907 900 931; x_wconf 85' lang='lat' dir='ltr'><em>oannem</em></span> <span class='ocrx_word' id='word_1_203' title='bbox 925 896 1184 939; x_wconf 77' lang='lat' dir='ltr'><em>Constantinopoli·</em></span> <span class='ocrx_word' id='word_1_204' title='bbox 1245 905 1276 927; x_wconf 88' lang='lat' dir='ltr'><em>eo</em></span> <span class='ocrx_word' id='word_1_205' title='bbox 1287 896 1367 938; x_wconf 84' lang='lat' dir='ltr'><em>quod</em></span> <span class='ocrx_word' id='word_1_206' title='bbox 1379 894 1419 936; x_wconf 81' lang='lat' dir='ltr'><em>sit</em></span> <span class='ocrx_word' id='word_1_207' title='bbox 1429 897 1637 929; x_wconf 80' lang='lat' dir='ltr'><em>indumentum</em></span> <span class='ocrx_word' id='word_1_208' title='bbox 1648 895 1892 938; x_wconf 78' lang='lat' dir='ltr'><em>Ecclest&#39;asticum.</em></span> <span class='ocrx_word' id='word_1_209' title='bbox 1910 902 2011 931; x_wconf 73' lang='lat' dir='ltr'><em>‘Nam</em></span> <span class='ocrx_word' id='word_1_210' title='bbox 2018 907 2130 939; x_wconf 82' lang='lat' dir='ltr'><em>praete·</em></span> 
     </span>
     <span class='ocr_line' id='line_1_18' title="bbox 289 943 2132 991; baseline 0 -11"><span class='ocrx_word' id='word_1_211' title='bbox 289 955 394 980; x_wconf 84' lang='lat' dir='ltr'><em>tanum</em></span> <span class='ocrx_word' id='word_1_212' title='bbox 406 944 570 989; x_wconf 83' lang='lat' dir='ltr'><em>Praesulem</em></span> <span class='ocrx_word' id='word_1_213' title='bbox 581 957 648 981; x_wconf 87' lang='lat' dir='ltr'><em>voce</em></span> <span class='ocrx_word' id='word_1_214' title='bbox 670 947 765 980; x_wconf 85' lang='lat' dir='ltr'><em>libera</em></span> <span class='ocrx_word' id='word_1_215' title='bbox 785 946 1004 990; x_wconf 81' lang='lat' dir='ltr'><em>reprehendens</em></span> <span class='ocrx_word' id='word_1_216' title='bbox 1014 973 1026 989; x_wconf 88' lang='lat'><em>,</em></span> <span class='ocrx_word' id='word_1_217' title='bbox 1056 952 1186 989; x_wconf 81' lang='lat' dir='ltr'><em>Impera·</em></span> <span class='ocrx_word' id='word_1_218' title='bbox 1245 956 1296 978; x_wconf 85' lang='lat' dir='ltr'><em>rea</em></span> <span class='ocrx_word' id='word_1_219' title='bbox 1305 943 1436 988; x_wconf 83' lang='lat' dir='ltr'><em>suspicor</em></span> <span class='ocrx_word' id='word_1_220' title='bbox 1446 947 1580 980; x_wconf 80' lang='lat' dir='ltr'><em>Pallium</em></span> <span class='ocrx_word' id='word_1_221' title='bbox 1592 954 1682 979; x_wconf 80' lang='lat' dir='ltr'><em>aetate</em></span> <span class='ocrx_word' id='word_1_222' title='bbox 1697 946 1845 989; x_wconf 77' lang='lat' dir='ltr'><em>Theodofii</em></span> <span class='ocrx_word' id='word_1_223' title='bbox 1858 958 1916 980; x_wconf 89' lang='lat' dir='ltr'><em>non</em></span> <span class='ocrx_word' id='word_1_224' title='bbox 1932 947 2024 991; x_wconf 76' lang='lat' dir='ltr'><em>futffe</em></span> <span class='ocrx_word' id='word_1_225' title='bbox 2032 953 2066 981; x_wconf 85' lang='lat' dir='ltr'><em>in</em></span> <span class='ocrx_word' id='word_1_226' title='bbox 2076 947 2132 991; x_wconf 83' lang='lat' dir='ltr'><em>usu</em></span> 
     </span>
     <span class='ocr_line' id='line_1_19' title="bbox 288 994 2134 1042; baseline 0.004 -12"><span class='ocrx_word' id='word_1_227' title='bbox 288 1001 360 1030; x_wconf 84' lang='lat' dir='ltr'><em>toris</em></span> <span class='ocrx_word' id='word_1_228' title='bbox 364 999 397 1042; x_wconf 87' lang='lat' dir='ltr'><em>J</em></span> <span class='ocrx_word' id='word_1_229' title='bbox 400 994 571 1040; x_wconf 65' lang='lat' dir='ltr'><em>ustinijiffu</em></span> <span class='ocrx_word' id='word_1_230' title='bbox 578 996 720 1039; x_wconf 80' lang='lat' dir='ltr'><em>detrusus</em></span> <span class='ocrx_word' id='word_1_231' title='bbox 732 1003 765 1031; x_wconf 81' lang='lat' dir='ltr'><em>in</em></span> <span class='ocrx_word' id='word_1_232' title='bbox 776 999 900 1031; x_wconf 76' lang='lat' dir='ltr'><em>exilium</em></span> <span class='ocrx_word' id='word_1_233' title='bbox 911 1021 922 1037; x_wconf 90' lang='lat'>‚</span> <span class='ocrx_word' id='word_1_234' title='bbox 946 1000 984 1031; x_wconf 85' lang='lat' dir='ltr'><em>ab</em></span> <span class='ocrx_word' id='word_1_235' title='bbox 1009 996 1185 1040; x_wconf 77' lang='lat' dir='ltr'><em>ipfisJoan-</em></span> <span class='ocrx_word' id='word_1_236' title='bbox 1246 997 1333 1036; x_wconf 76' lang='lat' dir='ltr'><em>apua</em></span> <span class='ocrx_word' id='word_1_237' title='bbox 1340 994 1497 1037; x_wconf 82' lang='lat' dir='ltr'><em>Ecclefiam</em></span> <span class='ocrx_word' id='word_1_238' title='bbox 1513 1019 1520 1026; x_wconf 85' lang='lat'>.</span> <span class='ocrx_word' id='word_1_239' title='bbox 1546 1000 1655 1038; x_wconf 82' lang='lat' dir='ltr'><em>Neque</em></span> <span class='ocrx_word' id='word_1_240' title='bbox 1665 996 1740 1030; x_wconf 81' lang='lat' dir='ltr'><em>mibi</em></span> <span class='ocrx_word' id='word_1_241' title='bbox 1752 997 1912 1030; x_wconf 72' lang='lat' dir='ltr'><em>admodum</em></span> <span class='ocrx_word' id='word_1_242' title='bbox 1921 999 2041 1039; x_wconf 85' lang='lat' dir='ltr'><em>placet,</em></span> <span class='ocrx_word' id='word_1_243' title='bbox 2052 999 2134 1041; x_wconf 70' lang='lat' dir='ltr'><em>quod</em></span> 
     </span>
     <span class='ocr_line' id='line_1_20' title="bbox 286 1044 2137 1091; baseline -0.001 -11"><span class='ocrx_word' id='word_1_244' title='bbox 286 1052 337 1082; x_wconf 77' lang='lat' dir='ltr'><em>nis</em></span> <span class='ocrx_word' id='word_1_245' title='bbox 350 1049 446 1088; x_wconf 79' lang='lat' dir='ltr'><em>Papae</em></span> <span class='ocrx_word' id='word_1_246' title='bbox 458 1046 639 1088; x_wconf 83' lang='lat' dir='ltr'><em>temporibus</em></span> <span class='ocrx_word' id='word_1_247' title='bbox 650 1045 743 1090; x_wconf 81' lang='lat' dir='ltr'><em>usque</em></span> <span class='ocrx_word' id='word_1_248' title='bbox 748 1046 1058 1091; x_wconf 60' lang='lat' dir='ltr'><em>adsuil’ontiftcatus</em></span> <span class='ocrx_word' id='word_1_249' title='bbox 1078 1055 1182 1089; x_wconf 62' lang='lat' dir='ltr'><em>tempo</em></span> <span class='ocrx_word' id='word_1_250' title='bbox 1239 1044 1348 1087; x_wconf 80' lang='lat' dir='ltr'><em>scribit</em></span> <span class='ocrx_word' id='word_1_251' title='bbox 1359 1045 1549 1087; x_wconf 85' lang='lat' dir='ltr'><em>Anastasius,</em></span> <span class='ocrx_word' id='word_1_252' title='bbox 1574 1049 1711 1080; x_wconf 89' lang='lat' dir='ltr'><em>Marcum</em></span> <span class='ocrx_word' id='word_1_253' title='bbox 1724 1049 1844 1090; x_wconf 85' lang='lat' dir='ltr'><em>Papam</em></span> <span class='ocrx_word' id='word_1_254' title='bbox 1854 1046 1998 1090; x_wconf 84' lang='lat' dir='ltr'><em>Episcopo</em></span> <span class='ocrx_word' id='word_1_255' title='bbox 2012 1047 2137 1089; x_wconf 77' lang='lat' dir='ltr'><em>ostiensi</em></span> 
     </span>
     <span class='ocr_line' id='line_1_21' title="bbox 285 1095 2129 1141; baseline 0.001 -11"><span class='ocrx_word' id='word_1_256' title='bbox 285 1108 324 1134; x_wconf 80' lang='lat' dir='ltr'><em>ra</em></span> <span class='ocrx_word' id='word_1_257' title='bbox 337 1095 560 1138; x_wconf 82' lang='lat' dir='ltr'><em>permanebat,</em></span> <span class='ocrx_word' id='word_1_258' title='bbox 585 1108 655 1130; x_wconf 78' lang='lat' dir='ltr'><em>mox</em></span> <span class='ocrx_word' id='word_1_259' title='bbox 683 1105 715 1130; x_wconf 89' lang='lat' dir='ltr'><em>ut</em></span> <span class='ocrx_word' id='word_1_260' title='bbox 737 1096 886 1141; x_wconf 85' lang='lat' dir='ltr'><em>summum</em></span> <span class='ocrx_word' id='word_1_261' title='bbox 906 1101 1105 1133; x_wconf 79' lang='lat' dir='ltr'><em>Sacerdotium</em></span> <span class='ocrx_word' id='word_1_262' title='bbox 1126 1108 1183 1130; x_wconf 87' lang='lat' dir='ltr'><em>me-</em></span> <span class='ocrx_word' id='word_1_263' title='bbox 1243 1096 1390 1138; x_wconf 75' lang='lat' dir='ltr'><em>conceffiffe</em></span> <span class='ocrx_word' id='word_1_264' title='bbox 1401 1120 1414 1137; x_wconf 90' lang='lat'><em>,</em></span> <span class='ocrx_word' id='word_1_265' title='bbox 1441 1106 1474 1129; x_wconf 91' lang='lat' dir='ltr'><em>ut</em></span> <span class='ocrx_word' id='word_1_266' title='bbox 1489 1097 1586 1130; x_wconf 84' lang='lat' dir='ltr'><em>Pallio</em></span> <span class='ocrx_word' id='word_1_267' title='bbox 1597 1103 1642 1131; x_wconf 86' lang='lat' dir='ltr'><em>uti</em></span> <span class='ocrx_word' id='word_1_268' title='bbox 1652 1097 1741 1141; x_wconf 84' lang='lat' dir='ltr'><em>poffet</em></span> <span class='ocrx_word' id='word_1_269' title='bbox 1752 1103 1786 1132; x_wconf 81' lang='lat' dir='ltr'><em>in</em></span> <span class='ocrx_word' id='word_1_270' title='bbox 1802 1095 2129 1141; x_wconf 66' lang='lat' dir='ltr'><em>confrcrationesummi</em></span> 
     </span>
     <span class='ocr_line' id='line_1_22' title="bbox 281 1143 1417 1193; baseline -0.008 -7"><span class='ocrx_word' id='word_1_271' title='bbox 281 1149 369 1187; x_wconf 67' lang='lat'><em>’&#39;¹⁴5¹&#39;&#39;</em></span> <span class='ocrx_word' id='word_1_272' title='bbox 395 1151 550 1185; x_wconf 59' lang='lat' dir='ltr'><em>cumiani·</em></span> <span class='ocrx_word' id='word_1_273' title='bbox 564 1146 768 1181; x_wconf 78' lang='lat' dir='ltr'><em>Patriarcbas</em></span> <span class='ocrx_word' id='word_1_274' title='bbox 793 1157 960 1193; x_wconf 62' lang='lat' dir='ltr'><em>moutam,</em></span> <span class='ocrx_word' id='word_1_275' title='bbox 987 1148 1099 1182; x_wconf 82' lang='lat' dir='ltr'><em>talibus</em></span> <span class='ocrx_word' id='word_1_276' title='bbox 1107 1151 1181 1181; x_wconf 82' lang='lat' dir='ltr'><em>scri·</em></span> <span class='ocrx_word' id='word_1_277' title='bbox 1245 1143 1417 1187; x_wconf 80' lang='lat' dir='ltr'><em>Pontificis.</em></span> 
     </span>
     <span class='ocr_line' id='line_1_23' title="bbox 281 1193 2132 1241; baseline 0.001 -13"><span class='ocrx_word' id='word_1_278' title='bbox 281 1201 348 1239; x_wconf 78' lang='lat' dir='ltr'><em>ptis</em></span> <span class='ocrx_word' id='word_1_279' title='bbox 359 1201 513 1230; x_wconf 80' lang='lat' dir='ltr'><em>animavit</em></span> <span class='ocrx_word' id='word_1_280' title='bbox 525 1220 533 1227; x_wconf 92' lang='lat'><strong>.</strong></span> <span class='ocrx_word' id='word_1_281' title='bbox 560 1195 716 1232; x_wconf 87' lang='lat' dir='ltr'><em>Praeterea</em></span> <span class='ocrx_word' id='word_1_282' title='bbox 726 1198 805 1232; x_wconf 83' lang='lat' dir='ltr'><em>ficut</em></span> <span class='ocrx_word' id='word_1_283' title='bbox 816 1197 1014 1241; x_wconf 73' lang='lat' dir='ltr'><em>Ratriarchis</em></span> <span class='ocrx_word' id='word_1_284' title='bbox 1024 1199 1109 1238; x_wconf 88' lang='lat' dir='ltr'><em>aliis,</em></span> <span class='ocrx_word' id='word_1_285' title='bbox 1120 1196 1179 1231; x_wconf 85' lang='lat' dir='ltr'><em>Pa-</em></span> <span class='ocrx_word' id='word_1_286' title='bbox 1294 1193 1498 1236; x_wconf 87' lang='lat' dir='ltr'><em>Respondeo·</em></span> <span class='ocrx_word' id='word_1_287' title='bbox 1511 1195 1704 1229; x_wconf 86' lang='lat' dir='ltr'><em>Dominum</em></span> <span class='ocrx_word' id='word_1_288' title='bbox 1727 1197 1938 1232; x_wconf 75' lang='lat' dir='ltr'><em>Cardinalem</em></span> <span class='ocrx_word' id='word_1_289' title='bbox 1951 1198 2132 1233; x_wconf 64' lang='lat' dir='ltr'><em>Bar-onium</em></span> 
     </span>
     <span class='ocr_line' id='line_1_24' title="bbox 285 1243 2132 1291; baseline 0.001 -12"><span class='ocrx_word' id='word_1_290' title='bbox 285 1245 376 1279; x_wconf 81' lang='lat' dir='ltr'><em>ribus</em></span> <span class='ocrx_word' id='word_1_291' title='bbox 389 1244 501 1279; x_wconf 84' lang='lat' dir='ltr'><em>vestris</em></span> <span class='ocrx_word' id='word_1_292' title='bbox 513 1270 524 1286; x_wconf 89' lang='lat'><em>,</em></span> <span class='ocrx_word' id='word_1_293' title='bbox 549 1245 752 1289; x_wconf 84' lang='lat' dir='ltr'><em>Synodicarn</em></span> <span class='ocrx_word' id='word_1_294' title='bbox 765 1247 859 1281; x_wconf 90' lang='lat' dir='ltr'><em>vobis</em></span> <span class='ocrx_word' id='word_1_295' title='bbox 868 1248 1040 1291; x_wconf 85' lang='lat' dir='ltr'><em>epistolam</em></span> <span class='ocrx_word' id='word_1_296' title='bbox 1051 1247 1154 1280; x_wconf 84' lang='lat' dir='ltr'><em>direxi</em></span> <span class='ocrx_word' id='word_1_297' title='bbox 1169 1270 1176 1277; x_wconf 94' lang='lat'><strong>.</strong></span> <span class='ocrx_word' id='word_1_298' title='bbox 1243 1243 1408 1277; x_wconf 68' lang='lat' dir='ltr'><em>rectiffime</em></span> <span class='ocrx_word' id='word_1_299' title='bbox 1429 1244 1632 1284; x_wconf 83' lang='lat' dir='ltr'><em>contendere</em></span> <span class='ocrx_word' id='word_1_300' title='bbox 1643 1243 1787 1278; x_wconf 83' lang='lat' dir='ltr'><em>Pallium</em></span> <span class='ocrx_word' id='word_1_301' title='bbox 1798 1268 1810 1285; x_wconf 87' lang='lat'><em>,</em></span> <span class='ocrx_word' id='word_1_302' title='bbox 1831 1247 1990 1287; x_wconf 77' lang='lat' dir='ltr'><em>&#39;quoniam</em></span> <span class='ocrx_word' id='word_1_303' title='bbox 2011 1249 2057 1280; x_wconf 84' lang='lat' dir='ltr'><em>est</em></span> <span class='ocrx_word' id='word_1_304' title='bbox 2070 1249 2132 1290; x_wconf 58' lang='lat' dir='ltr'><em>Ede,</em></span> 
     </span>
     <span class='ocr_line' id='line_1_25' title="bbox 282 1292 2135 1341; baseline 0.001 -12"><span class='ocrx_word' id='word_1_305' title='bbox 282 1295 372 1341; x_wconf 82' lang='lat' dir='ltr'><em>Qia</em></span> <span class='ocrx_word' id='word_1_306' title='bbox 384 1294 471 1338; x_wconf 86' lang='lat' dir='ltr'><em>apud</em></span> <span class='ocrx_word' id='word_1_307' title='bbox 494 1306 548 1329; x_wconf 89' lang='lat' dir='ltr'><em>me</em></span> <span class='ocrx_word' id='word_1_308' title='bbox 573 1297 697 1339; x_wconf 84' lang='lat' dir='ltr'><em>semper</em></span> <span class='ocrx_word' id='word_1_309' title='bbox 708 1296 772 1331; x_wconf 91' lang='lat' dir='ltr'><em>hoc</em></span> <span class='ocrx_word' id='word_1_310' title='bbox 782 1295 877 1336; x_wconf 87' lang='lat' dir='ltr'><em>estis,</em></span> <span class='ocrx_word' id='word_1_311' title='bbox 904 1295 993 1339; x_wconf 90' lang='lat' dir='ltr'><em>quod</em></span> <span class='ocrx_word' id='word_1_312' title='bbox 1013 1308 1055 1330; x_wconf 84' lang='lat' dir='ltr'><em>ex</em></span> <span class='ocrx_word' id='word_1_313' title='bbox 1069 1295 1177 1330; x_wconf 84' lang='lat' dir='ltr'><em>omni·</em></span> <span class='ocrx_word' id='word_1_314' title='bbox 1242 1292 1453 1327; x_wconf 85' lang='lat' dir='ltr'><em>clefiassicum</em></span> <span class='ocrx_word' id='word_1_315' title='bbox 1473 1293 1753 1335; x_wconf 79' lang='lat' dir='ltr'><em>vestimentum.‚.</em></span> <span class='ocrx_word' id='word_1_316' title='bbox 1770 1294 1870 1329; x_wconf 88' lang='lat' dir='ltr'><em>tribui</em></span> <span class='ocrx_word' id='word_1_317' title='bbox 1896 1307 1965 1329; x_wconf 89' lang='lat' dir='ltr'><em>non</em></span> <span class='ocrx_word' id='word_1_318' title='bbox 1986 1296 2075 1338; x_wconf 79' lang='lat' dir='ltr'><em>posse</em></span> <span class='ocrx_word' id='word_1_319' title='bbox 2090 1295 2135 1331; x_wconf 65' lang='lat' dir='ltr'><em>ab</em></span> 
     </span>
     <span class='ocr_line' id='line_1_26' title="bbox 279 1340 2136 1389; baseline 0.001 -10"><span class='ocrx_word' id='word_1_320' title='bbox 279 1345 425 1388; x_wconf 77' lang='lat' dir='ltr'><em>potentis</em></span> <span class='ocrx_word' id='word_1_321' title='bbox 446 1344 513 1378; x_wconf 88' lang='lat' dir='ltr'><em>Dei</em></span> <span class='ocrx_word' id='word_1_322' title='bbox 532 1356 668 1379; x_wconf 88' lang='lat' dir='ltr'><em>munere</em></span> <span class='ocrx_word' id='word_1_323' title='bbox 690 1345 860 1389; x_wconf 86' lang='lat' dir='ltr'><em>accepistis</em></span> <span class='ocrx_word' id='word_1_324' title='bbox 880 1346 960 1387; x_wconf 80' lang='lat' dir='ltr'><em>effe,</em></span> <span class='ocrx_word' id='word_1_325' title='bbox 989 1358 1059 1382; x_wconf 88' lang='lat' dir='ltr'><em>non</em></span> <span class='ocrx_word' id='word_1_326' title='bbox 1086 1344 1176 1389; x_wconf 89' lang='lat' dir='ltr'><em>quod</em></span> <span class='ocrx_word' id='word_1_327' title='bbox 1241 1341 1441 1386; x_wconf 80' lang='lat' dir='ltr'><em>Imperatore</em></span> <span class='ocrx_word' id='word_1_328' title='bbox 1455 1367 1473 1379; x_wconf 68' lang='grc'><em>.,</em></span> <span class='ocrx_word' id='word_1_329' title='bbox 1492 1340 1618 1378; x_wconf 81' lang='lat' dir='ltr'><em>Eadem</em></span> <span class='ocrx_word' id='word_1_330' title='bbox 1631 1344 1723 1378; x_wconf 84' lang='lat' dir='ltr'><em>enim</em></span> <span class='ocrx_word' id='word_1_331' title='bbox 1733 1344 1877 1379; x_wconf 71' lang='lat' dir='ltr'><em>decausa</em></span> <span class='ocrx_word' id='word_1_332' title='bbox 1890 1345 2038 1380; x_wconf 85' lang='lat' dir='ltr'><em>Romani</em></span> <span class='ocrx_word' id='word_1_333' title='bbox 2048 1345 2136 1380; x_wconf 71' lang='lat' dir='ltr'><em>Pon-</em></span> 
     </span>
     <span class='ocr_line' id='line_1_27' title="bbox 279 1393 2133 1439; baseline 0.001 -11"><span class='ocrx_word' id='word_1_334' title='bbox 279 1406 328 1428; x_wconf 80' lang='lat' dir='ltr'><em>ex-</em></span> <span class='ocrx_word' id='word_1_335' title='bbox 344 1394 513 1428; x_wconf 86' lang='lat' dir='ltr'><em>voluntate</em></span> <span class='ocrx_word' id='word_1_336' title='bbox 540 1393 715 1430; x_wconf 81' lang='lat' dir='ltr'><em>hom-inum</em></span> <span class='ocrx_word' id='word_1_337' title='bbox 727 1395 892 1439; x_wconf 87' lang='lat' dir='ltr'><em>putamini</em></span> <span class='ocrx_word' id='word_1_338' title='bbox 905 1407 973 1430; x_wconf 87' lang='lat' dir='ltr'><em>non</em></span> <span class='ocrx_word' id='word_1_339' title='bbox 986 1397 1068 1431; x_wconf 79' lang='lat' dir='ltr'><em>effe.</em></span> <span class='ocrx_word' id='word_1_340' title='bbox 1098 1400 1175 1429; x_wconf 81' lang='lat' dir='ltr'><em>Item</em></span> <span class='ocrx_word' id='word_1_341' title='bbox 1241 1393 1365 1432; x_wconf 84' lang='lat' dir='ltr'><em>tifices,</em></span> <span class='ocrx_word' id='word_1_342' title='bbox 1390 1393 1547 1428; x_wconf 83' lang='lat' dir='ltr'><em>&amp;omnis</em></span> <span class='ocrx_word' id='word_1_343' title='bbox 1569 1393 1691 1429; x_wconf 80' lang='lat' dir='ltr'><em>Latina</em></span> <span class='ocrx_word' id='word_1_344' title='bbox 1713 1395 1880 1437; x_wconf 76' lang='lat' dir='ltr'><em>Ecclesia,</em></span> <span class='ocrx_word' id='word_1_345' title='bbox 1905 1396 1940 1429; x_wconf 74' lang='grc' dir='ltr'><em>δε</em></span> <span class='ocrx_word' id='word_1_346' title='bbox 1958 1396 2133 1438; x_wconf 66' lang='lat' dir='ltr'><em>Imperatoe</em></span> 
     </span>
     <span class='ocr_line' id='line_1_28' title="bbox 278 1443 2135 1490; baseline 0.001 -12"><span class='ocrx_word' id='word_1_347' title='bbox 278 1445 374 1481; x_wconf 81' lang='lat' dir='ltr'><em>eidem</em></span> <span class='ocrx_word' id='word_1_348' title='bbox 387 1450 419 1477; x_wconf 83' lang='lat' dir='ltr'><em>in</em></span> <span class='ocrx_word' id='word_1_349' title='bbox 429 1446 490 1477; x_wconf 87' lang='lat' dir='ltr'><em>alia</em></span> <span class='ocrx_word' id='word_1_350' title='bbox 501 1443 618 1486; x_wconf 74' lang='lat' dir='ltr'><em>epistola</em></span> <span class='ocrx_word' id='word_1_351' title='bbox 623 1446 687 1487; x_wconf 85' lang='lat' dir='ltr'><em>post</em></span> <span class='ocrx_word' id='word_1_352' title='bbox 708 1447 852 1482; x_wconf 86' lang='lat' dir='ltr'><em>nonnulla</em></span> <span class='ocrx_word' id='word_1_353' title='bbox 869 1445 1024 1490; x_wconf 81' lang='lat' dir='ltr'><em>scribens:</em></span> <span class='ocrx_word' id='word_1_354' title='bbox 1053 1447 1176 1479; x_wconf 85' lang='lat' dir='ltr'><em>Frater·</em></span> <span class='ocrx_word' id='word_1_355' title='bbox 1241 1451 1309 1477; x_wconf 88' lang='lat' dir='ltr'><em>rem</em></span> <span class='ocrx_word' id='word_1_356' title='bbox 1323 1466 1335 1483; x_wconf 96' lang='lat'><em>,</em></span> <span class='ocrx_word' id='word_1_357' title='bbox 1360 1444 1523 1479; x_wconf 87' lang='lat' dir='ltr'><em>&amp;omnes</em></span> <span class='ocrx_word' id='word_1_358' title='bbox 1534 1443 1642 1488; x_wconf 87' lang='lat' dir='ltr'><em>Reges</em></span> <span class='ocrx_word' id='word_1_359' title='bbox 1653 1445 1789 1479; x_wconf 76' lang='lat' dir='ltr'><em>exclusit</em></span> <span class='ocrx_word' id='word_1_360' title='bbox 1807 1445 2062 1485; x_wconf 77' lang='lat' dir='ltr'><em>abAntistitum</em></span> <span class='ocrx_word' id='word_1_361' title='bbox 2083 1447 2135 1480; x_wconf 73' lang='lat' dir='ltr'><em>lw-</em></span> 
     </span>
     <span class='ocr_line' id='line_1_29' title="bbox 278 1492 2132 1539; baseline 0.001 -11"><span class='ocrx_word' id='word_1_362' title='bbox 278 1495 377 1532; x_wconf 77' lang='lat' dir='ltr'><em>nitati</em></span> <span class='ocrx_word' id='word_1_363' title='bbox 401 1504 463 1528; x_wconf 80' lang='lat' dir='ltr'><em>tuae</em></span> <span class='ocrx_word' id='word_1_364' title='bbox 474 1495 611 1536; x_wconf 83' lang='lat' dir='ltr'><em>indico,</em></span> <span class='ocrx_word' id='word_1_365' title='bbox 638 1496 969 1539; x_wconf 72' lang='lat' dir='ltr'><em>quiaaSereniffimis</em></span> <span class='ocrx_word' id='word_1_366' title='bbox 989 1495 1176 1537; x_wconf 88' lang='lat' dir='ltr'><em>Dominis,</em></span> <span class='ocrx_word' id='word_1_367' title='bbox 1241 1492 1393 1527; x_wconf 88' lang='lat' dir='ltr'><em>vestitura</em></span> <span class='ocrx_word' id='word_1_368' title='bbox 1430 1503 1485 1535; x_wconf 87' lang='lat' dir='ltr'><em>per</em></span> <span class='ocrx_word' id='word_1_369' title='bbox 1520 1495 1759 1536; x_wconf 74' lang='lat' dir='ltr'><em>porreffionem</em></span> <span class='ocrx_word' id='word_1_370' title='bbox 1786 1495 1994 1539; x_wconf 77' lang='lat' dir='ltr'><em>Episcopalis</em></span> <span class='ocrx_word' id='word_1_371' title='bbox 2021 1495 2132 1530; x_wconf 50' lang='lat' dir='ltr'><em>Pedis.</em></span> 
     </span>
     <span class='ocr_line' id='line_1_30' title="bbox 279 1542 2134 1589; baseline 0.001 -10"><span class='ocrx_word' id='word_1_372' title='bbox 279 1544 412 1589; x_wconf 78' lang='lat' dir='ltr'><em>quantis</em></span> <span class='ocrx_word' id='word_1_373' title='bbox 423 1545 513 1581; x_wconf 87' lang='lat' dir='ltr'><em>valui</em></span> <span class='ocrx_word' id='word_1_374' title='bbox 534 1545 684 1589; x_wconf 82' lang='lat' dir='ltr'><em>precibus</em></span> <span class='ocrx_word' id='word_1_375' title='bbox 698 1570 708 1584; x_wconf 94' lang='lat'><em>‚</em></span> <span class='ocrx_word' id='word_1_376' title='bbox 735 1546 898 1588; x_wconf 81' lang='lat' dir='ltr'><em>postulavi</em></span> <span class='ocrx_word' id='word_1_377' title='bbox 912 1570 924 1585; x_wconf 93' lang='lat'><em>,</em></span> <span class='ocrx_word' id='word_1_378' title='bbox 951 1555 989 1580; x_wconf 90' lang='lat' dir='ltr'><em>ut</em></span> <span class='ocrx_word' id='word_1_379' title='bbox 1008 1556 1091 1585; x_wconf 90' lang='lat' dir='ltr'><em>vos,</em></span> <span class='ocrx_word' id='word_1_380' title='bbox 1117 1542 1176 1579; x_wconf 88' lang='lat' dir='ltr'><em>ho·</em></span> <span class='ocrx_word' id='word_1_381' title='bbox 1242 1542 1386 1576; x_wconf 80' lang='lat' dir='ltr'><em>Romani</em></span> <span class='ocrx_word' id='word_1_382' title='bbox 1429 1542 1612 1578; x_wconf 84' lang='lat' dir='ltr'><em>Pontifices</em></span> <span class='ocrx_word' id='word_1_383' title='bbox 1635 1555 1695 1588; x_wconf 90' lang='lat' dir='ltr'><em>pro</em></span> <span class='ocrx_word' id='word_1_384' title='bbox 1719 1544 1778 1578; x_wconf 85' lang='lat' dir='ltr'><em>ista</em></span> <span class='ocrx_word' id='word_1_385' title='bbox 1800 1544 1950 1579; x_wconf 74' lang='lat' dir='ltr'><em>Ecclefiae</em></span> <span class='ocrx_word' id='word_1_386' title='bbox 1984 1544 2134 1582; x_wconf 71' lang='lat' dir='ltr'><em>libertate</em></span> 
     </span>
     <span class='ocr_line' id='line_1_31' title="bbox 277 1593 2133 1639; baseline 0.002 -11"><span class='ocrx_word' id='word_1_387' title='bbox 277 1606 359 1628; x_wconf 88' lang='lat' dir='ltr'><em>nore</em></span> <span class='ocrx_word' id='word_1_388' title='bbox 385 1594 536 1628; x_wconf 86' lang='lat' dir='ltr'><em>restituto</em></span> <span class='ocrx_word' id='word_1_389' title='bbox 557 1617 568 1634; x_wconf 91' lang='lat'><em>,</em></span> <span class='ocrx_word' id='word_1_390' title='bbox 598 1594 640 1627; x_wconf 84' lang='lat' dir='ltr'><em>ad</em></span> <span class='ocrx_word' id='word_1_391' title='bbox 672 1593 780 1628; x_wconf 64' lang='lat' dir='ltr'><em>Sandri</em></span> <span class='ocrx_word' id='word_1_392' title='bbox 815 1593 906 1629; x_wconf 85' lang='lat' dir='ltr'><em>Petri</em></span> <span class='ocrx_word' id='word_1_393' title='bbox 937 1594 1176 1639; x_wconf 84' lang='lat' dir='ltr'><em>Apostolorum</em></span> <span class='ocrx_word' id='word_1_394' title='bbox 1239 1602 1376 1634; x_wconf 85' lang='lat' dir='ltr'><em>quantas</em></span> <span class='ocrx_word' id='word_1_395' title='bbox 1412 1593 1447 1627; x_wconf 80' lang='grc' dir='ltr'><em>δι·</em></span> <span class='ocrx_word' id='word_1_396' title='bbox 1471 1594 1582 1635; x_wconf 87' lang='lat' dir='ltr'><em>quales</em></span> <span class='ocrx_word' id='word_1_397' title='bbox 1616 1594 1838 1630; x_wconf 84' lang='lat' dir='ltr'><em>sustinuerunt</em></span> <span class='ocrx_word' id='word_1_398' title='bbox 1873 1595 2133 1631; x_wconf 66' lang='lat' dir='ltr'><em>calamitates&amp;</em></span> 
     </span>
     <span class='ocr_line' id='line_1_32' title="bbox 275 1642 2133 1690; baseline 0.001 -12"><span class='ocrx_word' id='word_1_399' title='bbox 275 1642 440 1686; x_wconf 89' lang='lat' dir='ltr'><em>Principis</em></span> <span class='ocrx_word' id='word_1_400' title='bbox 462 1642 579 1677; x_wconf 84' lang='lat' dir='ltr'><em>limina</em></span> <span class='ocrx_word' id='word_1_401' title='bbox 597 1644 708 1678; x_wconf 86' lang='lat' dir='ltr'><em>venire</em></span> <span class='ocrx_word' id='word_1_402' title='bbox 732 1668 745 1684; x_wconf 91' lang='grc'>,</span> <span class='ocrx_word' id='word_1_403' title='bbox 771 1644 999 1690; x_wconf 57' lang='grc' dir='ltr'><em>διιςιιουίὶῑιιε</em></span> <span class='ocrx_word' id='word_1_404' title='bbox 1025 1647 1071 1680; x_wconf 87' lang='lat' dir='ltr'><em>ita</em></span> <span class='ocrx_word' id='word_1_405' title='bbox 1096 1645 1176 1680; x_wconf 89' lang='lat' dir='ltr'><em>Deo</em></span> <span class='ocrx_word' id='word_1_406' title='bbox 1239 1642 1478 1686; x_wconf 87' lang='lat' dir='ltr'><em>persecutiones</em></span> <span class='ocrx_word' id='word_1_407' title='bbox 1503 1645 1517 1677; x_wconf 67' lang='grc' dir='ltr'><strong><em>ἓ</em></strong></span> <span class='ocrx_word' id='word_1_408' title='bbox 1543 1644 1586 1676; x_wconf 89' lang='lat' dir='ltr'><em>Et</em></span> <span class='ocrx_word' id='word_1_409' title='bbox 1611 1644 1767 1678; x_wconf 83' lang='lat' dir='ltr'><em>existimo</em></span> <span class='ocrx_word' id='word_1_410' title='bbox 1787 1669 1799 1685; x_wconf 88' lang='lat'><em>,</em></span> <span class='ocrx_word' id='word_1_411' title='bbox 1834 1645 1924 1686; x_wconf 89' lang='lat' dir='ltr'><em>quod</em></span> <span class='ocrx_word' id='word_1_412' title='bbox 1946 1643 2133 1679; x_wconf 67' lang='lat' dir='ltr'><em>istudfiffi-</em></span> 
     </span>
     <span class='ocr_line' id='line_1_33' title="bbox 274 1692 2135 1752; baseline 0.001 -24"><span class='ocrx_word' id='word_1_413' title='bbox 274 1693 466 1738; x_wconf 68' lang='lat' dir='ltr'><em>placuerit,</em></span> <span class='ocrx_word' id='word_1_414' title='bbox 484 1692 539 1728; x_wconf 79' lang='lat' dir='ltr'><em>hic</em></span> <span class='ocrx_word' id='word_1_415' title='bbox 549 1703 678 1729; x_wconf 88' lang='lat' dir='ltr'><em>mecum</em></span> <span class='ocrx_word' id='word_1_416' title='bbox 702 1694 810 1729; x_wconf 87' lang='lat' dir='ltr'><em>vivere</em></span> <span class='ocrx_word' id='word_1_417' title='bbox 829 1696 1016 1730; x_wconf 81' lang='lat' dir='ltr'><em>concedant</em></span> <span class='ocrx_word' id='word_1_418' title='bbox 1029 1720 1041 1736; x_wconf 94' lang='lat'><em>,</em></span> <span class='ocrx_word' id='word_1_419' title='bbox 1066 1704 1175 1752; x_wconf 80' lang='lat' dir='ltr'><em>quate·</em></span> <span class='ocrx_word' id='word_1_420' title='bbox 1238 1693 1322 1726; x_wconf 88' lang='lat' dir='ltr'><em>tium</em></span> <span class='ocrx_word' id='word_1_421' title='bbox 1336 1692 1484 1736; x_wconf 84' lang='lat' dir='ltr'><em>diploma</em></span> <span class='ocrx_word' id='word_1_422' title='bbox 1497 1693 1706 1728; x_wconf 73' lang='lat' dir='ltr'><em>solummodo</em></span> <span class='ocrx_word' id='word_1_423' title='bbox 1719 1694 1891 1737; x_wconf 84' lang='lat' dir='ltr'><em>confirmet</em></span> <span class='ocrx_word' id='word_1_424' title='bbox 1904 1696 2018 1729; x_wconf 70' lang='lat' dir='ltr'><em>fastam</em></span> <span class='ocrx_word' id='word_1_425' title='bbox 2031 1694 2135 1729; x_wconf 69' lang='lat' dir='ltr'><em>ako·</em></span> 
     </span>
     <span class='ocr_line' id='line_1_34' title="bbox 276 1742 2133 1795; baseline 0 -16"><span class='ocrx_word' id='word_1_426' title='bbox 276 1744 340 1782; x_wconf 75' lang='lat' dir='ltr'><em>nus</em></span> <span class='ocrx_word' id='word_1_427' title='bbox 362 1744 444 1778; x_wconf 92' lang='lat' dir='ltr'><em>dum</em></span> <span class='ocrx_word' id='word_1_428' title='bbox 470 1754 529 1777; x_wconf 90' lang='lat' dir='ltr'><em>vos</em></span> <span class='ocrx_word' id='word_1_429' title='bbox 559 1744 670 1779; x_wconf 89' lang='lat' dir='ltr'><em>videre</em></span> <span class='ocrx_word' id='word_1_430' title='bbox 700 1755 849 1780; x_wconf 87' lang='lat' dir='ltr'><em>meruero</em></span> <span class='ocrx_word' id='word_1_431' title='bbox 865 1768 876 1785; x_wconf 87' lang='lat'><em>,</em></span> <span class='ocrx_word' id='word_1_432' title='bbox 899 1747 1176 1795; x_wconf 67' lang='lat' dir='ltr'><em>peregrinationis</em></span> <span class='ocrx_word' id='word_1_433' title='bbox 1238 1743 1344 1776; x_wconf 86' lang='lat' dir='ltr'><em>manis</em></span> <span class='ocrx_word' id='word_1_434' title='bbox 1356 1742 1576 1777; x_wconf 88' lang='lat' dir='ltr'><em>Pontificibus</em></span> <span class='ocrx_word' id='word_1_435' title='bbox 1590 1744 1749 1788; x_wconf 85' lang='lat' dir='ltr'><em>gratiam.</em></span> <span class='ocrx_word' id='word_1_436' title='bbox 1778 1744 1890 1778; x_wconf 87' lang='lat' dir='ltr'><em>Verba</em></span> <span class='ocrx_word' id='word_1_437' title='bbox 1915 1756 1983 1778; x_wconf 89' lang='lat' dir='ltr'><em>nou</em></span> <span class='ocrx_word' id='word_1_438' title='bbox 2006 1754 2133 1788; x_wconf 81' lang='lat' dir='ltr'><em>cogunt</em></span> 
     </span>
     <span class='ocr_line' id='line_1_35' title="bbox 276 1792 2132 1840; baseline 0.001 -13"><span class='ocrx_word' id='word_1_439' title='bbox 276 1793 557 1834; x_wconf 78' lang='lat' dir='ltr'><em>nostraetaedium,</em></span> <span class='ocrx_word' id='word_1_440' title='bbox 583 1793 624 1828; x_wconf 90' lang='lat' dir='ltr'><em>de</em></span> <span class='ocrx_word' id='word_1_441' title='bbox 636 1806 751 1830; x_wconf 84' lang='lat' dir='ltr'><em>aeterna</em></span> <span class='ocrx_word' id='word_1_442' title='bbox 768 1795 898 1832; x_wconf 69' lang='lat' dir='ltr'><em>Patria</em></span> <span class='ocrx_word' id='word_1_443' title='bbox 889 1807 1031 1830; x_wconf 79' lang='lat' dir='ltr'><em>invicem</em></span> <span class='ocrx_word' id='word_1_444' title='bbox 1043 1796 1176 1840; x_wconf 86' lang='lat' dir='ltr'><em>loquen</em></span> <span class='ocrx_word' id='word_1_445' title='bbox 1237 1793 1278 1826; x_wconf 87' lang='lat' dir='ltr'><em>ad</em></span> <span class='ocrx_word' id='word_1_446' title='bbox 1303 1793 1413 1827; x_wconf 83' lang='lat' dir='ltr'><em>aliud.</em></span> <span class='ocrx_word' id='word_1_447' title='bbox 1443 1793 1515 1828; x_wconf 89' lang='lat' dir='ltr'><em>Nec</em></span> <span class='ocrx_word' id='word_1_448' title='bbox 1537 1793 1659 1837; x_wconf 84' lang='lat' dir='ltr'><em>prodiit</em></span> <span class='ocrx_word' id='word_1_449' title='bbox 1680 1793 1740 1828; x_wconf 86' lang='lat' dir='ltr'><em>sub</em></span> <span class='ocrx_word' id='word_1_450' title='bbox 1757 1792 1940 1828; x_wconf 74' lang='lat' dir='ltr'><em>Theodosii</em></span> <span class='ocrx_word' id='word_1_451' title='bbox 1954 1819 1965 1835; x_wconf 94' lang='lat'><em>,</em></span> <span class='ocrx_word' id='word_1_452' title='bbox 1993 1794 2047 1828; x_wconf 90' lang='lat' dir='ltr'><em>sed</em></span> <span class='ocrx_word' id='word_1_453' title='bbox 2070 1794 2132 1829; x_wconf 76' lang='lat' dir='ltr'><em>sub</em></span> 
     </span>
     <span class='ocr_line' id='line_1_36' title="bbox 280 1842 2132 1891; baseline -0.001 -12"><span class='ocrx_word' id='word_1_454' title='bbox 280 1845 349 1891; x_wconf 86' lang='lat' dir='ltr'><em>do,</em></span> <span class='ocrx_word' id='word_1_455' title='bbox 375 1844 577 1878; x_wconf 84' lang='lat' dir='ltr'><em>relevemus.</em></span> <span class='ocrx_word' id='word_1_456' title='bbox 603 1847 739 1889; x_wconf 85' lang='lat' dir='ltr'><em>Denique</em></span> <span class='ocrx_word' id='word_1_457' title='bbox 753 1845 961 1888; x_wconf 78' lang='lat' dir='ltr'><em>studiofiffimus</em></span> <span class='ocrx_word' id='word_1_458' title='bbox 985 1850 1076 1879; x_wconf 85' lang='lat' dir='ltr'><em>Pater</em></span> <span class='ocrx_word' id='word_1_459' title='bbox 1100 1850 1175 1880; x_wconf 82' lang='lat' dir='ltr'><em>Gre-</em></span> <span class='ocrx_word' id='word_1_460' title='bbox 1239 1844 1375 1878; x_wconf 79' lang='lat' dir='ltr'><em>nomine</em></span> <span class='ocrx_word' id='word_1_461' title='bbox 1399 1842 1627 1878; x_wconf 75' lang='lat' dir='ltr'><em>Valentiniani</em></span> <span class='ocrx_word' id='word_1_462' title='bbox 1648 1844 1754 1879; x_wconf 88' lang='lat' dir='ltr'><em>tertii.</em></span> <span class='ocrx_word' id='word_1_463' title='bbox 1781 1843 1888 1878; x_wconf 76' lang='lat' dir='ltr'><em>Porro</em></span> <span class='ocrx_word' id='word_1_464' title='bbox 1898 1842 2035 1878; x_wconf 70' lang='lat' dir='ltr'><em>adducta</em></span> <span class='ocrx_word' id='word_1_465' title='bbox 2056 1845 2132 1879; x_wconf 51' lang='lat' dir='ltr'><em>Do,</em></span> 
     </span>
     <span class='ocr_line' id='line_1_37' title="bbox 272 1892 2129 1941; baseline 0.001 -13"><span class='ocrx_word' id='word_1_466' title='bbox 272 1900 375 1939; x_wconf 83' lang='lat' dir='ltr'><em>gorius</em></span> <span class='ocrx_word' id='word_1_467' title='bbox 383 1894 502 1928; x_wconf 86' lang='lat' dir='ltr'><em>tamdiu</em></span> <span class='ocrx_word' id='word_1_468' title='bbox 505 1904 598 1937; x_wconf 86' lang='lat' dir='ltr'><em>penes</em></span> <span class='ocrx_word' id='word_1_469' title='bbox 612 1899 791 1931; x_wconf 82' lang='lat' dir='ltr'><em>Mauricium</em></span> <span class='ocrx_word' id='word_1_470' title='bbox 802 1901 1014 1939; x_wconf 76' lang='lat' dir='ltr'><em>Imperatorem</em></span> <span class='ocrx_word' id='word_1_471' title='bbox 1019 1895 1177 1941; x_wconf 74' lang='lat' dir='ltr'><em>suggestio·</em></span> <span class='ocrx_word' id='word_1_472' title='bbox 1238 1893 1321 1927; x_wconf 90' lang='lat' dir='ltr'><em>mini</em></span> <span class='ocrx_word' id='word_1_473' title='bbox 1337 1892 1609 1938; x_wconf 85' lang='lat' dir='ltr'><em>Archi-Episcopi</em></span> <span class='ocrx_word' id='word_1_474' title='bbox 1622 1894 1762 1936; x_wconf 89' lang='lat' dir='ltr'><em>suspicio</em></span> <span class='ocrx_word' id='word_1_475' title='bbox 1775 1895 1819 1927; x_wconf 82' lang='lat' dir='ltr'><em>est</em></span> <span class='ocrx_word' id='word_1_476' title='bbox 1831 1905 1901 1928; x_wconf 88' lang='lat' dir='ltr'><em>non</em></span> <span class='ocrx_word' id='word_1_477' title='bbox 1914 1892 2129 1929; x_wconf 74' lang='lat' dir='ltr'><em>solummodo</em></span> 
     </span>
     <span class='ocr_line' id='line_1_38' title="bbox 278 1943 2131 1990; baseline -0.001 -11"><span class='ocrx_word' id='word_1_478' title='bbox 278 1945 366 1990; x_wconf 77' lang='lat' dir='ltr'><em>nibus</em></span> <span class='ocrx_word' id='word_1_479' title='bbox 383 1943 449 1988; x_wconf 78' lang='lat' dir='ltr'><em>suis</em></span> <span class='ocrx_word' id='word_1_480' title='bbox 459 1950 620 1982; x_wconf 77' lang='lat' dir='ltr'><em>imminuit</em></span> <span class='ocrx_word' id='word_1_481' title='bbox 630 1972 643 1988; x_wconf 96' lang='lat'><em>,</em></span> <span class='ocrx_word' id='word_1_482' title='bbox 669 1948 760 1981; x_wconf 85' lang='lat' dir='ltr'><em>donec</em></span> <span class='ocrx_word' id='word_1_483' title='bbox 777 1946 841 1989; x_wconf 84' lang='lat' dir='ltr'><em>post</em></span> <span class='ocrx_word' id='word_1_484' title='bbox 850 1948 1008 1980; x_wconf 88' lang='lat' dir='ltr'><em>multorum</em></span> <span class='ocrx_word' id='word_1_485' title='bbox 1025 1958 1173 1980; x_wconf 85' lang='lat' dir='ltr'><em>annorum</em></span> <span class='ocrx_word' id='word_1_486' title='bbox 1237 1944 1404 1979; x_wconf 83' lang='lat' dir='ltr'><em>temeraria</em></span> <span class='ocrx_word' id='word_1_487' title='bbox 1415 1967 1427 1982; x_wconf 90' lang='lat'><em>,</em></span> <span class='ocrx_word' id='word_1_488' title='bbox 1451 1944 1503 1978; x_wconf 90' lang='lat' dir='ltr'><em>sed</em></span> <span class='ocrx_word' id='word_1_489' title='bbox 1517 1945 1626 1987; x_wconf 86' lang='lat' dir='ltr'><em>palam</em></span> <span class='ocrx_word' id='word_1_490' title='bbox 1638 1944 1718 1978; x_wconf 83' lang='lat' dir='ltr'><em>falsa</em></span> <span class='ocrx_word' id='word_1_491' title='bbox 1732 1969 1742 1976; x_wconf 85' lang='grc'><strong>.</strong></span> <span class='ocrx_word' id='word_1_492' title='bbox 1767 1943 1871 1990; x_wconf 81' lang='lat' dir='ltr'><em>Qod</em></span> <span class='ocrx_word' id='word_1_493' title='bbox 1882 1945 1972 1978; x_wconf 87' lang='lat' dir='ltr'><em>enim</em></span> <span class='ocrx_word' id='word_1_494' title='bbox 1985 1944 2131 1978; x_wconf 84' lang='lat' dir='ltr'><em>Pallium</em></span> 
     </span>
     <span class='ocr_line' id='line_1_39' title="bbox 277 1992 2188 2041; baseline -0.001 -13"><span class='ocrx_word' id='word_1_495' title='bbox 277 1997 423 2030; x_wconf 83' lang='lat' dir='ltr'><em>curricula</em></span> <span class='ocrx_word' id='word_1_496' title='bbox 445 2000 575 2041; x_wconf 84' lang='lat' dir='ltr'><em>Magnus</em></span> <span class='ocrx_word' id='word_1_497' title='bbox 603 1995 770 2039; x_wconf 79' lang='lat' dir='ltr'><em>Anastafius</em></span> <span class='ocrx_word' id='word_1_498' title='bbox 777 2003 900 2040; x_wconf 84' lang='lat' dir='ltr'><em>proprio</em></span> <span class='ocrx_word' id='word_1_499' title='bbox 910 1996 1027 2030; x_wconf 88' lang='lat' dir='ltr'><em>Throno</em></span> <span class='ocrx_word' id='word_1_500' title='bbox 1038 1999 1173 2031; x_wconf 85' lang='lat' dir='ltr'><em>reddere·</em></span> <span class='ocrx_word' id='word_1_501' title='bbox 1237 1996 1275 2028; x_wconf 87' lang='lat' dir='ltr'><em>fit</em></span> <span class='ocrx_word' id='word_1_502' title='bbox 1288 1994 1517 2037; x_wconf 82' lang='lat' dir='ltr'><em>Apo‘stolicum</em></span> <span class='ocrx_word' id='word_1_503' title='bbox 1531 1994 1721 2029; x_wconf 80' lang='lat' dir='ltr'><em>institutum</em></span> <span class='ocrx_word' id='word_1_504' title='bbox 1733 2018 1744 2035; x_wconf 95' lang='lat'>‚</span> <span class='ocrx_word' id='word_1_505' title='bbox 1771 1992 1906 2029; x_wconf 82' lang='lat' dir='ltr'><em>confido</em></span> <span class='ocrx_word' id='word_1_506' title='bbox 1919 1997 1983 2029; x_wconf 78' lang='lat' dir='ltr'><em>effe</em></span> <span class='ocrx_word' id='word_1_507' title='bbox 1994 1995 2133 2029; x_wconf 87' lang='lat' dir='ltr'><em>demon·</em></span> <span class='ocrx_word' id='word_1_508' title='bbox 2181 2006 2188 2012; x_wconf 88' lang='lat'><em>·</em></span> 
     </span>
     <span class='ocr_line' id='line_1_40' title="bbox 279 2043 2130 2092; baseline 0.002 -12"><span class='ocrx_word' id='word_1_509' title='bbox 279 2056 328 2080; x_wconf 82' lang='lat' dir='ltr'><em>tur</em></span> <span class='ocrx_word' id='word_1_510' title='bbox 341 2072 349 2080; x_wconf 84' lang='lat'><strong>.</strong></span> <span class='ocrx_word' id='word_1_511' title='bbox 378 2047 538 2082; x_wconf 84' lang='lat' dir='ltr'><em>Anastafii</em></span> <span class='ocrx_word' id='word_1_512' title='bbox 551 2049 682 2082; x_wconf 80' lang='lat' dir='ltr'><em>causam</em></span> <span class='ocrx_word' id='word_1_513' title='bbox 694 2048 832 2092; x_wconf 82' lang='lat' dir='ltr'><em>exponit</em></span> <span class='ocrx_word' id='word_1_514' title='bbox 845 2047 1007 2092; x_wconf 82' lang='lat' dir='ltr'><em>Evagrius</em></span> <span class='ocrx_word' id='word_1_515' title='bbox 1030 2046 1173 2090; x_wconf 87' lang='lat' dir='ltr'><em>Epipha-</em></span> <span class='ocrx_word' id='word_1_516' title='bbox 1237 2045 1368 2078; x_wconf 83' lang='lat' dir='ltr'><em>stratum</em></span> <span class='ocrx_word' id='word_1_517' title='bbox 1382 2070 1389 2076; x_wconf 93' lang='lat'><strong>.</strong></span> <span class='ocrx_word' id='word_1_518' title='bbox 1418 2045 1460 2078; x_wconf 89' lang='lat' dir='ltr'><em>Et</em></span> <span class='ocrx_word' id='word_1_519' title='bbox 1474 2046 1610 2081; x_wconf 71' lang='lat' dir='ltr'><em>sanstus</em></span> <span class='ocrx_word' id='word_1_520' title='bbox 1620 2045 1756 2079; x_wconf 84' lang='lat' dir='ltr'><em>lfidorus</em></span> <span class='ocrx_word' id='word_1_521' title='bbox 1771 2044 1950 2080; x_wconf 82' lang='lat' dir='ltr'><em>Pelufiotes</em></span> <span class='ocrx_word' id='word_1_522' title='bbox 1961 2069 1972 2083; x_wconf 75' lang='lat'><em>2</em></span> <span class='ocrx_word' id='word_1_523' title='bbox 1999 2045 2057 2089; x_wconf 69' lang='lat' dir='ltr'><em>qui</em></span> <span class='ocrx_word' id='word_1_524' title='bbox 2069 2043 2130 2078; x_wconf 81' lang='lat' dir='ltr'><em>sub</em></span> 
     </span>
     <span class='ocr_line' id='line_1_41' title="bbox 279 2093 2132 2142; baseline -0.003 -9"><span class='ocrx_word' id='word_1_525' title='bbox 279 2098 416 2134; x_wconf 87' lang='lat' dir='ltr'><em>nienfis:</em></span> <span class='ocrx_word' id='word_1_526' title='bbox 440 2100 468 2142; x_wconf 91' lang='lat' dir='ltr'><strong><em>J</em></strong></span> <span class='ocrx_word' id='word_1_527' title='bbox 472 2097 583 2140; x_wconf 82' lang='lat' dir='ltr'><em>ustinus</em></span> <span class='ocrx_word' id='word_1_528' title='bbox 605 2103 773 2140; x_wconf 84' lang='lat' dir='ltr'><em>Imperator</em></span> <span class='ocrx_word' id='word_1_529' title='bbox 800 2097 981 2140; x_wconf 72' lang='lat' dir='ltr'><em>Anastafium</em></span> <span class='ocrx_word' id='word_1_530' title='bbox 994 2096 1174 2131; x_wconf 63' lang='lat' dir='ltr'><em>antiochena</em></span> <span class='ocrx_word' id='word_1_531' title='bbox 1237 2093 1422 2128; x_wconf 85' lang='lat' dir='ltr'><em>Theodofii</em></span> <span class='ocrx_word' id='word_1_532' title='bbox 1445 2095 1588 2138; x_wconf 81' lang='lat' dir='ltr'><em>imperio</em></span> <span class='ocrx_word' id='word_1_533' title='bbox 1601 2094 1736 2135; x_wconf 84' lang='lat' dir='ltr'><em>floruit,</em></span> <span class='ocrx_word' id='word_1_534' title='bbox 1763 2093 1964 2129; x_wconf 85' lang='lat' dir='ltr'><em>hodiernum</em></span> <span class='ocrx_word' id='word_1_535' title='bbox 1985 2094 2132 2129; x_wconf 83' lang='lat' dir='ltr'><em>Pallium</em></span> 
     </span>
     <span class='ocr_line' id='line_1_42' title="bbox 279 2143 2132 2193; baseline -0.002 -10"><span class='ocrx_word' id='word_1_536' title='bbox 279 2150 352 2183; x_wconf 81' lang='lat' dir='ltr'><em>sede</em></span> <span class='ocrx_word' id='word_1_537' title='bbox 367 2149 606 2190; x_wconf 76' lang='lat' dir='ltr'><em>exturbavtt‚bis</em></span> <span class='ocrx_word' id='word_1_538' title='bbox 617 2149 663 2183; x_wconf 84' lang='lat' dir='ltr'><em>illi</em></span> <span class='ocrx_word' id='word_1_539' title='bbox 673 2148 793 2191; x_wconf 66' lang='lat' dir='ltr'><em>objeffls</em></span> <span class='ocrx_word' id='word_1_540' title='bbox 803 2147 996 2182; x_wconf 78' lang='lat' dir='ltr'><em>criminibus.</em></span> <span class='ocrx_word' id='word_1_541' title='bbox 1025 2151 1174 2188; x_wconf 81' lang='lat' dir='ltr'><em>Primum,</em></span> <span class='ocrx_word' id='word_1_542' title='bbox 1239 2144 1349 2178; x_wconf 83' lang='lat' dir='ltr'><em>laudat</em></span> <span class='ocrx_word' id='word_1_543' title='bbox 1371 2144 1420 2177; x_wconf 88' lang='lat' dir='ltr'><em>uti</em></span> <span class='ocrx_word' id='word_1_544' title='bbox 1448 2156 1515 2178; x_wconf 86' lang='lat' dir='ltr'><em>rem</em></span> <span class='ocrx_word' id='word_1_545' title='bbox 1539 2145 1728 2188; x_wconf 86' lang='lat' dir='ltr'><em>antiquam.</em></span> <span class='ocrx_word' id='word_1_546' title='bbox 1756 2143 1860 2193; x_wconf 73' lang='lat' dir='ltr'><em>Qod</em></span> <span class='ocrx_word' id='word_1_547' title='bbox 1883 2144 2040 2181; x_wconf 84' lang='lat' dir='ltr'><em>Ostienfis</em></span> <span class='ocrx_word' id='word_1_548' title='bbox 2055 2145 2132 2188; x_wconf 84' lang='lat' dir='ltr'><em>Epi·</em></span> 
     </span>
     <span class='ocr_line' id='line_1_43' title="bbox 281 2193 2131 2244; baseline -0.003 -11"><span class='ocrx_word' id='word_1_549' title='bbox 281 2201 361 2243; x_wconf 83' lang='lat' dir='ltr'><em>quod</em></span> <span class='ocrx_word' id='word_1_550' title='bbox 378 2199 498 2244; x_wconf 89' lang='lat' dir='ltr'><em>sacrum</em></span> <span class='ocrx_word' id='word_1_551' title='bbox 508 2198 689 2243; x_wconf 85' lang='lat' dir='ltr'><em>Thesaurum</em></span> <span class='ocrx_word' id='word_1_552' title='bbox 709 2209 799 2233; x_wconf 77' lang='lat' dir='ltr'><em>extra</em></span> <span class='ocrx_word' id='word_1_553' title='bbox 809 2201 946 2238; x_wconf 83' lang='lat' dir='ltr'><em>modum,</em></span> <span class='ocrx_word' id='word_1_554' title='bbox 972 2200 1005 2233; x_wconf 65' lang='grc' dir='ltr'><em>Θ</em></span> <span class='ocrx_word' id='word_1_555' title='bbox 1018 2203 1050 2232; x_wconf 84' lang='lat' dir='ltr'><em>in</em></span> <span class='ocrx_word' id='word_1_556' title='bbox 1060 2199 1174 2232; x_wconf 88' lang='lat' dir='ltr'><em>nullum</em></span> <span class='ocrx_word' id='word_1_557' title='bbox 1239 2196 1352 2237; x_wconf 85' lang='lat' dir='ltr'><em>scopus</em></span> <span class='ocrx_word' id='word_1_558' title='bbox 1363 2194 1504 2238; x_wconf 84' lang='lat' dir='ltr'><em>gaudeat</em></span> <span class='ocrx_word' id='word_1_559' title='bbox 1517 2195 1742 2236; x_wconf 85' lang='lat' dir='ltr'><em>antiquiffimo</em></span> <span class='ocrx_word' id='word_1_560' title='bbox 1753 2193 1822 2236; x_wconf 63' lang='lat' dir='ltr'><em>iure</em></span> <span class='ocrx_word' id='word_1_561' title='bbox 1835 2194 2046 2228; x_wconf 87' lang='lat' dir='ltr'><em>consecrandi</em></span> <span class='ocrx_word' id='word_1_562' title='bbox 2060 2194 2131 2228; x_wconf 84' lang='lat' dir='ltr'><em>Ro-</em></span> 
     </span>
     <span class='ocr_line' id='line_1_44' title="bbox 282 2233 2132 2295; baseline -0.005 -10"><span class='ocrx_word' id='word_1_563' title='bbox 282 2252 469 2295; x_wconf 75' lang='lat' dir='ltr'><em>neceffarium</em></span> <span class='ocrx_word' id='word_1_564' title='bbox 480 2249 565 2294; x_wconf 86' lang='lat' dir='ltr'><em>usum</em></span> <span class='ocrx_word' id='word_1_565' title='bbox 571 2250 768 2292; x_wconf 85' lang='lat' dir='ltr'><em>profunderet</em></span> <span class='ocrx_word' id='word_1_566' title='bbox 782 2274 789 2282; x_wconf 94' lang='lat'><strong><em>.</em></strong></span> <span class='ocrx_word' id='word_1_567' title='bbox 817 2251 947 2288; x_wconf 77' lang='lat' dir='ltr'><em>Deinde,</em></span> <span class='ocrx_word' id='word_1_568' title='bbox 961 2233 1192 2290; x_wconf 56' lang='lat' dir='ltr'><em>moeremium-fl</em></span> <span class='ocrx_word' id='word_1_569' title='bbox 1238 2256 1373 2278; x_wconf 86' lang='lat' dir='ltr'><em>manum</em></span> <span class='ocrx_word' id='word_1_570' title='bbox 1398 2244 1621 2282; x_wconf 84' lang='lat' dir='ltr'><em>Pontificem,</em></span> <span class='ocrx_word' id='word_1_571' title='bbox 1644 2245 1735 2285; x_wconf 83' lang='lat' dir='ltr'><em>supra</em></span> <span class='ocrx_word' id='word_1_572' title='bbox 1757 2242 1944 2276; x_wconf 81' lang='lat' dir='ltr'><em>audivimus</em></span> <span class='ocrx_word' id='word_1_573' title='bbox 1965 2244 1983 2275; x_wconf 70' lang='grc' dir='ltr'>ὲ</span> <span class='ocrx_word' id='word_1_574' title='bbox 2007 2244 2132 2276; x_wconf 67' lang='lat' dir='ltr'><em>Sancto</em></span> 
     </span>
     <span class='ocr_line' id='line_1_45' title="bbox 282 2291 2130 2343; baseline -0.005 -9"><span class='ocrx_word' id='word_1_575' title='bbox 282 2308 317 2336; x_wconf 78' lang='lat' dir='ltr'><em>in</em></span> <span class='ocrx_word' id='word_1_576' title='bbox 330 2299 428 2343; x_wconf 85' lang='lat' dir='ltr'><em>ipsum</em></span> <span class='ocrx_word' id='word_1_577' title='bbox 434 2303 565 2341; x_wconf 81' lang='lat' dir='ltr'><em>jecerat.</em></span> <span class='ocrx_word' id='word_1_578' title='bbox 599 2299 777 2339; x_wconf 77' lang='lat' dir='ltr'><em>Anastafium</em></span> <span class='ocrx_word' id='word_1_579' title='bbox 799 2304 900 2337; x_wconf 78' lang='lat' dir='ltr'><em>enim,</em></span> <span class='ocrx_word' id='word_1_580' title='bbox 925 2309 991 2330; x_wconf 88' lang='lat' dir='ltr'><em>cum</em></span> <span class='ocrx_word' id='word_1_581' title='bbox 1000 2306 1172 2339; x_wconf 81' lang='lat' dir='ltr'><em>rogaretur,</em></span> <span class='ocrx_word' id='word_1_582' title='bbox 1239 2292 1429 2336; x_wconf 86' lang='lat' dir='ltr'><em>Augustino</em></span> <span class='ocrx_word' id='word_1_583' title='bbox 1443 2316 1450 2323; x_wconf 92' lang='lat'><strong>.</strong></span> <span class='ocrx_word' id='word_1_584' title='bbox 1479 2292 1534 2325; x_wconf 88' lang='lat' dir='ltr'><em>An</em></span> <span class='ocrx_word' id='word_1_585' title='bbox 1559 2292 1651 2326; x_wconf 83' lang='lat' dir='ltr'><em>istam</em></span> <span class='ocrx_word' id='word_1_586' title='bbox 1673 2292 1718 2325; x_wconf 93' lang='lat' dir='ltr'><em>ob</em></span> <span class='ocrx_word' id='word_1_587' title='bbox 1731 2293 1860 2325; x_wconf 79' lang='lat' dir='ltr'><em>causam</em></span> <span class='ocrx_word' id='word_1_588' title='bbox 1883 2293 2042 2335; x_wconf 84' lang='lat' dir='ltr'><em>acceperit</em></span> <span class='ocrx_word' id='word_1_589' title='bbox 2054 2291 2130 2325; x_wconf 81' lang='lat' dir='ltr'><em>Pal-</em></span> 
     </span>
     <span class='ocr_line' id='line_1_46' title="bbox 284 2342 2131 2392; baseline -0.003 -11"><span class='ocrx_word' id='word_1_590' title='bbox 284 2352 362 2392; x_wconf 77' lang='lat' dir='ltr'><em>quid</em></span> <span class='ocrx_word' id='word_1_591' title='bbox 381 2348 478 2390; x_wconf 81' lang='lat' dir='ltr'><em>causae</em></span> <span class='ocrx_word' id='word_1_592' title='bbox 500 2349 565 2391; x_wconf 81' lang='lat' dir='ltr'><em>esset</em></span> <span class='ocrx_word' id='word_1_593' title='bbox 574 2373 585 2387; x_wconf 94' lang='lat'><em>,</em></span> <span class='ocrx_word' id='word_1_594' title='bbox 611 2359 663 2380; x_wconf 87' lang='lat' dir='ltr'><em>cur</em></span> <span class='ocrx_word' id='word_1_595' title='bbox 679 2346 798 2389; x_wconf 85' lang='lat' dir='ltr'><em>sacrum</em></span> <span class='ocrx_word' id='word_1_596' title='bbox 817 2345 995 2390; x_wconf 84' lang='lat' dir='ltr'><em>Thesaurum</em></span> <span class='ocrx_word' id='word_1_597' title='bbox 1007 2355 1072 2379; x_wconf 88' lang='lat' dir='ltr'><em>tam</em></span> <span class='ocrx_word' id='word_1_598' title='bbox 1083 2345 1176 2387; x_wconf 72' lang='lat' dir='ltr'><em>effuse</em></span> <span class='ocrx_word' id='word_1_599' title='bbox 1237 2343 1274 2377; x_wconf 83' lang='lat' dir='ltr'><em>lii</em></span> <span class='ocrx_word' id='word_1_600' title='bbox 1287 2343 1426 2386; x_wconf 82' lang='lat' dir='ltr'><em>gratiam</em></span> <span class='ocrx_word' id='word_1_601' title='bbox 1440 2343 1458 2375; x_wconf 72' lang='lat' dir='ltr'><em>a</em></span> <span class='ocrx_word' id='word_1_602' title='bbox 1472 2344 1589 2377; x_wconf 66' lang='lat' dir='ltr'><em>Sancto</em></span> <span class='ocrx_word' id='word_1_603' title='bbox 1599 2342 1687 2385; x_wconf 83' lang='lat' dir='ltr'><em>Papa</em></span> <span class='ocrx_word' id='word_1_604' title='bbox 1698 2342 1818 2375; x_wconf 86' lang='lat' dir='ltr'><em>Marco</em></span> <span class='ocrx_word' id='word_1_605' title='bbox 1830 2366 1842 2382; x_wconf 89' lang='lat'><em>,</em></span> <span class='ocrx_word' id='word_1_606' title='bbox 1868 2343 1974 2375; x_wconf 80' lang='lat' dir='ltr'><em>fateor</em></span> <span class='ocrx_word' id='word_1_607' title='bbox 1986 2353 2051 2374; x_wconf 90' lang='lat' dir='ltr'><em>non</em></span> <span class='ocrx_word' id='word_1_608' title='bbox 2064 2342 2131 2375; x_wconf 81' lang='lat' dir='ltr'><em>effe</em></span> 
     </span>
     <span class='ocr_line' id='line_1_47' title="bbox 285 2389 2130 2442; baseline -0.003 -13"><span class='ocrx_word' id='word_1_609' title='bbox 285 2397 489 2442; x_wconf 72' lang='lat' dir='ltr'><em>consumpfiffet</em></span> <span class='ocrx_word' id='word_1_610' title='bbox 512 2422 523 2438; x_wconf 86' lang='lat'><em>,</em></span> <span class='ocrx_word' id='word_1_611' title='bbox 550 2395 686 2440; x_wconf 76' lang='lat' dir='ltr'><em>respondi</em></span> <span class='ocrx_word' id='word_1_612' title='bbox 707 2409 723 2430; x_wconf 80' lang='lat' dir='ltr'><em>e</em></span> <span class='ocrx_word' id='word_1_613' title='bbox 748 2397 877 2437; x_wconf 81' lang='lat' dir='ltr'><em>ferunt:</em></span> <span class='ocrx_word' id='word_1_614' title='bbox 905 2397 961 2431; x_wconf 77' lang='lat' dir='ltr'><em>Ne</em></span> <span class='ocrx_word' id='word_1_615' title='bbox 981 2397 998 2430; x_wconf 68' lang='lat' dir='ltr'><em>a</em></span> <span class='ocrx_word' id='word_1_616' title='bbox 1020 2396 1149 2440; x_wconf 87' lang='lat' dir='ltr'><em>Justino</em></span> <span class='ocrx_word' id='word_1_617' title='bbox 1163 2419 1174 2436; x_wconf 87' lang='lat'><em>,</em></span> <span class='ocrx_word' id='word_1_618' title='bbox 1237 2391 1467 2435; x_wconf 79' lang='lat' dir='ltr'><em>certiffirnum.</em></span> <span class='ocrx_word' id='word_1_619' title='bbox 1494 2392 1599 2426; x_wconf 87' lang='lat' dir='ltr'><em>Unus</em></span> <span class='ocrx_word' id='word_1_620' title='bbox 1609 2392 1700 2425; x_wconf 86' lang='lat' dir='ltr'><em>enim</em></span> <span class='ocrx_word' id='word_1_621' title='bbox 1713 2391 1746 2424; x_wconf 84' lang='lat' dir='ltr'><em>id</em></span> <span class='ocrx_word' id='word_1_622' title='bbox 1758 2390 1895 2425; x_wconf 77' lang='lat' dir='ltr'><em>testatur</em></span> <span class='ocrx_word' id='word_1_623' title='bbox 1913 2389 2033 2425; x_wconf 81' lang='lat' dir='ltr'><em>author</em></span> <span class='ocrx_word' id='word_1_624' title='bbox 2054 2390 2130 2424; x_wconf 87' lang='lat' dir='ltr'><em>libri</em></span> 
     </span>
     <span class='ocr_line' id='line_1_48' title="bbox 283 2441 2130 2490; baseline -0.004 -7"><span class='ocrx_word' id='word_1_625' title='bbox 283 2449 456 2483; x_wconf 87' lang='lat' dir='ltr'><em>communi</em></span> <span class='ocrx_word' id='word_1_626' title='bbox 489 2447 591 2481; x_wconf 85' lang='lat' dir='ltr'><em>Orbis</em></span> <span class='ocrx_word' id='word_1_627' title='bbox 622 2446 767 2490; x_wconf 80' lang='lat' dir='ltr'><em>pernicie</em></span> <span class='ocrx_word' id='word_1_628' title='bbox 791 2471 803 2487; x_wconf 89' lang='lat'>‚</span> <span class='ocrx_word' id='word_1_629' title='bbox 837 2447 1030 2489; x_wconf 86' lang='lat' dir='ltr'><em>diriperetur</em></span> <span class='ocrx_word' id='word_1_630' title='bbox 1054 2470 1062 2478; x_wconf 89' lang='lat'>.</span> <span class='ocrx_word' id='word_1_631' title='bbox 1088 2447 1176 2489; x_wconf 74' lang='lat' dir='ltr'><em>,Quin</em></span> <span class='ocrx_word' id='word_1_632' title='bbox 1238 2441 1455 2476; x_wconf 78' lang='lat' dir='ltr'><em>pontificalis.</em></span> <span class='ocrx_word' id='word_1_633' title='bbox 1483 2442 1649 2476; x_wconf 88' lang='lat' dir='ltr'><em>Existimo</em></span> <span class='ocrx_word' id='word_1_634' title='bbox 1661 2452 1773 2476; x_wconf 84' lang='lat' dir='ltr'><em>tamen</em></span> <span class='ocrx_word' id='word_1_635' title='bbox 1785 2441 1890 2485; x_wconf 85' lang='lat' dir='ltr'><em>ipsum</em></span> <span class='ocrx_word' id='word_1_636' title='bbox 1900 2453 1968 2476; x_wconf 90' lang='lat' dir='ltr'><em>non</em></span> <span class='ocrx_word' id='word_1_637' title='bbox 1981 2441 2130 2485; x_wconf 70' lang='lat' dir='ltr'><em>scripsisse</em></span> 
     </span>
     <span class='ocr_line' id='line_1_49' title="bbox 284 2491 1551 2542; baseline -0.005 -11"><span class='ocrx_word' id='word_1_638' title='bbox 284 2504 377 2534; x_wconf 82' lang='lat' dir='ltr'><em>etiam</em></span> <span class='ocrx_word' id='word_1_639' title='bbox 394 2499 505 2531; x_wconf 80' lang='lat' dir='ltr'><em>dicitur</em></span> <span class='ocrx_word' id='word_1_640' title='bbox 522 2495 666 2542; x_wconf 83' lang='lat' dir='ltr'><em>Justinus</em></span> <span class='ocrx_word' id='word_1_641' title='bbox 693 2495 838 2537; x_wconf 82' lang='lat' dir='ltr'><em>Anastafio</em></span> <span class='ocrx_word' id='word_1_642' title='bbox 854 2494 1038 2539; x_wconf 66' lang='lat' dir='ltr'><em>succensuiffle</em></span> <span class='ocrx_word' id='word_1_643' title='bbox 1059 2521 1070 2537; x_wconf 90' lang='lat'>‚</span> <span class='ocrx_word' id='word_1_644' title='bbox 1096 2497 1179 2538; x_wconf 81' lang='lat' dir='ltr'><em>quod</em></span> <span class='ocrx_word' id='word_1_645' title='bbox 1238 2491 1551 2526; x_wconf 84' lang='lat' dir='ltr'><em>finefundamentis.</em></span> 
     </span>
     <span class='ocr_line' id='line_1_50' title="bbox 283 2541 2129 2592; baseline -0.003 -10"><span class='ocrx_word' id='word_1_646' title='bbox 283 2549 441 2592; x_wconf 84' lang='lat' dir='ltr'><em>postulanti</em></span> <span class='ocrx_word' id='word_1_647' title='bbox 465 2552 491 2581; x_wconf 83' lang='lat' dir='ltr'><em>ei</em></span> <span class='ocrx_word' id='word_1_648' title='bbox 497 2552 653 2589; x_wconf 81' lang='lat' dir='ltr'><em>pecuniam</em></span> <span class='ocrx_word' id='word_1_649' title='bbox 666 2571 677 2586; x_wconf 92' lang='lat'><em>,</em></span> <span class='ocrx_word' id='word_1_650' title='bbox 703 2558 766 2579; x_wconf 87' lang='lat' dir='ltr'><em>cum</em></span> <span class='ocrx_word' id='word_1_651' title='bbox 792 2545 955 2589; x_wconf 75' lang='lat' dir='ltr'><em>Episcopus</em></span> <span class='ocrx_word' id='word_1_652' title='bbox 973 2546 1038 2589; x_wconf 71' lang='lat' dir='ltr'><em>efflet</em></span> <span class='ocrx_word' id='word_1_653' title='bbox 1049 2545 1176 2590; x_wconf 73' lang='lat' dir='ltr'><em>designa·</em></span> <span class='ocrx_word' id='word_1_654' title='bbox 1286 2541 1434 2590; x_wconf 85' lang='lat' dir='ltr'><em>Qaestio</em></span> <span class='ocrx_word' id='word_1_655' title='bbox 1456 2542 1523 2583; x_wconf 86' lang='lat' dir='ltr'><em>est,</em></span> <span class='ocrx_word' id='word_1_656' title='bbox 1550 2544 1584 2577; x_wconf 75' lang='grc' dir='ltr'><em>δε</em></span> <span class='ocrx_word' id='word_1_657' title='bbox 1605 2542 1786 2576; x_wconf 86' lang='lat' dir='ltr'><em>multorum</em></span> <span class='ocrx_word' id='word_1_658' title='bbox 1806 2542 1979 2576; x_wconf 82' lang='lat' dir='ltr'><em>admiratio</em></span> <span class='ocrx_word' id='word_1_659' title='bbox 1992 2567 2004 2583; x_wconf 95' lang='lat'>‚</span> <span class='ocrx_word' id='word_1_660' title='bbox 2029 2551 2129 2586; x_wconf 77' lang='lat' dir='ltr'><em>quare</em></span> 
     </span>
     <span class='ocr_line' id='line_1_51' title="bbox 284 2590 2129 2641; baseline -0.004 -8"><span class='ocrx_word' id='word_1_661' title='bbox 284 2609 352 2640; x_wconf 86' lang='lat' dir='ltr'><em>tus,</em></span> <span class='ocrx_word' id='word_1_662' title='bbox 379 2595 544 2639; x_wconf 76' lang='lat' dir='ltr'><em>Anastafius</em></span> <span class='ocrx_word' id='word_1_663' title='bbox 569 2598 643 2631; x_wconf 82' lang='lat' dir='ltr'><em>dare</em></span> <span class='ocrx_word' id='word_1_664' title='bbox 662 2598 772 2630; x_wconf 87' lang='lat' dir='ltr'><em>noluit.</em></span> <span class='ocrx_word' id='word_1_665' title='bbox 799 2597 903 2630; x_wconf 90' lang='lat' dir='ltr'><em>Haud</em></span> <span class='ocrx_word' id='word_1_666' title='bbox 914 2596 1013 2631; x_wconf 75' lang='lat' dir='ltr'><em>dubie</em></span> <span class='ocrx_word' id='word_1_667' title='bbox 1034 2598 1176 2641; x_wconf 88' lang='lat' dir='ltr'><em>primum</em></span> <span class='ocrx_word' id='word_1_668' title='bbox 1240 2593 1407 2627; x_wconf 86' lang='lat' dir='ltr'><em>Dominus</em></span> <span class='ocrx_word' id='word_1_669' title='bbox 1421 2591 1717 2637; x_wconf 86' lang='lat' dir='ltr'><em>Archi-Episcopus</em></span> <span class='ocrx_word' id='word_1_670' title='bbox 1739 2591 1795 2626; x_wconf 87' lang='lat' dir='ltr'><em>has</em></span> <span class='ocrx_word' id='word_1_671' title='bbox 1806 2590 1991 2626; x_wconf 78' lang='lat' dir='ltr'><em>inconditas</em></span> <span class='ocrx_word' id='word_1_672' title='bbox 2012 2601 2129 2626; x_wconf 79' lang='lat' dir='ltr'><em>contra.</em></span> 
     </span>
     <span class='ocr_line' id='line_1_52' title="bbox 285 2641 2128 2692; baseline -0.005 -7"><span class='ocrx_word' id='word_1_673' title='bbox 285 2650 410 2685; x_wconf 85' lang='lat' dir='ltr'><em>crimen</em></span> <span class='ocrx_word' id='word_1_674' title='bbox 433 2649 498 2683; x_wconf 87' lang='lat' dir='ltr'><em>fuit</em></span> <span class='ocrx_word' id='word_1_675' title='bbox 519 2647 702 2683; x_wconf 76' lang='lat' dir='ltr'><em>calumnia.</em></span> <span class='ocrx_word' id='word_1_676' title='bbox 732 2648 821 2680; x_wconf 89' lang='lat' dir='ltr'><em>Nam</em></span> <span class='ocrx_word' id='word_1_677' title='bbox 834 2646 978 2690; x_wconf 79' lang='lat' dir='ltr'><em>Magnus</em></span> <span class='ocrx_word' id='word_1_678' title='bbox 996 2648 1177 2692; x_wconf 81' lang='lat' dir='ltr'><em>Gregorius</em></span> <span class='ocrx_word' id='word_1_679' title='bbox 1241 2642 1435 2687; x_wconf 86' lang='lat' dir='ltr'><em>Episcopale</em></span> <span class='ocrx_word' id='word_1_680' title='bbox 1454 2642 1597 2677; x_wconf 86' lang='lat' dir='ltr'><em>Pallium</em></span> <span class='ocrx_word' id='word_1_681' title='bbox 1614 2642 1750 2677; x_wconf 76' lang='lat' dir='ltr'><em>&#39;fabulas</em></span> <span class='ocrx_word' id='word_1_682' title='bbox 1772 2643 1916 2686; x_wconf 84' lang='lat' dir='ltr'><em>sparserit</em></span> <span class='ocrx_word' id='word_1_683' title='bbox 1929 2653 1983 2685; x_wconf 90' lang='lat' dir='ltr'><em>per</em></span> <span class='ocrx_word' id='word_1_684' title='bbox 2008 2641 2128 2676; x_wconf 86' lang='lat' dir='ltr'><em>Eccle-</em></span> 
     </span>
     <span class='ocr_line' id='line_1_53' title="bbox 286 2691 2128 2743; baseline -0.005 -9"><span class='ocrx_word' id='word_1_685' title='bbox 286 2701 410 2743; x_wconf 87' lang='lat' dir='ltr'><em>semper</em></span> <span class='ocrx_word' id='word_1_686' title='bbox 423 2697 652 2738; x_wconf 86' lang='lat' dir='ltr'><em>Anastalium‚</em></span> <span class='ocrx_word' id='word_1_687' title='bbox 679 2708 850 2741; x_wconf 89' lang='lat' dir='ltr'><em>nunquam</em></span> <span class='ocrx_word' id='word_1_688' title='bbox 874 2697 931 2739; x_wconf 85' lang='lat' dir='ltr'><em>ipfi</em></span> <span class='ocrx_word' id='word_1_689' title='bbox 956 2696 1177 2740; x_wconf 87' lang='lat' dir='ltr'><em>superordina-</em></span> <span class='ocrx_word' id='word_1_690' title='bbox 1239 2694 1337 2727; x_wconf 86' lang='lat' dir='ltr'><em>fiam?</em></span> <span class='ocrx_word' id='word_1_691' title='bbox 1363 2692 1565 2736; x_wconf 85' lang='lat' dir='ltr'><em>Respondeo</em></span> <span class='ocrx_word' id='word_1_692' title='bbox 1577 2695 1707 2727; x_wconf 85' lang='lat' dir='ltr'><em>causam</em></span> <span class='ocrx_word' id='word_1_693' title='bbox 1720 2692 1760 2725; x_wconf 87' lang='lat' dir='ltr'><em>ab</em></span> <span class='ocrx_word' id='word_1_694' title='bbox 1774 2693 1844 2736; x_wconf 89' lang='lat' dir='ltr'><em>ipso</em></span> <span class='ocrx_word' id='word_1_695' title='bbox 1864 2693 1971 2727; x_wconf 87' lang='lat' dir='ltr'><em>edici:</em></span> <span class='ocrx_word' id='word_1_696' title='bbox 1999 2691 2128 2732; x_wconf 70' lang='lat' dir='ltr'><em>Postm-</em></span> 
     </span>
     <span class='ocr_line' id='line_1_54' title="bbox 287 2741 2127 2794; baseline -0.006 -9"><span class='ocrx_word' id='word_1_697' title='bbox 287 2759 362 2785; x_wconf 84' lang='lat' dir='ltr'><em>tum</em></span> <span class='ocrx_word' id='word_1_698' title='bbox 372 2749 574 2794; x_wconf 85' lang='lat' dir='ltr'><em>Gregorium</em></span> <span class='ocrx_word' id='word_1_699' title='bbox 586 2748 725 2793; x_wconf 87' lang='lat' dir='ltr'><em>agnovit</em></span> <span class='ocrx_word' id='word_1_700' title='bbox 736 2759 796 2791; x_wconf 89' lang='lat' dir='ltr'><em>pro</em></span> <span class='ocrx_word' id='word_1_701' title='bbox 807 2746 993 2780; x_wconf 76' lang='lat' dir='ltr'><em>patriarcha</em></span> <span class='ocrx_word' id='word_1_702' title='bbox 1006 2771 1013 2779; x_wconf 91' lang='lat'><strong>.</strong></span> <span class='ocrx_word' id='word_1_703' title='bbox 1041 2747 1177 2780; x_wconf 84' lang='lat' dir='ltr'><em>Interim</em></span> <span class='ocrx_word' id='word_1_704' title='bbox 1235 2746 1381 2786; x_wconf 84' lang='lat' dir='ltr'><em>plicatam</em></span> <span class='ocrx_word' id='word_1_705' title='bbox 1388 2749 1514 2785; x_wconf 84' lang='lat' dir='ltr'><em>priorem</em></span> <span class='ocrx_word' id='word_1_706' title='bbox 1526 2744 1628 2786; x_wconf 81' lang='lat' dir='ltr'><em>Gloffae</em></span> <span class='ocrx_word' id='word_1_707' title='bbox 1641 2766 1651 2782; x_wconf 90' lang='lat'><em>,</em></span> <span class='ocrx_word' id='word_1_708' title='bbox 1677 2755 1748 2787; x_wconf 88' lang='lat' dir='ltr'><em>quae</em></span> <span class='ocrx_word' id='word_1_709' title='bbox 1758 2743 1858 2778; x_wconf 86' lang='lat' dir='ltr'><em>docet</em></span> <span class='ocrx_word' id='word_1_710' title='bbox 1869 2742 1974 2786; x_wconf 88' lang='lat' dir='ltr'><em>plures</em></span> <span class='ocrx_word' id='word_1_711' title='bbox 1992 2741 2054 2776; x_wconf 79' lang='lat' dir='ltr'><em>effe</em></span> <span class='ocrx_word' id='word_1_712' title='bbox 2065 2741 2127 2776; x_wconf 83' lang='lat' dir='ltr'><em>Ar-</em></span> 
     </span>
     <span class='ocr_line' id='line_1_55' title="bbox 289 2792 2127 2844; baseline -0.005 -10"><span class='ocrx_word' id='word_1_713' title='bbox 289 2799 518 2840; x_wconf 84' lang='lat' dir='ltr'><em>Anastafium,</em></span> <span class='ocrx_word' id='word_1_714' title='bbox 544 2798 635 2844; x_wconf 92' lang='lat' dir='ltr'><em>quod</em></span> <span class='ocrx_word' id='word_1_715' title='bbox 646 2797 803 2832; x_wconf 89' lang='lat' dir='ltr'><em>Mauricii</em></span> <span class='ocrx_word' id='word_1_716' title='bbox 825 2796 969 2841; x_wconf 87' lang='lat' dir='ltr'><em>Augusti</em></span> <span class='ocrx_word' id='word_1_717' title='bbox 989 2797 1178 2831; x_wconf 80' lang='lat' dir='ltr'><em>Anteceffo-</em></span> <span class='ocrx_word' id='word_1_718' title='bbox 1239 2792 1489 2837; x_wconf 87' lang='lat' dir='ltr'><em>chi—Episcopos</em></span> <span class='ocrx_word' id='word_1_719' title='bbox 1502 2818 1512 2834; x_wconf 88' lang='lat'><em>,</em></span> <span class='ocrx_word' id='word_1_720' title='bbox 1539 2794 1766 2837; x_wconf 70' lang='lat' dir='ltr'><em>quiasummo</em></span> <span class='ocrx_word' id='word_1_721' title='bbox 1778 2792 1942 2827; x_wconf 87' lang='lat' dir='ltr'><em>Pontifice</em></span> <span class='ocrx_word' id='word_1_722' title='bbox 1964 2802 2033 2825; x_wconf 87' lang='lat' dir='ltr'><em>non</em></span> <span class='ocrx_word' id='word_1_723' title='bbox 2047 2802 2127 2825; x_wconf 90' lang='lat' dir='ltr'><em>con-</em></span> 
     </span>
     <span class='ocr_line' id='line_1_56' title="bbox 288 2841 2127 2891; baseline -0.005 -7"><span class='ocrx_word' id='word_1_724' title='bbox 288 2862 380 2891; x_wconf 88' lang='lat' dir='ltr'><em>rem,</em></span> <span class='ocrx_word' id='word_1_725' title='bbox 405 2849 560 2884; x_wconf 84' lang='lat' dir='ltr'><em>&amp;uxoris</em></span> <span class='ocrx_word' id='word_1_726' title='bbox 570 2849 664 2883; x_wconf 86' lang='lat' dir='ltr'><em>causa</em></span> <span class='ocrx_word' id='word_1_727' title='bbox 677 2847 790 2881; x_wconf 89' lang='lat' dir='ltr'><em>Avum</em></span> <span class='ocrx_word' id='word_1_728' title='bbox 814 2847 1020 2886; x_wconf 80' lang='lat' dir='ltr'><em>offendisset,</em></span> <span class='ocrx_word' id='word_1_729' title='bbox 1046 2849 1179 2891; x_wconf 84' lang='lat' dir='ltr'><em>Grego-</em></span> <span class='ocrx_word' id='word_1_730' title='bbox 1239 2845 1403 2878; x_wconf 79' lang='lat' dir='ltr'><em>sectantur</em></span> <span class='ocrx_word' id='word_1_731' title='bbox 1421 2868 1432 2885; x_wconf 91' lang='lat'><em>,</em></span> <span class='ocrx_word' id='word_1_732' title='bbox 1457 2844 1511 2878; x_wconf 90' lang='lat' dir='ltr'><em>sed</em></span> <span class='ocrx_word' id='word_1_733' title='bbox 1533 2843 1744 2878; x_wconf 76' lang='lat' dir='ltr'><em>solummodo</em></span> <span class='ocrx_word' id='word_1_734' title='bbox 1769 2842 1914 2876; x_wconf 82' lang='lat' dir='ltr'><em>Panium</em></span> <span class='ocrx_word' id='word_1_735' title='bbox 1934 2841 2127 2884; x_wconf 82' lang='lat' dir='ltr'><em>accipiunt,</em></span> 
     </span>
     <span class='ocr_line' id='line_1_57' title="bbox 288 2890 2125 2943; baseline -0.005 -8"><span class='ocrx_word' id='word_1_736' title='bbox 288 2902 356 2935; x_wconf 86' lang='lat' dir='ltr'><em>rius</em></span> <span class='ocrx_word' id='word_1_737' title='bbox 378 2901 444 2934; x_wconf 86' lang='lat' dir='ltr'><em>fine</em></span> <span class='ocrx_word' id='word_1_738' title='bbox 466 2899 559 2933; x_wconf 88' lang='lat' dir='ltr'><em>istius</em></span> <span class='ocrx_word' id='word_1_739' title='bbox 577 2898 783 2943; x_wconf 84' lang='lat' dir='ltr'><em>beneplacito</em></span> <span class='ocrx_word' id='word_1_740' title='bbox 797 2908 865 2932; x_wconf 88' lang='lat' dir='ltr'><em>non</em></span> <span class='ocrx_word' id='word_1_741' title='bbox 880 2907 1006 2941; x_wconf 88' lang='lat' dir='ltr'><em>poterat</em></span> <span class='ocrx_word' id='word_1_742' title='bbox 1023 2907 1179 2940; x_wconf 88' lang='lat' dir='ltr'><em>reponere</em></span> <span class='ocrx_word' id='word_1_743' title='bbox 1240 2892 1471 2937; x_wconf 84' lang='lat' dir='ltr'><em>observationem</em></span> <span class='ocrx_word' id='word_1_744' title='bbox 1488 2892 1616 2937; x_wconf 79' lang='lat' dir='ltr'><em>superest</em></span> <span class='ocrx_word' id='word_1_745' title='bbox 1627 2918 1639 2935; x_wconf 92' lang='lat'><em>,</em></span> <span class='ocrx_word' id='word_1_746' title='bbox 1664 2902 1697 2927; x_wconf 89' lang='lat' dir='ltr'><em>ut</em></span> <span class='ocrx_word' id='word_1_747' title='bbox 1719 2892 1763 2925; x_wconf 84' lang='lat' dir='ltr'><em>ad</em></span> <span class='ocrx_word' id='word_1_748' title='bbox 1766 2890 1929 2935; x_wconf 55' lang='lat' dir='ltr'><em>sitandam</em></span> <span class='ocrx_word' id='word_1_749' title='bbox 1947 2896 2125 2925; x_wconf 81' lang='lat' dir='ltr'><em>veniamus.</em></span> 
     </span>
     <span class='ocr_line' id='line_1_58' title="bbox 288 2942 2126 2993; baseline -0.005 -9"><span class='ocrx_word' id='word_1_750' title='bbox 288 2952 324 2984; x_wconf 88' lang='lat' dir='ltr'><em>in</em></span> <span class='ocrx_word' id='word_1_751' title='bbox 336 2948 517 2984; x_wconf 87' lang='lat' dir='ltr'><em>Thronum</em></span> <span class='ocrx_word' id='word_1_752' title='bbox 528 2974 535 2982; x_wconf 91' lang='lat'>.</span> <span class='ocrx_word' id='word_1_753' title='bbox 563 2949 659 2984; x_wconf 88' lang='lat' dir='ltr'><em>Hinc</em></span> <span class='ocrx_word' id='word_1_754' title='bbox 670 2947 758 2993; x_wconf 69' lang='lat' dir='ltr'><em>prius</em></span> <span class='ocrx_word' id='word_1_755' title='bbox 769 2946 890 2982; x_wconf 88' lang='lat' dir='ltr'><em>honori</em></span> <span class='ocrx_word' id='word_1_756' title='bbox 902 2948 1035 2983; x_wconf 87' lang='lat' dir='ltr'><em>reddere</em></span> <span class='ocrx_word' id='word_1_757' title='bbox 1046 2947 1179 2987; x_wconf 86' lang='lat' dir='ltr'><em>studuit,</em></span> <span class='ocrx_word' id='word_1_758' title='bbox 1241 2949 1319 2978; x_wconf 86' lang='lat' dir='ltr'><em>Cum</em></span> <span class='ocrx_word' id='word_1_759' title='bbox 1338 2950 1438 2987; x_wconf 82' lang='lat' dir='ltr'><em>itaque</em></span> <span class='ocrx_word' id='word_1_760' title='bbox 1457 2944 1500 2978; x_wconf 85' lang='lat' dir='ltr'><em>ibi</em></span> <span class='ocrx_word' id='word_1_761' title='bbox 1515 2944 1661 2988; x_wconf 87' lang='lat' dir='ltr'><em>scriptum</em></span> <span class='ocrx_word' id='word_1_762' title='bbox 1672 2942 1713 2984; x_wconf 86' lang='lat' dir='ltr'><em>fit</em></span> <span class='ocrx_word' id='word_1_763' title='bbox 1732 2942 1884 2975; x_wconf 85' lang='lat' dir='ltr'><em>nonnullos</em></span> <span class='ocrx_word' id='word_1_764' title='bbox 1894 2942 1946 2985; x_wconf 85' lang='lat' dir='ltr'><em>effe</em></span> <span class='ocrx_word' id='word_1_765' title='bbox 1960 2942 2126 2984; x_wconf 75' lang='lat' dir='ltr'><em>Metropoli-</em></span> 
     </span>
     <span class='ocr_line' id='line_1_59' title="bbox 291 2990 2124 3044; baseline -0.005 -11"><span class='ocrx_word' id='word_1_766' title='bbox 291 3000 411 3035; x_wconf 88' lang='lat' dir='ltr'><em>deinde</em></span> <span class='ocrx_word' id='word_1_767' title='bbox 422 3000 568 3035; x_wconf 89' lang='lat' dir='ltr'><em>Throno</em></span> <span class='ocrx_word' id='word_1_768' title='bbox 580 3026 588 3033; x_wconf 90' lang='lat'>.</span> <span class='ocrx_word' id='word_1_769' title='bbox 615 2999 762 3044; x_wconf 84' lang='lat' dir='ltr'><em>Rogavit</em></span> <span class='ocrx_word' id='word_1_770' title='bbox 776 2999 978 3032; x_wconf 87' lang='lat' dir='ltr'><em>Mauricium</em></span> <span class='ocrx_word' id='word_1_771' title='bbox 990 3022 1000 3037; x_wconf 91' lang='lat'>‚</span> <span class='ocrx_word' id='word_1_772' title='bbox 1026 3009 1063 3032; x_wconf 88' lang='lat' dir='ltr'><em>ut</em></span> <span class='ocrx_word' id='word_1_773' title='bbox 1075 2998 1178 3041; x_wconf 89' lang='lat' dir='ltr'><em>ipsum</em></span> <span class='ocrx_word' id='word_1_774' title='bbox 1240 3004 1328 3028; x_wconf 87' lang='lat' dir='ltr'><em>tanos</em></span> <span class='ocrx_word' id='word_1_775' title='bbox 1338 3019 1349 3036; x_wconf 95' lang='lat'><em>,</em></span> <span class='ocrx_word' id='word_1_776' title='bbox 1377 3000 1498 3038; x_wconf 85' lang='lat' dir='ltr'><em>quinon</em></span> <span class='ocrx_word' id='word_1_777' title='bbox 1508 2993 1718 3035; x_wconf 83' lang='lat' dir='ltr'><em>confirmantur</em></span> <span class='ocrx_word' id='word_1_778' title='bbox 1727 2993 1748 3024; x_wconf 78' lang='grc' dir='ltr'><em>ἃ</em></span> <span class='ocrx_word' id='word_1_779' title='bbox 1761 2994 1849 3034; x_wconf 85' lang='lat' dir='ltr'><em>Papa</em></span> <span class='ocrx_word' id='word_1_780' title='bbox 1864 3016 1876 3032; x_wconf 92' lang='lat'><em>‚</em></span> <span class='ocrx_word' id='word_1_781' title='bbox 1896 2990 1955 3035; x_wconf 71' lang='lat' dir='ltr'><em>fied</em></span> <span class='ocrx_word' id='word_1_782' title='bbox 1965 3001 2065 3024; x_wconf 85' lang='lat' dir='ltr'><em>tamen</em></span> <span class='ocrx_word' id='word_1_783' title='bbox 2084 2990 2124 3024; x_wconf 83' lang='lat' dir='ltr'><em>ab</em></span> 
     </span>
     <span class='ocr_line' id='line_1_60' title="bbox 292 3040 2122 3094; baseline -0.007 -10"><span class='ocrx_word' id='word_1_784' title='bbox 292 3049 330 3084; x_wconf 87' lang='lat' dir='ltr'><em>in</em></span> <span class='ocrx_word' id='word_1_785' title='bbox 340 3048 553 3084; x_wconf 77' lang='lat' dir='ltr'><em>patriarchali</em></span> <span class='ocrx_word' id='word_1_786' title='bbox 564 3050 726 3094; x_wconf 88' lang='lat' dir='ltr'><em>dignitate</em></span> <span class='ocrx_word' id='word_1_787' title='bbox 737 3049 938 3093; x_wconf 86' lang='lat' dir='ltr'><em>permitteret</em></span> <span class='ocrx_word' id='word_1_788' title='bbox 956 3051 1064 3083; x_wconf 88' lang='lat' dir='ltr'><em>secum</em></span> <span class='ocrx_word' id='word_1_789' title='bbox 1076 3059 1180 3081; x_wconf 89' lang='lat' dir='ltr'><em>mora·</em></span> <span class='ocrx_word' id='word_1_790' title='bbox 1239 3057 1271 3079; x_wconf 88' lang='lat' dir='ltr'><em>eo</em></span> <span class='ocrx_word' id='word_1_791' title='bbox 1296 3047 1426 3079; x_wconf 86' lang='lat' dir='ltr'><em>Pallium</em></span> <span class='ocrx_word' id='word_1_792' title='bbox 1447 3049 1596 3086; x_wconf 84' lang='lat' dir='ltr'><em>accipiunt</em></span> <span class='ocrx_word' id='word_1_793' title='bbox 1615 3067 1626 3082; x_wconf 83' lang='lat'>‚</span> <span class='ocrx_word' id='word_1_794' title='bbox 1652 3040 1872 3085; x_wconf 84' lang='lat' dir='ltr'><em>observationes</em></span> <span class='ocrx_word' id='word_1_795' title='bbox 1898 3044 1933 3076; x_wconf 65' lang='lat'><em>&lt;⁰1</em></span> <span class='ocrx_word' id='word_1_796' title='bbox 1958 3040 2019 3084; x_wconf 85' lang='lat' dir='ltr'><em>ipse</em></span> <span class='ocrx_word' id='word_1_797' title='bbox 2041 3051 2122 3074; x_wconf 83' lang='lat' dir='ltr'><em>meas</em></span> 
     </span>
     <span class='ocr_line' id='line_1_61' title="bbox 293 3090 2124 3144; baseline -0.004 -12"><span class='ocrx_word' id='word_1_798' title='bbox 293 3098 341 3132; x_wconf 88' lang='lat' dir='ltr'><em>ri.</em></span> <span class='ocrx_word' id='word_1_799' title='bbox 370 3098 451 3132; x_wconf 87' lang='lat' dir='ltr'><em>Haec</em></span> <span class='ocrx_word' id='word_1_800' title='bbox 474 3099 570 3133; x_wconf 87' lang='lat' dir='ltr'><em>verba</em></span> <span class='ocrx_word' id='word_1_801' title='bbox 583 3124 595 3140; x_wconf 95' lang='lat'><em>,</em></span> <span class='ocrx_word' id='word_1_802' title='bbox 620 3100 749 3144; x_wconf 80' lang='lat' dir='ltr'><em>Concessa</em></span> <span class='ocrx_word' id='word_1_803' title='bbox 771 3097 824 3142; x_wconf 86' lang='lat' dir='ltr'><em>usu</em></span> <span class='ocrx_word' id='word_1_804' title='bbox 841 3100 954 3141; x_wconf 81' lang='lat' dir='ltr'><em>pallii,</em></span> <span class='ocrx_word' id='word_1_805' title='bbox 981 3101 1054 3133; x_wconf 90' lang='lat' dir='ltr'><em>sunt</em></span> <span class='ocrx_word' id='word_1_806' title='bbox 1064 3097 1176 3131; x_wconf 87' lang='lat' dir='ltr'><em>eadem</em></span> <span class='ocrx_word' id='word_1_807' title='bbox 1239 3101 1316 3129; x_wconf 85' lang='lat' dir='ltr'><em>circa</em></span> <span class='ocrx_word' id='word_1_808' title='bbox 1326 3095 1402 3128; x_wconf 88' lang='lat' dir='ltr'><em>banc</em></span> <span class='ocrx_word' id='word_1_809' title='bbox 1412 3099 1566 3128; x_wconf 80' lang='lat' dir='ltr'><em>materiam</em></span> <span class='ocrx_word' id='word_1_810' title='bbox 1571 3100 1738 3135; x_wconf 86' lang='lat' dir='ltr'><em>proponam</em></span> <span class='ocrx_word' id='word_1_811' title='bbox 1751 3117 1762 3133; x_wconf 95' lang='lat'><em>,</em></span> <span class='ocrx_word' id='word_1_812' title='bbox 1787 3104 1856 3136; x_wconf 84' lang='lat' dir='ltr'><em>quae</em></span> <span class='ocrx_word' id='word_1_813' title='bbox 1885 3097 1987 3136; x_wconf 78' lang='lat' dir='ltr'><em>magni</em></span> <span class='ocrx_word' id='word_1_814' title='bbox 2006 3090 2044 3132; x_wconf 82' lang='lat' dir='ltr'><em>est</em></span> <span class='ocrx_word' id='word_1_815' title='bbox 2060 3101 2124 3124; x_wconf 57' lang='lat' dir='ltr'><em>&#39;mo-</em></span> 
     </span>
     <span class='ocr_line' id='line_1_62' title="bbox 293 3146 1177 3197; baseline 0.002 -15"><span class='ocrx_word' id='word_1_816' title='bbox 293 3158 370 3182; x_wconf 89' lang='lat' dir='ltr'><em>cum</em></span> <span class='ocrx_word' id='word_1_817' title='bbox 382 3146 452 3181; x_wconf 88' lang='lat' dir='ltr'><em>his:</em></span> <span class='ocrx_word' id='word_1_818' title='bbox 480 3149 624 3189; x_wconf 82' lang='lat' dir='ltr'><em>Restituto</em></span> <span class='ocrx_word' id='word_1_819' title='bbox 634 3149 737 3184; x_wconf 84' lang='lat' dir='ltr'><em>bonore</em></span> <span class='ocrx_word' id='word_1_820' title='bbox 750 3175 757 3182; x_wconf 94' lang='lat'><strong><em>.</em></strong></span> <span class='ocrx_word' id='word_1_821' title='bbox 785 3150 877 3197; x_wconf 85' lang='lat' dir='ltr'><em>Qia</em></span> <span class='ocrx_word' id='word_1_822' title='bbox 895 3161 1012 3193; x_wconf 87' lang='lat' dir='ltr'><em>nempe</em></span> <span class='ocrx_word' id='word_1_823' title='bbox 1035 3147 1177 3183; x_wconf 86' lang='lat' dir='ltr'><em>Pallium</em></span> 
     </span>
     <span class='ocr_line' id='line_1_63' title="bbox 294 3197 1176 3243; baseline -0.003 -10"><span class='ocrx_word' id='word_1_824' title='bbox 294 3198 341 3233; x_wconf 89' lang='lat' dir='ltr'><em>est</em></span> <span class='ocrx_word' id='word_1_825' title='bbox 353 3197 554 3241; x_wconf 88' lang='lat' dir='ltr'><em>Episcopalis</em></span> <span class='ocrx_word' id='word_1_826' title='bbox 565 3198 702 3233; x_wconf 88' lang='lat' dir='ltr'><em>honoris</em></span> <span class='ocrx_word' id='word_1_827' title='bbox 718 3200 873 3234; x_wconf 88' lang='lat' dir='ltr'><em>ultimum</em></span> <span class='ocrx_word' id='word_1_828' title='bbox 887 3200 1176 3243; x_wconf 80' lang='lat' dir='ltr'><em>complementum.</em></span> 
     </span>
     <span class='ocr_line' id='line_1_64' title="bbox 294 3247 1174 3294; baseline 0.001 -13"><span class='ocrx_word' id='word_1_829' title='bbox 294 3247 506 3294; x_wconf 84' lang='lat' dir='ltr'><em>Qapropter</em></span> <span class='ocrx_word' id='word_1_830' title='bbox 517 3259 585 3282; x_wconf 88' lang='lat' dir='ltr'><em>non</em></span> <span class='ocrx_word' id='word_1_831' title='bbox 597 3249 696 3284; x_wconf 90' lang='lat' dir='ltr'><em>solius</em></span> <span class='ocrx_word' id='word_1_832' title='bbox 707 3250 802 3283; x_wconf 87' lang='lat' dir='ltr'><em>Pallii</em></span> <span class='ocrx_word' id='word_1_833' title='bbox 815 3275 825 3291; x_wconf 96' lang='lat'><em>,</em></span> <span class='ocrx_word' id='word_1_834' title='bbox 853 3251 908 3285; x_wconf 90' lang='lat' dir='ltr'><em>sed</em></span> <span class='ocrx_word' id='word_1_835' title='bbox 935 3250 1035 3284; x_wconf 83' lang='lat' dir='ltr'><em>totius</em></span> <span class='ocrx_word' id='word_1_836' title='bbox 1047 3248 1174 3291; x_wconf 87' lang='lat' dir='ltr'><em>Episco-</em></span> 
     </span>
     <span class='ocr_line' id='line_1_65' title="bbox 293 3296 1177 3345; baseline 0.001 -14"><span class='ocrx_word' id='word_1_837' title='bbox 293 3298 375 3345; x_wconf 76' lang='lat' dir='ltr'><em>palis</em></span> <span class='ocrx_word' id='word_1_838' title='bbox 385 3296 555 3342; x_wconf 84' lang='lat' dir='ltr'><em>dignitatis</em></span> <span class='ocrx_word' id='word_1_839' title='bbox 564 3299 656 3332; x_wconf 86' lang='lat' dir='ltr'><em>usum</em></span> <span class='ocrx_word' id='word_1_840' title='bbox 668 3300 808 3342; x_wconf 87' lang='lat' dir='ltr'><em>permitti</em></span> <span class='ocrx_word' id='word_1_841' title='bbox 819 3300 989 3335; x_wconf 70' lang='lat' dir='ltr'><em>Anastasio</em></span> <span class='ocrx_word' id='word_1_842' title='bbox 1003 3298 1177 3343; x_wconf 76' lang='lat' dir='ltr'><em>postulavit</em></span> 
     </span>
     <span class='ocr_line' id='line_1_66' title="bbox 294 3346 1176 3393; baseline 0 -11"><span class='ocrx_word' id='word_1_843' title='bbox 294 3349 476 3393; x_wconf 87' lang='lat' dir='ltr'><em>Gregorius</em></span> <span class='ocrx_word' id='word_1_844' title='bbox 488 3372 495 3379; x_wconf 96' lang='lat'>.</span> <span class='ocrx_word' id='word_1_845' title='bbox 524 3346 733 3381; x_wconf 54' lang='lat' dir='ltr'><em>Postulavit&amp;</em></span> <span class='ocrx_word' id='word_1_846' title='bbox 745 3349 900 3393; x_wconf 88' lang='lat' dir='ltr'><em>Principe</em></span> <span class='ocrx_word' id='word_1_847' title='bbox 913 3376 924 3392; x_wconf 92' lang='lat'><em>,</em></span> <span class='ocrx_word' id='word_1_848' title='bbox 952 3362 1019 3384; x_wconf 90' lang='lat' dir='ltr'><em>non</em></span> <span class='ocrx_word' id='word_1_849' title='bbox 1033 3348 1122 3391; x_wconf 91' lang='lat' dir='ltr'><em>quod</em></span> <span class='ocrx_word' id='word_1_850' title='bbox 1134 3350 1176 3382; x_wconf 89' lang='lat' dir='ltr'><em>es—</em></span> 
     </span>
     <span class='ocr_line' id='line_1_67' title="bbox 295 3395 1178 3444; baseline -0.003 -9"><span class='ocrx_word' id='word_1_851' title='bbox 295 3401 365 3435; x_wconf 68' lang='lat' dir='ltr'><em>sent</em></span> <span class='ocrx_word' id='word_1_852' title='bbox 376 3398 444 3443; x_wconf 84' lang='lat' dir='ltr'><em>ejus</em></span> <span class='ocrx_word' id='word_1_853' title='bbox 454 3395 634 3439; x_wconf 80' lang='lat' dir='ltr'><em>beneficia,</em></span> <span class='ocrx_word' id='word_1_854' title='bbox 659 3397 712 3431; x_wconf 87' lang='lat' dir='ltr'><em>sed</em></span> <span class='ocrx_word' id='word_1_855' title='bbox 723 3399 811 3441; x_wconf 88' lang='lat' dir='ltr'><em>quod</em></span> <span class='ocrx_word' id='word_1_856' title='bbox 825 3399 869 3433; x_wconf 89' lang='lat' dir='ltr'><em>ob</em></span> <span class='ocrx_word' id='word_1_857' title='bbox 881 3400 984 3444; x_wconf 87' lang='lat' dir='ltr'><em>ipsum</em></span> <span class='ocrx_word' id='word_1_858' title='bbox 1003 3399 1178 3440; x_wconf 85' lang='lat' dir='ltr'><em>offensum,</em></span> 
     </span>
    </p>
   </div>
   <div class='ocr_carea' id='block_1_7' title="bbox 1237 3143 2123 3387">
    <p class='ocr_par' dir='ltr' id='par_1_8' title="bbox 1237 3143 2123 3387">
     <span class='ocr_line' id='line_1_68' title="bbox 1240 3143 2122 3188; baseline -0.007 -11"><span class='ocrx_word' id='word_1_859' title='bbox 1240 3151 1352 3185; x_wconf 85' lang='lat' dir='ltr'><em>menti,</em></span> <span class='ocrx_word' id='word_1_860' title='bbox 1379 3147 1597 3188; x_wconf 77' lang='lat' dir='ltr'><em>&amp;argumenta</em></span> <span class='ocrx_word' id='word_1_861' title='bbox 1621 3154 1688 3185; x_wconf 81' lang='lat' dir='ltr'><em>quae</em></span> <span class='ocrx_word' id='word_1_862' title='bbox 1700 3143 1772 3177; x_wconf 85' lang='lat' dir='ltr'><em>inde</em></span> <span class='ocrx_word' id='word_1_863' title='bbox 1786 3148 1855 3186; x_wconf 84' lang='lat' dir='ltr'><em>peti</em></span> <span class='ocrx_word' id='word_1_864' title='bbox 1869 3145 2002 3186; x_wconf 81' lang='lat' dir='ltr'><em>poffunt.</em></span> <span class='ocrx_word' id='word_1_865' title='bbox 2030 3145 2122 3181; x_wconf 86' lang='lat' dir='ltr'><em>opta-</em></span> 
     </span>
     <span class='ocr_line' id='line_1_69' title="bbox 1238 3191 2123 3237; baseline -0.009 -10"><span class='ocrx_word' id='word_1_866' title='bbox 1238 3194 1312 3227; x_wconf 90' lang='lat' dir='ltr'><em>bant</em></span> <span class='ocrx_word' id='word_1_867' title='bbox 1317 3194 1394 3237; x_wconf 72' lang='lat' dir='ltr'><em>sane</em></span> <span class='ocrx_word' id='word_1_868' title='bbox 1405 3196 1472 3227; x_wconf 82' lang='lat' dir='ltr'><em>olim</em></span> <span class='ocrx_word' id='word_1_869' title='bbox 1479 3191 1589 3235; x_wconf 86' lang='lat' dir='ltr'><em>summi</em></span> <span class='ocrx_word' id='word_1_870' title='bbox 1600 3193 1757 3235; x_wconf 86' lang='lat' dir='ltr'><em>Pontifices</em></span> <span class='ocrx_word' id='word_1_871' title='bbox 1768 3217 1780 3234; x_wconf 89' lang='lat'><em>,</em></span> <span class='ocrx_word' id='word_1_872' title='bbox 1805 3202 1838 3227; x_wconf 89' lang='lat' dir='ltr'><em>ut</em></span> <span class='ocrx_word' id='word_1_873' title='bbox 1861 3203 1959 3226; x_wconf 86' lang='lat' dir='ltr'><em>omnes</em></span> <span class='ocrx_word' id='word_1_874' title='bbox 1979 3194 2123 3229; x_wconf 81' lang='lat' dir='ltr'><em>Metropo-</em></span> 
     </span>
     <span class='ocr_line' id='line_1_70' title="bbox 1237 3238 2122 3285; baseline -0.01 -7"><span class='ocrx_word' id='word_1_875' title='bbox 1237 3246 1326 3278; x_wconf 75' lang='lat' dir='ltr'><em>litam·</em></span> <span class='ocrx_word' id='word_1_876' title='bbox 1363 3249 1450 3285; x_wconf 79' lang='lat' dir='ltr'><em>,qui</em></span> <span class='ocrx_word' id='word_1_877' title='bbox 1473 3245 1517 3276; x_wconf 88' lang='lat' dir='ltr'><em>ad</em></span> <span class='ocrx_word' id='word_1_878' title='bbox 1534 3255 1632 3277; x_wconf 87' lang='lat' dir='ltr'><em>eorum</em></span> <span class='ocrx_word' id='word_1_879' title='bbox 1655 3243 1907 3277; x_wconf 71' lang='lat' dir='ltr'><em>patriarchatum</em></span> <span class='ocrx_word' id='word_1_880' title='bbox 1911 3238 2122 3284; x_wconf 83' lang='lat' dir='ltr'><em>pertinebant,</em></span> 
     </span>
     <span class='ocr_line' id='line_1_71' title="bbox 1238 3292 2120 3337; baseline -0.01 -9"><span class='ocrx_word' id='word_1_881' title='bbox 1238 3296 1362 3336; x_wconf 78' lang='lat' dir='ltr'><em>aliquod</em></span> <span class='ocrx_word' id='word_1_882' title='bbox 1370 3293 1601 3335; x_wconf 84' lang='lat' dir='ltr'><em>confirmationis</em></span> <span class='ocrx_word' id='word_1_883' title='bbox 1608 3306 1703 3337; x_wconf 84' lang='lat' dir='ltr'><em>genus</em></span> <span class='ocrx_word' id='word_1_884' title='bbox 1714 3308 1735 3327; x_wconf 85' lang='lat' dir='ltr'><em>a</em></span> <span class='ocrx_word' id='word_1_885' title='bbox 1723 3295 1816 3328; x_wconf 78' lang='lat' dir='ltr'><em>Sede</em></span> <span class='ocrx_word' id='word_1_886' title='bbox 1837 3292 1990 3336; x_wconf 61' lang='lat' dir='ltr'><em>apostolica</em></span> <span class='ocrx_word' id='word_1_887' title='bbox 2011 3293 2120 3329; x_wconf 65' lang='grc' dir='ltr'><em>ασαρα-</em></span> 
     </span>
     <span class='ocr_line' id='line_1_72' title="bbox 1238 3335 2121 3387; baseline -0.011 -8"><span class='ocrx_word' id='word_1_888' title='bbox 1238 3354 1323 3379; x_wconf 84' lang='lat' dir='ltr'><em>rent.</em></span> <span class='ocrx_word' id='word_1_889' title='bbox 1352 3345 1460 3377; x_wconf 74' lang='lat' dir='ltr'><em>Vericn</em></span> <span class='ocrx_word' id='word_1_890' title='bbox 1481 3350 1554 3386; x_wconf 84' lang='lat' dir='ltr'><em>quia</em></span> <span class='ocrx_word' id='word_1_891' title='bbox 1565 3345 1671 3387; x_wconf 80' lang='lat' dir='ltr'><em>ubique</em></span> <span class='ocrx_word' id='word_1_892' title='bbox 1698 3352 1843 3385; x_wconf 86' lang='lat' dir='ltr'><em>receptum</em></span> <span class='ocrx_word' id='word_1_893' title='bbox 1852 3349 1918 3377; x_wconf 79' lang='lat' dir='ltr'><em>erat</em></span> <span class='ocrx_word' id='word_1_894' title='bbox 1937 3335 2121 3381; x_wconf 75' lang='lat' dir='ltr'><em>consecratio-</em></span> 
     </span>
    </p>
   </div>
   <div class='ocr_carea' id='block_1_8' title="bbox 1214 3387 2120 3479">
    <p class='ocr_par' dir='ltr' id='par_1_9' title="bbox 1214 3387 2120 3479">
     <span class='ocr_line' id='line_1_73' title="bbox 1239 3387 2120 3438; baseline -0.011 -9"><span class='ocrx_word' id='word_1_895' title='bbox 1239 3407 1291 3430; x_wconf 85' lang='lat' dir='ltr'><em>nes</em></span> <span class='ocrx_word' id='word_1_896' title='bbox 1311 3393 1378 3436; x_wconf 83' lang='lat' dir='ltr'><em>fieri</em></span> <span class='ocrx_word' id='word_1_897' title='bbox 1386 3394 1462 3438; x_wconf 80' lang='lat' dir='ltr'><em>posse</em></span> <span class='ocrx_word' id='word_1_898' title='bbox 1482 3404 1571 3428; x_wconf 79' lang='lat' dir='ltr'><em>extra</em></span> <span class='ocrx_word' id='word_1_899' title='bbox 1583 3397 1708 3428; x_wconf 77' lang='lat' dir='ltr'><em>Italiam</em></span> <span class='ocrx_word' id='word_1_900' title='bbox 1730 3391 1838 3436; x_wconf 84' lang='lat' dir='ltr'><em>absqu&#39;e</em></span> <span class='ocrx_word' id='word_1_901' title='bbox 1855 3401 1950 3425; x_wconf 85' lang='lat' dir='ltr'><em>eorum</em></span> <span class='ocrx_word' id='word_1_902' title='bbox 1961 3387 2120 3431; x_wconf 84' lang='lat' dir='ltr'><em>consensu,</em></span> 
     </span>
     <span class='ocr_line' id='line_1_74' title="bbox 1214 3444 2071 3479; baseline -0.009 0"><span class='ocrx_word' id='word_1_903' title='bbox 1214 3458 1221 3479; x_wconf 83' lang='grc' dir='ltr'>ι</span> <span class='ocrx_word' id='word_1_904' title='bbox 2006 3444 2071 3472; x_wconf 84' lang='lat' dir='ltr'><em>vim</em></span> 
     </span>
    </p>
   </div>
  </div>
 </body>
</html>
