2326 3718
335 137 433 183 390

979 126 1003 172 1
1071 140 1105 171 N
1172 138 1205 171 1>
1273 141 1299 170 n
1367 113 1393 170 u

269 221 275 225 ·
307 208 412 242 erario
434 207 470 241 in
483 204 683 252 Episcopum
697 207 1073 255 Constantinopolitanae
1085 210 1147 244 Ec—

1264 208 1405 245 lanensis
1416 209 1435 252 ,’
1455 209 1692 256 Aquileienlis,
1718 212 1944 254 Calffioenusss
1993 221 2093 268 352*-

307 257 432 297 clefiae,
457 267 561 306 ¹¹7·¹·
590 259 688 294 Facta
710 261 740 295 ei
751 261 968 296 contradictio
990 283 1003 300 ‚
1030 260 1150 308 lb1d3&
1211 258 1438 304 Metropolitae
1449 263 1605 298 nonnulli
1620 274 1676 307 per
1686 263 1856 309 Principes
1866 269 2096 307 sacularesim.

309 314 422 354 1174.
454 308 585 343 Falsum
607 309 677 351 est,
702 310 791 355 quod
814 313 968 346 Romana
992 309 1148 353 synodus

1260 310 1400 355 pediunt
1413 311 1648 348 patriarchales
1657 314 1810 358 Synodos
1822 340 1830 348 .
1883 313 1981 355 88;2.
1993 318 2045 368 89.
2060 327 2091 359 1ss

304 354 493 392 absentibus
505 359 731 396 Orientalibus
754 360 959 395 deMaximo
983 359 1071 395 nihil
1093 372 1147 394 vo-
1210 359 1613 406 Metropolitanititulus,
1638 374 1708 399 non
1721 365 1781 399 soli
1796 365 2092 419 CarthaginisEpi-

304 406 369 441 luit
379 405 552 443 decernere
564 434 576 451 ‚
601 409 675 444 ibid.
703 411 788 444 Eum
801 410 932 445 admisit
947 410 987 445 ad
1000 421 1145 445 commu-

301 458 464 501 nionem,
488 459 719 495 &revestitum
738 459 780 494 ad
792 462 1048 497 retractantium
1061 461 1144 505 judi·

301 507 393 542 cium
404 533 413 542 .

295 708 549 745 Occidentalem
565 710 744 746 Ecclesiam
757 713 771 746 ?
1032 725 1100 762 ¹¹9·
1116 723 1135 748 1.

243 759 275 795 S.
286 758 494 794 Maximinus
518 758 734 796 Athanasium
759 787 770 804 ,
796 760 875 798 dum
895 763 913 797 ὲ
936 764 1136 800 Constantio

291 808 487 854 quae'reretur
507 810 551 845 ad
572 821 704 854 poenam
733 836 744 853 ,
769 811 953 848 honorifice
976 816 1133 859 suscepiv.

288 868 347 905 29·
375 870 407 896 2.
437 860 774 905 Sardicensistynodo
798 864 903 898 adfuit
935 888 946 905 ‚
973 866 1026 898 vel
1048 863 1135 899 certe

287 908 490 954 subscripsit,
516 920 610 958 142..
628 911 765 947 Author
775 914 840 948 fuit
850 913 1006 950 Pontifici
1020 915 1108 959 julio
1126 939 1137 955 ,

284 969 324 994 ut
346 970 423 1004 erga
439 961 595 996 Sanctum
619 960 835 998 Athanasium
849 989 860 1005 ,
888 965 1032 1010 aliosque
1045 966 1087 1000 ad
1102 968 1132 1000 sc

283 1011 486 1055 appellantes
497 1012 678 1055 Episcopoc
687 1014 807 1049 faceret
818 1041 828 1055 ,
855 1026 1070 1060 quaecumque
1083 1018 1127 1051 fe·
1153 1017 1156 1020 ’

283 1063 334 1095 cit
346 1085 353 1093 .
381 1071 424 1104 ¹4·
439 1073 471 1100 2.
483 1074 539 1110 34.
550 1072 580 1098 1.
606 1073 648 1096 ex
660 1075 751 1099 more
763 1064 946 1100 Gallicanae
962 1067 1111 1101 Ecclesia:
1121 1090 1131 1106 ‚

276 1119 339 1148 20·
357 1121 386 1146 1.
400 1122 444 1146 ιι.
461 1121 488 1147 1.
516 1113 702 1148 Accusat-ur
713 1114 754 1150 ab
767 1114 979 1150 Eusebianis.
1035 1126 1128 1163 151-

231 1157 406 1197 Maximus
418 1185 429 1202 ,
457 1163 537 1198 teste
550 1164 580 1198 S.
594 1163 773 1200 Ambrosio
788 1190 800 1207 ,
813 1166 957 1199 Romam
968 1169 1127 1211 appellat.

279 1215 336 1258 63.
350 1221 371 1245 ι.
386 1221 453 1259 ¹19·
469 1224 495 1249 1.
512 1226 542 1251 2„
573 1213 630 1248 Ad
652 1225 724 1247 eam
748 1215 1018 1257 Appellationem
1041 1228 1127 1251 acce-

278 1263 438 1306 ptandam
452 1263 481 1295 S.
497 1263 660 1296 Damasus
684 1274 751 1296 non
769 1264 915 1308 indiguit
935 1265 1127 1300 Provincia—

277 1312 320 1346 lis
331 1309 713 1346 Conciliiauthoritate.
745 1312 819 1345 ibid.
843 1314 1005 1352 &¹16-1·
1036 1317 1126 1351 Ante

276 1361 473 1394 inchoatum
492 1361 748 1394 retractatorium
777 1362 937 1405 judicium
950 1367 1125 1402 continua-

275 1421 329 1445 tur
341 1410 375 1444 in
392 1409 607 1454 Episcopatus
620 1411 813 1455 poffeffione
824 1438 832 1445 .
1022 1415 1078 1454 68.
1093 1430 1121 1454 2.

223 1459 612 1556 Maximus‘Valentinus
629 1461 812 1507 Episcopus
824 1467 1007 1502 accusatur.
1025 1478 1081 1517 44.
1095 1481 1124 1505 2.

274 1515 312 1548 θ
343 1524 388 1556 eq.
546 1524 549 1541 z
587 1513 591 1520 '
637 1524 652 1542 ’,,·
753 1531 762 1542 -,
990 1531 993 1535 2

224 1562 455 1598 Melchiadesa
468 1565 656 1600 Donatistis
667 1565 781 1602 frustra
791 1571 958 1604 accusatus
968 1570 1123 1614 delapsu,

274 1613 457 1649 traditione
472 1640 484 1657 ,
502 1622 549 1651 *ac
563 1614 853 1653 Thurificatione.
884 1619 959 1667 163.
975 1632 1005 1657 1.
1024 1620 1125 1656 Calu-

271 1665 363 1700 mnia
377 1665 478 1700 fidem
497 1667 646 1708 invenit,
675 1669 775 1703 etiam
797 1670 884 1714 apud
909 1671 1039 1716 aliquos
1062 1671 1124 1704 Ca-

269 1715 417 1751 tholicos
431 1739 443 1756 ‚
466 1717 500 1750 δε
513 1715 592 1752 hinc
605 1719 761 1761 Synodus
781 1721 990 1756 Sinueffanaa
1024 1730 1027 1742 '-
1044 1720 1120 1755 ibid.

218 1763 427 1801 Melchiades
453 1767 704 1803 Donatistarum
730 1768 881 1805 adversus
911 1772 1121 1807 Cecilianum

267 1818 542 1862 provocationem
565 1821 711 1854 retrastat
738 1820 877 1863 Roman,
905 1827 961 1858 62.
989 1835 1022 1860 2.
1054 1822 1124 1857 Cur

266 1869 303 1902 in
327 1880 364 1903 ea
387 1870 481 1903 causa
502 1870 609 1912 plures
619 1870 895 1916 sibiaffumpserit
919 1872 1119 1913 Alsess‘ores5

268 1929 375 1966 232.1.
390 1919 602 1955 Cecilianum
615 1932 684 1956 non
691 1921 855 1965 judicavit
870 1929 912 1957 eir
924 1922 1124 1956 authoritate

268 1968 445 2012 imperialis
467 1971 687 2014 delegationis
701 1995 708 2000 .
998 1978 1084 2013 227.
1099 1981 1122 2003 ι.

217 2016 422 2052 Melchiadis
442 2014 561 2050 ultima
585 2017 627 2048 de
647 2018 744 2046 causa
767 2014 931 2047 ceciliani
959 2014 1126 2048 sententia·

269 2075 429 2108 concepta
442 2065 476 2097 in
491 2063 585 2106 ipsius
596 2062 698 2096 solius
711 2073 833 2097 nomen
845 2086 855 2104 ,
871 2074 948 2110 227.
967 2073 994 2098 1.
1010 2074 1123 2112 232·¹·

269 2117 341 2150 Cur
376 2114 447 2158 post
479 2113 679 2147 sententiam
707 2112 724 2146 ὲ
746 2114 778 2147 se
810 2114 967 2156 prolatam
995 2139 1006 2155 ,
1033 2113 1123 2148 susti-

270 2166 378 2201 nuerit
391 2166 425 2198 in
440 2163 619 2198 Arelatensi
632 2163 791 2198 Concilio
800 2164 951 2198 iteratam
975 2163 1044 2198 litis
1065 2176 1122 2200 co-

272 2218 463 2261 gnitionem
477 2215 494 2246 .?
1045 2215 1120 2248 ebed.

220 2265 354 2302 Meletii
368 2266 537 2301 ordinatio
561 2266 596 2300 ὅ(
617 2264 794 2308 appellatio
816 2265 991 2300 Romana.
1022 2275 1088 2311 119.
1100 2277 1120 2300 ι.

276 2328 353 2366 130.
394 2325 425 2351 2.
465 2317 500 2350 6·
532 2314 595 2358 seq.
633 2315 809 2359 stipulatio
847 2327 925 2350 cum
957 2314 1120 2351 Paulino.

279 2379 294 2404 1
330 2378 406 2403 2.2·

223 2378 445 2459 Metffopolita
468 2414 486 2447 ὲ
510 2412 692 2449 Provinciae
711 2417 772 2450 suae
793 2414 932 2459 synodo
953 2421 1121 2461 nunquam

274 2466 386 2513 potuit
412 2464 588 2504 damnari,
613 2475 669 2499 aut
691 2464 846 2509 judicari.
877 2476 930 2514 3²·
952 2472 973 2499 ι.
1008 2476 1122 2509 provo-

271 2528 330 2554 cat
352 2515 393 2550 ad
417 2512 643 2550 patriarcham
668 2540 675 2547 .
703 2515 775 2548 ibid.
814 2514 887 2550 Lex
907 2516 1060 2551 Gratiani
1081 2515 1122 2551 dc

275 2565 506 2610 Metropolitis
518 2577 584 2599 non
599 2564 714 2600 condit
727 2577 851 2600 novum
866 2566 916 2611 jus
929 2591 940 2608 ,
962 2567 1015 2601 sed
1027 2568 1122 2601 inno·

276 2628 337 2654 vat
363 2641 374 2658 ‚
400 2628 439 2651 ac
472 2615 594 2651 stabilit
628 2614 857 2660 Apostolicam
888 2616 1119 2652 traditionem.

281 2677 340 2718 32.
362 2679 394 2707 2.
422 2666 578 2701 Canones
599 2665 642 2700 de
664 2666 725 2701 bac
747 2678 780 2701 re
802 2691 813 2708 ‚
838 2678 896 2701 cur
922 2668 1122 2714 quandoque

281 2731 353 2754 non
377 2718 554 2763 viguerunt
577 2717 611 2750 in
627 2716 757 2758 Gallia,
785 2716 857 2750 ibid.
885 2718 1026 2752 Carolus
1050 2718 1122 2752 Ma·

281 2779 367 2814 gnus
379 2767 720 2812 Curionum-vigorem
741 2767 890 2802 reduxit.
1019 2777 1072 2815 33.
1094 2779 1121 2804 1.

232 2819 450 2863 Metropolita
488 2818 506 2852 ὲ
539 2818 611 2851 solo
632 2815 817 2852 Patriarcha
839 2817 929 2860 juxta
956 2818 1123 2861 Apostoli·

284 2882 357 2905 cam
371 2868 516 2914 regulam
528 2867 634 2912 potest
644 2867 740 2912 dejici
765 2868 817 2902 vel
829 2868 985 2911 judicari.
1012 2879 1067 2917 23.
1093 2880 1119 2904 1.

283 2932 304 2969 3
309 2930 340 2967 3.
359 2932 386 2957 1.
416 2918 542 2962 Excipe
554 2928 665 2953 tamen
691 2919 802 2953 casum
822 2919 955 2953 Haercsis
980 2919 1123 2953 manife-

284 2972 354 3005 stae:
383 2971 463 3004 item
487 2969 700 3003 Idololatriae.

235 3019 459 3064 Metropolitae
481 3019 689 3059 Galliarum,
716 3018 953 3063 gestaverintne
981 3019 1123 3053 Pallium

260 3071 265 3074 ’
286 3079 360 3104 ante
379 3070 486 3105 Sansti
508 3069 675 3104 Bonifacii
699 3069 959 3112 Apostolatum?
1010 3067 1122 3120 18731.

236 3119 462 3161 Metropolitae
474 3122 507 3153 in
523 3120 729 3165 AEgyptiaca
752 3119 890 3154 Dioecesi
912 3131 980 3154 non
993 3122 1124 3163 poliunt

185 3163 193 3170 ⁸
290 3169 448 3203 celebrare
467 3170 643 3214 Synodos.
997 3169 1071 3217 136·
1092 3182 1123 3206 2·

238 3218 461 3262 Metropolitae
479 3221 514 3254 in
537 3221 699 3263 Hispania
722 3231 791 3255 non
801 3219 955 3254 videntur
965 3221 1060 3255 fuisse
1079 3221 1126 3254 us-

292 3280 356 3314 que
369 3268 409 3302 ad
419 3277 564 3311 tempora
586 3270 819 3305 Constantini.
997 3294 1000 3297 -
1022 3281 1075 3319 33.
1089 3267 1125 3306 ἰ.

241 3317 581 3363 Metropolitaeltaliae
589 3331 730 3364 qua-tuor
741 3344 755 3363 ,
767 3319 950 3357 >Romanus
959 3327 976 3362 ,¹
997 3320 1127 3357 Medio·

949 2982 951 2986 ’
1016 2979 1173 3017 33-1--

1257 412 1359 456 scopo
1371 437 1383 454 ‚
1407 412 1462 447 sed
1481 410 1582 449 etia'm
1604 413 1740 449 aliarum
1752 413 2004 452 provinciarum
2021 417 2091 456 1²11-

1257 461 1399 497 matibus
1425 462 1619 499 attributus-
1971 478 2048 515 151.
2059 480 2092 506 2.

1065 513 1139 546 2b1d.
1204 512 1455 556 Metropolitica
1475 514 1620 557 potestas
1641 515 1728 559 apud
1740 514 1842 551 Afros
1863 527 1933 551 non
1957 528 2026 553 erat
2038 520 2095 553 ad-

249 556 395 593 Maximi
407 559 519 595 dolosa
529 560 567 592 H
569 558 726 603 ypocrisis
737 585 748 601 ,
773 561 806 595 δε
819 570 895 597 ante
906 561 1140 607 Episcopatum

296 609 429 644 occulta
451 610 619 648 facinora,
647 619 725 647 120.
741 621 770 648 2.
799 612 880 655 Ejus
904 612 1073 647 ordinatio
1095 625 1137 648 an

295 659 394 695 fuerit
406 661 500 693 causa
515 658 756 695 diffociationis
778 662 863 697 inter
874 664 1080 698 Orientalem
1104 665 1138 699 δε

1252 562 1358 598 stricta
1377 571 1470 598 certae
1480 563 1576 604 Sedi,
1601 564 1655 599 sed
1676 568 1799 610 semper
1824 567 1979 602 transibat
1990 568 2030 603 ad
2043 571 2092 604 se-

1250 613 1378 648 niorem
1399 615 1649 650 consecratione
1668 614 1871 661 Episcopum
1897 618 2001 652 totius
2012 618 2093 655 Pro·

1250 662 1386 698 vinciae.
1418 673 1492 711 150.
1504 674 1534 699 2.
1558 664 1686 700 Utrum
1701 665 1766 700 hoc
1778 667 1957 703 obtinuerit
1970 669 2004 703 in
2018 680 2093 704 om-

1249 712 1350 748 nibus
1372 714 1429 748 sex
1441 714 1563 749 Africae
1583 714 1791 751 Provinciis?
1817 728 1884 764 ιφ..
1902 729 1973 755 1.2.
1999 719 2091 754 Con-

1246 764 1311 798 stat
1333 763 1472 809 viguisse
1492 765 1528 798 in
1552 765 1749 800 Caesaraeensi
1773 765 1951 803 Provincia
1975 792 1984 801 .
2010 769 2088 806 ibid.

1248 812 1350 857 Apud
1372 813 1474 848 Afros
1485 814 1704 859 Metropolim
1729 816 1834 851 dictus
1853 819 1947 852 senex
1963 829 2040 865 150.
2057 829 2088 855 ι.

1246 864 1329 900 Item
1350 863 1536 899 Donatistis
1560 864 1734 911 Princeps.
1759 878 1830 913 ¹51·
1859 879 1887 904 1.
1915 868 1998 903 Item
2017 872 2090 903 Pr}-

1248 926 1332 948 mar.
1512 942 1516 946 .
2010 919 2086 953 ibid.

1195 962 1398 1000 Milevitanae
1407 965 1547 1009 synodo
1557 966 1691 1012 vulgata
1724 967 1957 1004 Conciliorum
1979 970 2086 1004 editio

1245 1015 1331 1050 male
1340 1014 1491 1051 adscribit
1506 1017 1662 1052 Canones
1682 1015 1723 1051 de
1733 1018 1900 1063 Originali
1924 1029 2060 1062 peccato
2072 1030 2093 1061 ,ἥ

1243 1066 1279 1100 ὅ(
1288 1065 1453 1110 adjutorio
1463 1066 1586 1101 divinae
1594 1068 1706 1111 gratiae
1718 1091 1726 1099 .
1753 1079 1831 1114 279.
1846 1080 1865 1102 i.
1887 1069 2025 1105 Certum
2036 1070 2084 1104 est

1243 1115 1331 1159 ipsos
1352 1116 1416 1151 esse
1438 1116 1458 1149 a
1480 1115 1730 1160 Carthaginensi
1753 1118 1862 1151 &esse
1883 1120 2083 1162 approbatos

1242 1166 1278 1199 δέ
1285 1165 1500 1199 confirmatos
1513 1176 1567 1208 per
1578 1165 1695 1200 sedem
1707 1164 1937 1208 Apostolicam
1949 1193 1957 1200 .
2004 1170 2081 1203 ibid.

1190 1214 1326 1249 Miraeus
1354 1223 1456 1259 negat
1477 1214 1581 1249 vitam
1602 1215 1711 1249 Sancti
1734 1214 1854 1248 Hilarii
1886 1215 2085 1253 Arelatensis

1241 1265 1360 1300 Sancto
1386 1265 1570 1300 Honorato
1595 1264 1787 1299 Maffilienfi
1811 1265 2057 1303 adscribendam
2075 1292 2086 1301 .

1242 1325 1289 1359 ¹7·
1304 1326 1339 1353 2.

1189 1365 1284 1409 Mlffa.
1297 1364 1378 1400 Vox
1390 1365 1436 1400 est
1448 1364 1761 1411 insigniterantiqua
1774 1392 1782 1400 .
1954 1376 2002 1403 20
2009 1378 2039 1416 3.
2049 1372 2089 1404 2:

1188 1415 1301 1450 Mitrae
1311 1426 1447 1451 ornatus
1458 1440 1469 1456 ,
1495 1428 1533 1450 ac
1545 1416 1687 1450 aliorum
1707 1416 1980 1452 indumentorum
1994 1418 2081 1452 Pon-

1238 1466 1413 1501 tificalium
1425 1467 1500 1500 usus
1511 1466 1707 1510 quibusdam
1726 1466 1810 1501 olim
1824 1466 1995 1511 Episcopis
2009 1479 2081 1503 non

1239 1516 1304 1551 fuit
1316 1517 1485 1551 concessus
1498 1541 1505 1549 .
1533 1514 1601 1563 ¹85·
1615 1531 1637 1550 ι.
1663 1516 1741 1560 Ipsis
1751 1516 1880 1551 dudum
1892 1519 1998 1553 caruit
2015 1518 2081 1553 Ul-

1238 1566 1434 1610 trajectensis
1446 1567 1624 1610 Episcopus
1637 1591 1645 1599 .
2007 1569 2082 1602 ibid.

1187 1617 1328 1651 Mittam
1340 1618 1531 1653 Graecorum
1541 1615 1740 1653 Patriarchae
1750 1643 1760 1660 ,
1787 1629 1825 1653 ac
1839 1619 1992 1663 Episcopi
2008 1631 2082 1653 non

1239 1666 1414 1712 gestabant
1424 1693 1433 1700 .
1958 1679 1972 1703 1
1980 1679 2035 1716 99.
2046 1679 2079 1703 2.

1188 1718 1422 1753 Moriuusnon
1445 1717 1527 1753 recte
1536 1718 1681 1762 explicat
1690 1718 1856 1764 originem
1874 1718 1964 1754 tituli
1977 1719 2081 1763 Lega-

1237 1778 1348 1803 torum
1359 1768 1633 1812 Apostolicorum
1650 1768 1670 1802 ὲ
1681 1770 1779 1805 latere
1789 1793 1798 1802 .
1956 1767 2039 1807 268.
2051 1778 2081 1804 2-

1589 1865 1692 1954 N

1291 2015 1435 2048 Arbonae
1453 2015 1634 2049 Provincia
1655 2038 1668 2055 ‚
1694 2015 1869 2058 quomod&
1893 2017 2083 2061 antiquitus

1315 2063 1442 2098 divisa?
1967 2076 2038 2113 40.
2051 2077 2082 2103 1.

1185 2113 1331 2148 Nectarii
1343 2112 1451 2148 adhuc
1463 2112 1708 2148 Catechumeni
1719 2113 1755 2148 in
1773 2114 1974 2159 Episcopum
1990 2117 2081 2152 Con·

1234 2163 1568 2207 stantinopolitanum
1589 2165 1850 2207 consecrationi,
1876 2177 1933 2200 cur
1952 2177 2081 2201 contra-

1234 2213 1358 2249 dietum
1372 2215 1494 2248 fuerit?
1525 2224 1538 2249 1
1549 2225 1599 2260 17-
1615 2225 1646 2250 2.
1673 2215 1859 2249 Secundum
1874 2216 2079 2252 sardicenses

1233 2265 1390 2302 Canones
1415 2289 1427 2306 ‚
1454 2274 1624 2307 tamquam
1651 2264 1816 2306 pendente
1844 2266 2078 2307 Appellatione

1235 2322 1426 2358 promotus,
1452 2314 1527 2356 ejici
1539 2311 1694 2348 debuerat
1716 2313 1734 2347 ὲ
1749 2313 1888 2354 Synodo
1901 2315 2056 2350 Romana
2067 2340 2078 2350 .

1208 2386 1209 2389 κ
1230 2360 1313 2402 -ῙᾸῙὸ,
1327 2373 1354 2398 1.
1383 2362 1633 2402 Dislimulatum
1644 2362 1708 2395 fuit
1719 2362 1764 2396 ob
1775 2363 1889 2397 causas
1903 2387 1911 2395 .
1998 2364 2080 2399 ibid.

1183 2412 1331 2451 Nestarii
1351 2411 1486 2448 audacia
1499 2437 1509 2452 ‚
1536 2412 1594 2456 qui
1614 2423 1685 2446 non
1711 2412 1817 2446 solum
1829 2413 1860 2446 se
1873 2413 1998 2448 intrudi
2011 2426 2078 2459 per-

1235 2465 1364 2500 miserat
1386 2463 1420 2497 in
1435 2462 1552 2496 Sedem
1564 2462 1996 2506 Constantinopolitanam,
2021 2463 2083 2501 Μ

1233 2514 1362 2559 insuper
1381 2513 1486 2547 fuerat
1497 2509 1615 2547 author
1627 2512 1822 2547 Flavianum
1846 2524 1959 2548 contra
1971 2513 2078 2557 jurata

1176 2562 1180 2565 ’
1235 2567 1326 2610 pasta
1360 2562 1551 2598 intrudendi
1585 2563 1621 2597 in
1657 2562 1776 2598 Sedem
1804 2563 2075 2601 Antiochenam.

1240 2622 1280 2651 11
1343 2626 1372 2652 1.

1184 2624 1327 2701 Neaagi
1349 2663 1589 2700 Catechumeni
1610 2663 1868 2699 ordinationem
1893 2664 1927 2700 in
1943 2665 2077 2710 Episco-

1233 2727 1312 2760 pum
1336 2740 1347 2755 ‚
1374 2714 1581 2760 approbabat.
1600 2714 1754 2750 Romana
1777 2715 1921 2750 Ecclesia
1943 2739 1955 2757 ,
1994 2716 2076 2751 dum

1235 2766 1393 2801 scribebat
1410 2765 1603 2800 Ambrosius
1613 2789 1620 2797 .
1949 2775 2026 2802 120-
2040 2777 2072 2802 2-

1183 2817 1330 2852 Nectarii
1352 2815 1720 2856 Constantinopolitani
1746 2813 1786 2849 ad
1807 2815 1924 2850 Sedem
1948 2814 2074 2849 Roma-¹

1233 2877 1312 2901 nam
1333 2865 1532 2910 appellatio.
1565 2875 1641 2913 134.
1657 2880 1677 2898 ι.
1706 2865 1747 2899 Εἰ
1763 2865 1974 2908 temporalem
1988 2875 2075 2898 con·

1208 2934 1211 2938 ·
1234 2917 1457 2951 firmationem
1469 2941 1479 2956 ,
1507 2916 1821 2950 &communionem
1834 2913 1967 2949 tandem
1978 2914 2071 2948 dedit

1203 2965 1218 2995 -'
1235 2969 1370 3001 sanetus
1382 2966 1544 3000 Damasus
1557 2990 1566 2998 .
1996 2964 2071 2997 ibid.

1185 3017 1353 3053 Neaarius
1379 3016 1420 3052 ad
1434 3015 1618 3051 Theodosii
1643 3025 1751 3057 preces
1765 3038 1776 3054 ,
1802 3024 1863 3049 nec
1875 3025 1944 3048 non
1957 3012 1998 3047 ad
2011 3015 2074 3048 Ec·

1215 3093 1218 3096 -
1235 3068 1334 3103 clesiae
1358 3077 1472 3110 pacem
1495 3067 1709 3100 confirmatur
1729 3064 1764 3098 in
1778 3064 1837 3098 suo
1850 3063 2049 3107 Episcopatu
2061 3089 2070 3097 .

1235 3130 1327 3156 ειμι.
1355 3116 1577 3152 Confirmatus
1598 3113 1643 3147 est
1656 3125 1710 3158 per
1732 3114 1869 3158 primam
1880 3112 2071 3149 Constanti-

1235 3168 1464 3212 nopolitanam
1475 3164 1650 3207 synodum
1661 3189 1670 3196 .
1955 3173 2021 3211 ¹²7·
2039 3175 2072 3200 2.

1187 3218 1334 3253 Nestorii
1357 3218 1449 3251 causa
1471 3213 1663 3255 discutitur,
1692 3223 1769 3262 313.
1792 3228 1812 3247 ι.
1837 3224 1914 3262 3¹5·
1943 3224 1970 3250 1.
1992 3213 2072 3248 Pro·

1234 3269 1341 3312 prium
1364 3266 1406 3300 de
1428 3265 1492 3299 suis
1517 3264 1656 3298 Clericis
1677 3262 1837 3306 judicium
1861 3262 1973 3298 retulit
1994 3262 2070 3298 Sedi

1202 3320 1206 3335 ²
1236 3315 1542 3362 Apostolic-ae‚1bid.
1567 3313 1736 3359 Ajudicio
1747 3313 1854 3351 Sanffi
1865 3312 1988 3358 cyrilli
2000 3321 2068 3356 pro·

1925 3370 2017 3397 vocat
