2326 3718
401 101 498 160 238

843 101 937 152 -Dt
972 103 1296 147 AratcANAE
1330 99 1635 150 Eccttsist

330 212 333 214 v
375 187 576 232 Respondeo
609 186 803 224 Africanam
835 189 1010 225 Ecclesiam
1046 187 1210 223 Romanis
1269 186 1484 230 Transmarina
1491 192 1648 234 judicia,
1667 191 1781 235 sedati
1788 196 1937 229 Primores
1941 193 2066 237 suarum
2077 201 2148 234 Pro·

327 250 395 274 non
410 239 646 281 Episcoporum
659 263 670 279 ‚
694 239 748 274 sed
761 240 859 274 solius
883 239 1044 274 inferioris
1055 238 1144 272 Cleri
1156 249 1209 280 ap-

324 286 558 330 pellationibus
583 289 665 323 olim
685 290 782 324 afuisse
804 290 1007 324 adversatam
1029 313 1040 328 ,
1068 287 1207 330 ideoque
1265 287 1321 327 est·
1352 289 1401 320 Ad
1410 290 1625 333 Transmarina
1645 301 1745 325 aurem
1768 301 1983 336 quipusaverit
1995 299 2147 340 appellan-

321 337 515 374 haecornnia
525 350 714 374 commenta
726 340 936 381 effeinania;
957 337 1045 372 &ad
1060 349 1125 372 rem
1138 348 1204 370 non
1264 338 1335 370 dum
1364 360 1375 377 ‚
1411 339 1432 370 si
1458 341 1534 374 nullo
1556 349 1639 376 imm
1678 342 1810 384 afta-am
1840 346 1888 376 ,ι
1917 354 2145 381 communionem

320 387 444 427 facere.
473 389 576 435 Quod
594 390 652 424 ista
679 390 819 423 Ecclesia
847 389 947 422 etiam
967 389 1203 431 Episcoporum
1690 386 1693 388 ’

318 438 552 481 appellationes
572 440 796 473 detrectaverit
811 463 821 478 ,
849 439 972 482 primus
995 438 1054 472 sub
1075 438 1152 473 Sole
1161 439 1205 471 ef-

317 487 408 522 futiit
429 489 571 531 Ioannes
593 490 752 522 Calvinus
766 512 775 527 ,
801 489 834 521 δε
858 489 927 531 post
952 489 1058 531 ipsum
1070 489 1204 522 Marcus

317 538 490 574 Antonius
500 539 541 573 de
552 538 727 577 Dominis.
757 536 912 581 Uterque
937 539 1001 571 sine
1010 538 1204 572 fundamen*

315 598 371 623 m.
400 587 445 622 Et
470 587 537 623 haec
556 588 750 622 akomanae
774 588 923 622 Ecclefiae
943 589 1068 622 aemulis
1091 590 1199 623 invasa

313 636 422 673 Sansti
445 637 626 683 Augustini
648 637 782 680 epistola
809 638 854 672 est
876 639 960 672 adeo
981 637 1200 686 lucidelegiti·

311 699 405 722 mum
426 689 494 730 ejus
515 685 668 728 verbum,
699 698 736 722 ut
760 689 829 723 sola
844 690 980 724 sufficiat
992 701 1125 724 ornnem
1136 691 1197 724 toti

309 738 444 771 Mundo
467 738 609 771 eximere
633 738 818 783 scrupulum
841 741 964 775 deistis
974 740 1196 784 appellationi-

309 787 369 820 bus
394 811 400 819 .
441 786 497 820 Est
521 788 742 834 irrefragabile
771 801 830 835 pro
857 791 928 834 ipsis
955 792 1195 825 testimonium.

308 837 525 872 Hinc‘nemo
549 838 685 874 miretur
699 841 798 884 ipsam
820 841 946 876 arietari
960 841 1001 875 ab
1020 841 1080 875 isto
1092 840 1196 875 homi-

309 899 390 922 num
413 900 551 933 genere.
576 890 625 925 lta
647 891 800 926 Marcion
822 894 924 925 sacras
935 892 1059 926 litteras
1081 915 1092 932 ‚
1118 902 1195 936 quas

306 939 502 982 detorquere
528 952 596 974 non
620 952 744 984 poterat
768 966 779 982 ,
804 941 959 976 clamavit
985 942 1104 985 spurias
1125 967 1135 982 ,
1161 942 1192 975 ἀ

303 991 508 1034 proscripfit.
538 992 581 1024 Et
612 991 654 1024 ab
674 992 764 1026 avito
788 992 934 1027 Ecclesiae
956 994 1018 1026 suae
1040 994 1129 1026 sensu
1154 1004 1191 1026 ac

301 1050 395 1074 more
421 1051 627 1084 nequaquam
655 1042 779 1077 receffit
812 1043 942 1077 Primas
974 1042 1188 1077 Bonifacius.

300 1087 437 1124 Etenim
447 1092 622 1125 resuscitati
644 1091 766 1135 abipso
785 1104 823 1126 ac
835 1093 982 1128 innovati
997 1093 1187 1127 Aureliana-

297 1151 369 1173 rum
383 1139 423 1174 de
439 1142 500 1175 hac
512 1152 544 1175 re
555 1142 767 1184 synodorum
779 1144 936 1178 Canones
961 1144 1036 1177 sunt
1059 1142 1184 1176 bitres:

300 1193 366 1233 ‚Qui
389 1198 421 1223 in
445 1190 549 1231 Africa
571 1188 629 1224 'non
652 1199 867 1233 communicat,
886 1193 916 1236 fi
933 1192 1020 1236 ausus
1040 1192 1134 1234 suerit
1154 1198 1185 1224 in

299 1239 525 1284 ‘Transmariitis
541 1266 551 1282 ‚
576 1243 754 1275 damnetur.
785 1246 833 1276 Ad
843 1243 1060 1286 Tranfinarinae
1070 1248 1121 1284 qui
1128 1251 1182 1282 pu—

293 1297 410 1322 taverit
435 1293 671 1333 appellandum,
698 1293 810 1334 ‘inulla
829 1298 914 1325 intra
926 1291 1059 1332 Africam
1071 1297 1102 1323 in
1111 1301 1193 1327 com-t

292 1347 460 1373 munionem
478 1338 657 1382 suscipiatur
673 1365 680 1373 .
710 1345 749 1373 Ut
774 1342 872 1374 nullus
903 1343 948 1375 ad
967 1336 1187 1384 Transmarina'

291 1390 404 1422 audeat
427 1392 580 1432 appellare
606 1414 613 1421 .
639 1391 724 1432 Sunt
754 1391 937 1425 Canonum
959 1389 1180 1435 compendia,

288 1439 432 1483 ideoque
475 1441 508 1473 δε
532 1440 675 1483 ipsorum
696 1465 707 1482 ,
744 1441 778 1475 &
803 1441 968 1476 Bonifacii
1008 1441 1178 1481 primatis,

287 1501 327 1523 ac
343 1490 401 1533 ipfi.
411 1489 584 1524 adsidentis
597 1492 724 1534 Synodi
738 1492 848 1525 sensus
860 1492 906 1525 est
919 1504 961 1526 ex
973 1493 1105 1536 integro
1115 1493 1177 1526 ori-

286 1541 452 1584 ginalium
464 1541 642 1575 Canonutn
654 1551 814 1576 contextu
827 1542 1015 1576 discendus.
1040 1545 1087 1576 At
1102 1543 1176 1576 vero

283 1590 333 1623 illi
351 1602 470 1624 omues
483 1590 590 1633 palam
604 1591 753 1624 sanciunt
765 1591 932 1626 adversum
947 1592 1028 1625 solas
1040 1593 1176 1637 appella·

290 1640 399 1680 tiones
410 1641 617 1675 Clericotum
629 1652 666 1675 ac
678 1641 856 1679 Laicotum
868 1667 875 1677 .

331 1690 434 1725 Primi
447 1691 597 1725 Canonis
619 1702 797 1726 contextus
824 1692 857 1725 in
873 1692 1036 1727 Africano
1048 1692 1174 1728 Codice

280 1741 326 1775 est
339 1740 412 1774 hic:
441 1742 627 1783 ,Quicumque
639 1752 696 1773 non
719 1747 935 1776 communicans
945 1748 978 1776 in
995 1743 1101 1785 Africa
1116 1768 1126 1783 ,
1148 1743 1178 1786 ſs
1231 1740 1362 1785 guflini.

279 1795 313 1826 in
326 1785 553 1834 Transmarinis
566 1792 611 1824 ad
622 1797 852 1826 communionem
863 1792 1028 1837 obrepserit
1042 1819 1052 1834 ,
1073 1794 1171 1835 jaciu-

281 1854 348 1874 ram
371 1842 542 1875 clericatus
565 1847 712 1884 accipiat.
741 1842 824 1876 Non
852 1843 1065 1887 Episcopatus
1077 1843 1172 1887 jactu-

278 1903 348 1927 ram
359 1917 370 1934 ,
395 1893 450 1926 sed
462 1892 643 1930 Clericatus
654 1916 662 1924 .
690 1891 780 1939 Qia
792 1904 911 1936 nempe
924 1895 1065 1931 sancitur
1075 1895 1108 1927 in
1124 1895 1172 1928 so·

279 1942 330 1975 ios
342 1942 508 1976 Clericos.
541 1940 598 1976 Est
611 1941 877 1987 Carthaginenfis
887 1967 898 1985 ‚
911 1945 1025 1977 octavo
1038 1943 1169 1978 decimo

279 1993 371 2026 istius
392 1992 495 2026 saeculi
523 2003 613 2026 anno
634 1991 673 2025 ad
687 1992 820 2026 Zozimi
845 1992 1020 2028 Pontificis
1031 1995 1170 2040 gratilli-

279 2054 368 2077 mam
381 2042 496 2077 contra
511 2040 709 2087 Pelagianos
720 2043 924 2077 Tractoriam
936 2042 1167 2086 publicandam

232 2127 244 2140 ἡ,
281 2092 437 2126 celebrati
454 2115 464 2130 ‚
482 2091 628 2125 Concilii
643 2093 767 2127 Canon
777 2093 925 2127 decimus
936 2095 1109 2134 nonus‚&
1123 2095 1166 2127 in-

278 2153 371 2187 teger
384 2142 426 2175 fic
440 2139 537 2175 haber
550 2155 561 2174 .·
590 2143 709 2176 Placuit
718 2153 751 2177 ut
763 2148 933 2185 quicumque
943 2154 1002 2176 non
1013 2149 1168 2177 communi-

277 2203 328 2226 cat
351 2198 382 2224 in
397 2198 521 2234 propria
545 2195 729 2232 Provincia,
757 2194 834 2226 &in
856 2194 925 2226 aliis
937 2197 1106 2228 Provinciis
1119 2196 1172 2228 vel

280 2241 505 2284 Transmarinis
529 2243 670 2284 partibus
694 2245 738 2275 ad
747 2246 1022 2276 communicandum
1041 2243 1169 2287 obrepse—

279 2299 320 2326 rit
333 2318 343 2332 ,
363 2292 516 2334 jac‘iuram
540 2298 750 2325 communionis
773 2293 827 2325 vel
838 2295 1008 2325 clericatus
1021 2299 1167 2335 accipiat.

278 2343 400 2387 Laicus
410 2342 659 2375 communionis
670 2366 680 2381 ‚
708 2341 1020 2387 Clericus-jacturam
1032 2343 1169 2376 Clerica-

279 2395 352 2425 tus'.
382 2391 496 2424 Palam
519 2393 588 2434 agit
612 2402 678 2424 non
701 2392 743 2425 de
754 2391 949 2435 Episcopis,
975 2392 1030 2426 sed
1041 2393 1082 2426 de
1093 2392 1179 2426 solist

280 2441 392 2475 Laicis
415 2441 601 2475 &Clericis
621 2466 628 2473 .
658 2441 817 2475 Fervebat
842 2442 876 2475 ἀ
903 2441 1063 2475 bulliebat
1086 2450 1167 2476 tunc

281 2491 476 2534 appellantis
490 2490 619 2534 Apiarii
637 2491 769 2534 quaestio
781 2515 788 2522 .
815 2492 910 2524 Hinc
921 2490 1096 2534 synodus,
1125 2505 1167 2526 ne

278 2542 396 2575 directe
408 2543 440 2575 in
457 2541 656 2575 Pontificem
679 2553 717 2574 ac
731 2542 917 2575 Romanam
932 2540 1109 2575 Ecclesiam
1121 2543 1170 2575 vi-

279 2593 408 2626 deretur
431 2591 588 2631 statuere,
615 2590 659 2624 fic
681 2591 810 2625 libravit
837 2592 1013 2625 canonem
1037 2616 1049 2632 ,
1074 2603 1112 2626 ut
1134 2593 1167 2626 δε

279 2643 460 2676 Laicorurn
487 2642 723 2685 appellationes
755 2640 1049 2684 comprehenderet
1067 2667 1074 2674 .
1108 2642 1167 2676 Ea-

280 2693 357 2726 dem
380 2692 422 2726 de
445 2693 539 2725 causa
551 2690 697 2726 addidit:
726 2692 839 2724 Inaliis
863 2694 1047 2724 Provinciis.
1078 2692 1164 2725 Afri-

280 2743 356 2776 cani
381 2741 516 2776 Codicis
529 2742 753 2785 Compilator‚
782 2742 941 2785 quoniam
963 2742 1102 2775 revelata
1115 2743 1166 2775 fa·-

278 2793 331 2826 eie
354 2791 522 2836 pugnabat
545 2803 603 2835 pro
622 2792 790 2825 Africanis
806 2790 952 2825 moribus
965 2815 975 2831 ‚
1003 2793 1164 2834 expunxit

281 2843 357 2877 istas
370 2842 610 2876 moderationes
623 2866 634 2882 ,
660 2843 693 2876 <Sc
705 2842 876 2876 canonem
889 2841 1054 2876 contraxit
1066 2843 1106 2876 ad
1121 2843 1168 2875 so·

282 2894 332 2927 los
353 2893 516 2927 Clericos.
546 2891 681 2935 Propter
693 2891 864 2934 Apiariutn
878 2915 886 2923 .
915 2895 1072 2925 Attamen
1097 2903 1165 2926 non

283 2942 476 2987 praesumpfit
487 2941 528 2976 ad
544 2942 723 2985 Episcopus
741 2942 934 2975 extendere.
963 2942 1086 2975 Eadem
1097 2954 1166 2976 om-

285 2994 338 3026 nia
349 2994 416 3037 egit
438 2992 558 3027 author
568 2993 697 3026 alterius
720 2991 938 3026 Collefflonis
951 3017 960 3032 ‚
986 3004 1056 3035 quae
1068 2991 1167 3037 vulgo

285 3042 473 3076 inscribitur
484 3043 680 3076 Africanum
695 3042 886 3078 Concilium
899 3067 906 3073 .

293 3115 296 3117 Α
336 3091 471 3125 Tertius
493 3094 612 3126 Canon
638 3094 671 3126 in
695 3093 856 3127 Africano
878 3091 1005 3127 Codice
1024 3091 1070 3125 est
1092 3090 1164 3124 hic:

130 3157 204 3188 Can·
224 3159 266 3185 28<
284 3145 359 3173 Item
383 3142 514 3182 placuit,
540 3153 572 3174 ut
595 3142 760 3181 Presbyteri
782 3167 793 3182 ,
822 3146 964 3182 maroni,
994 3143 1046 3175 vei
1065 3146 1165 3174 caeteri

284 3190 439 3232 inferiores
465 3194 575 3224 clerici
597 3199 629 3224 in
651 3191 760 3233 caufis,
788 3204 865 3234 quas
887 3191 1062 3231 habuerint,
1082 3190 1112 3231 fi
1128 3192 1164 3224 de

276 3242 402 3281 judiciis
429 3240 639 3281 Epistoporum
655 3242 774 3283 suorum
798 3241 886 3284 questi
901 3241 1022 3283 fuerint
1035 3265 1046 3280 ,
1072 3246 1164 3274 vicini

285 3288 426 3332 Episcopi
451 3300 495 3320 eos
508 3300 572 3321 cum
594 3290 726 3333 consensu
743 3290 792 3334 sui
803 3291 943 3335 Episcopi
955 3292 1080 3324 audiant
1094 3315 1103 3329 ‚
1132 3293 1164 3324 (θ’

278 3347 362 3373 inter
374 3351 421 3372 cos
435 3338 580 3380 definitam
601 3339 732 3373 adhibiti
753 3342 790 3373 ab
803 3348 846 3375 eis
860 3340 998 3384 Episcopi
1011 3365 1018 3372 .
1044 3339 1169 3383 ‚Quodfi

283 3390 365 3427 &ab
374 3398 420 3425 ets
430 3390 652 3435 provocandum
659 3396 839 3432 putaverint
850 3415 861 3432 ‚
888 3403 945 3426 non
951 3400 1110 3434 provocent
1123 3392 1166 3424 ad

1206 2970 1215 3378 l

1205 3391 1371 3456 lot-iontem
1385 3390 1494 3431 Legati

1266 242 1454 272 vinclorum:
1479 243 1560 275 Sicut
1580 242 1613 275 (9
1639 242 1675 274 de
1690 242 1846 286 Epifiopis
1860 244 1941 289 saepi?
1960 247 2147 287 ‘constitutum

1258 385 1440 430 fiiscipiatur
1452 414 1459 421 .
1485 390 1565 426 Haec
1578 392 1678 427 -verba
1691 415 1701 431 ,
1725 395 1806 426 Sicut
1828 395 1862 427 ἐν
1873 395 1912 428 de
1922 396 2078 441 Μυρὼ
2085 396 2146 440 sae-
2161 391 2163 393 ¹

1258 447 1299 479 pe
1308 439 1494 478 constitutum
1502 442 1541 480 est
1552 467 1563 483 ‚
1587 454 1759 486 exponunt
1773 443 1841 478 sola
1853 444 2137 490 proxime'ptiota:

1264 490 1322 521 sed
1337 490 1382 521 ad
1399 492 1550 526 Primam
1563 496 1789 528 Provinciarum
1806 491 1945 536 suarum.
1973 495 2142 532 Secundus
2158 504 2234 536 Can.
2253 515 2317 542 125.

1262 538 1382 572 Canon
1393 539 1439 573 est
1451 541 1537 574 idern
1551 541 1617 584 ipstt
1627 568 1638 584 ,
1665 543 1729 577 hoc
1743 542 1952 578 solummodo
1961 541 2141 582 habensdi-

1261 589 1427 623 striminis.
1443 591 1610 634 Quodsi&
1620 593 1658 625 ab
1668 600 1709 626 eis
1717 595 2143 639 provocandumputaverint,

1260 651 1316 672 non
1321 647 1483 681 provocent
1506 640 1561 683 nisi
1577 642 1621 674 ad
1633 643 1775 683 Africana
1786 645 1939 685 eoncilia,
1965 646 2001 679 ὁ*
2020 647 2066 678 ad
2077 648 2144 680 Pri-

1258 701 1354 723 mates
1367 693 1592 725 Provincias-um
1604 690 1745 734 suarum.
1776 695 1818 728 Et
1833 695 2048 737 praetermittit
2069 702 2144 739 prz-

1260 741 1356 774 fatam
1369 743 1581 785 appendicem
1597 754 1603 774 :
1631 744 1758 776 sicutde
1770 743 1923 790 Episcopi!
1938 743 2020 788 saepe
2043 745 2143 786 consti-

1256 800 1354 823 tutum
1374 791 1414 829 est
1433 817 1440 823 .
1468 791 1613 825 Proinde
1634 792 1824 828 Bonifacius
1845 795 1932 830 solos
1951 795 2142 840 legitimos,

1259 851 1323 873 non
1346 841 1620 884 praevatieatorios
1642 841 1771 876 Aurelii
1795 844 1948 880 Canones
1959 846 2088 881 reduxit
2101 858 2140 881 ac

1257 892 1428 926 innovavit
1443 917 1450 924 .
1470 891 1573 939 Qod
1591 893 1720 926 Aurelii
1730 893 1896 928 Successor
1908 895 2087 938 Capreolus
2096 897 2140 931 ab

1253 942 1320 983 ejus
1347 943 1607 984 praevaricatione
1629 943 1737 976 statim
1759 944 1917 978 recefferit
1940 969 1951 985 ,
1978 944 2062 980 infra
2084 946 2141 981 de-

1254 991 1484 1026 monstrabitur
1500 1015 1509 1026 .
1537 992 1638 1036 lpfius
1659 993 1794 1038 vestigia
1815 995 1940 1029 secutus
1966 996 2012 1029 est
2037 996 2139 1031 Boni-

1252 1042 1353 1075 facins
1364 1066 1371 1073 .

1299 1091 1411 1136 Pergit
1433 1092 1607 1127 Gallicana
1627 1093 1782 1137 epistola:
1808 1095 1868 1128 sed
1888 1095 2039 1138 quidquid
2051 1094 2089 1138 fit
2099 1097 2136 1132 de

1248 1143 1481 1182 appellationum
1491 1143 1666 1184 quaestione,
1691 1143 1741 1177 hoc
1749 1153 1882 1185 certum,
1903 1145 2059 1180 nibilinde
2070 1158 2136 1181 con-

1248 1199 1297 1222 tra
1308 1190 1455 1231 epistolam
1467 1215 1477 1230 ‚
1504 1204 1595 1233 quam
1616 1202 1730 1225 tuemur
1741 1218 1751 1233 ,
1778 1194 1850 1236 poffe
1860 1191 2135 1238 coificipfflorrue-

1247 1251 1278 1272 re
1302 1238 1437 1279 Africani
1459 1239 1676 1282 Transmarina
1692 1243 1842 1285 Judicia.
1872 1246 1982 1276 Tamen
2001 1256 2036 1278 ea
2047 1244 2080 1287 se
2099 1252 2135 1280 in

1247 1287 1455 1331 Epiftoporum
1474 1289 1565 1332 caufis
1589 1292 1784 1332 toleraturos,
1812 1301 1890 1323 anno
1909 1293 2134 1335 quadringento-

1239 1336 1308 1378 fimo
1321 1341 1432 1372 decimo
1450 1351 1525 1373 nono
1540 1339 1656 1382 profeffi
1671 1339 1764 1384 ficnt,
1791 1343 1863 1375 dum
1874 1342 1913 1375 ab
1926 1343 2139 1377 Orientalibai

1244 1388 1377 1431 Ecclefiis
1398 1394 1520 1423 Nicaeni
1539 1394 1675 1423 canones
1698 1390 1876 1423 haberentur
1889 1414 1910 1431 ,.
1922 1392 1962 1430 iu
1988 1392 2134 1437 quibus,

1242 1445 1380 1481 inquiunt
1392 1463 1412 1479 ,,
1429 1440 1450 1473 fi
1461 1451 1499 1474 ea
1523 1451 1593 1482 quae
1602 1441 1773 1474 Faustinus
1797 1442 1909 1476 attulit
1918 1451 2043 1484 reperta
2056 1444 2132 1478 fue·-

1242 1489 1328 1529 rint‚
1353 1490 1371 1523 a
1399 1490 1495 1524 nobis
1518 1490 1746 1525 firmabuntur.
1773 1494 1892 1533 Nempe
1907 1497 1939 1523 in
1952 1500 2133 1534 perpetuum

1238 1537 1429 1582 observanda
1441 1564 1450 1573 .
1477 1541 1547 1573 Aut
1559 1541 1582 1573 fi
1598 1552 1665 1574 non
1680 1541 1889 1575 inveniantur
1901 1541 2057 1582 ‚collecta
2068 1544 2131 1586 Sy'-
2156 1582 2159 1585 ,

1242 1589 1332 1623 nodo
1356 1590 1397 1623 de
1409 1588 1473 1624 hoc
1497 1591 1528 1622 in
1543 1591 1690 1634 sequenti
1703 1590 1911 1626 tractabimus
1924 1617 1931 1624 .
1956 1594 2026 1626 Haec
2036 1600 2130 1629 toilite

1238 1640 1366 1673 concilii
1386 1651 1446 1674 vox
1456 1646 1489 1671 in
1501 1650 1632 1674 extrema
1650 1639 1822 1681 conclufione
1833 1666 1844 1681 ‚
1870 1644 1905 1675 (⁸7
1916 1647 1949 1674 in
1958 1642 2073 1684 epistola
2083 1643 2130 1676 aa

1236 1689 1446 1731 Bonifacium.
1475 1695 1550 1730 Hac
1575 1696 1750 1724 nominatim
1773 1692 1863 1737 Alipii
1878 1714 1891 1733 ‚
1915 1690 2056 1736 ipsusque
2065 1697 2127 1728 Aa·

1274 1804 1277 1810 ·
1312 1791 1513 1835 Respondeo
1547 1793 1647 1827 etiam
1686 1790 1754 1826 haec
1795 1792 1909 1827 omnia
1956 1792 2128 1836 praesertim

1235 1851 1330 1885 agere
1350 1840 1393 1875 de
1415 1842 1619 1877 Clericotum
1640 1841 1916 1886 appellationibus
1935 1867 1943 1875 .
1971 1843 2125 1887 Respon-

1233 1889 1313 1925 dent
1324 1892 1415 1925 enim
1428 1893 1506 1926 huic
1519 1892 1873 1927 interceffioniNovati
1886 1892 2041 1926 Sitifensis
2051 1892 2128 1937 Epi-

1234 1940 1348 1983 scopi:
1373 1945 1467 1975 Nunc
1489 1949 1674 1976 meminimus
1697 1942 1760 1976 baec
1791 1946 2018 1975 commonitorio
2035 1949 2128 1976 etiam

1233 1991 1269 2023 de
1285 1991 1468 2029 Presbyteri:
1490 1993 1542 2026 vel
1555 1996 1696 2026 Diaconis
1706 1998 1849 2025 contineri
1862 2017 1873 2034 ‚
1901 1994 2026 2035 qualiter
2038 1994 2127 2028 audi-

1231 2045 1261 2072 ri
1270 2039 1309 2077 ab
1321 2039 1477 2084 Epist-opis
1488 2040 1553 2084 suis
1567 2045 1621 2076 vel
1647 2046 1667 2076 ἃ
1675 2042 1814 2084 finitimis
1825 2042 1954 2076 debeam
1965 2067 1977 2083 ‚
2002 2045 2126 2085 quodne

1232 2093 1360 2123 Nicaeno
1381 2092 1510 2124 Concilio
1533 2093 1656 2126 minim&
1675 2094 1809 2136 legimus.
1821 2116 1831 2124 .
1859 2093 1940 2125 Unde
1966 2092 2050 2126 nobis
2070 2091 2124 2126 boc

1232 2138 1329 2181 ipsum
1344 2140 1456 2181 J'uboat
1480 2142 1634 2175 Sanctitas
1659 2143 1757 2183 vestra
1774 2147 1914 2177 recitari.
1943 2142 1987 2176 Et
2000 2141 2126 2178 Daniel

1231 2190 1393 2224 Notarius
1413 2192 1563 2226 recitavit
1599 2193 1822 2227 Sardicensem
1845 2192 2019 2227 Canonem
2041 2217 2049 2224 .
2076 2193 2124 2227 Ee

1231 2240 1303 2282 post
1329 2241 1499 2274 recitatum
1513 2242 1647 2276 Sanctus
1667 2241 1870 2285 Augustinus
1881 2243 2024 2283 reposuit
2034 2253 2050 2272 :x
2072 2244 2122 2273 En

1231 2287 1282 2320 boc
1301 2299 1353 2320 nos
1361 2288 1537 2330 servaturos
1552 2290 1727 2332 profitemur
1739 2314 1751 2330 ,
1773 2289 1867 2333 salva*
1883 2288 2065 2333 diligentiori
2073 2295 2122 2322 in-

1231 2336 1383 2379 quifitione
1405 2343 1528 2373 Nicaeni
1549 2342 1693 2373 concilii.
1722 2339 1765 2374 Et
1788 2339 1858 2382 post
1879 2341 1967 2373 varia
1989 2339 2121 2375 Prima

1231 2388 1387 2422 Aurelius
1408 2389 1450 2423 de
1471 2388 1628 2423 omnibus
1652 2400 1707 2432 per
1718 2389 1849 2422 Zozimi
1862 2389 2007 2432 Legatos
2018 2389 2122 2423 addu-

1231 2437 1288 2470 <Stis
1299 2437 1461 2480 Capitulis
1483 2439 1642 2472 conclusit
1655 2452 1663 2472 :
1689 2440 1740 2470 Ea
1751 2444 1851 2471 omnia
1862 2447 1914 2471 aut
1924 2437 2036 2472 ibidem
2044 2461 2057 2478 ,
2067 2439 2119 2473 'in

1231 2486 1379 2521 Nicoenis
1390 2488 1608 2529 Canonibus,
1633 2496 1751 2532 reperta
1771 2488 1886 2521 anobis
1898 2488 2119 2531 firmabimus,

1230 2546 1282 2569 aut
1300 2534 1329 2577 fi
1348 2548 1405 2570 non
1419 2544 1640 2579 inveniantur,
1665 2538 1782 2573 collec'la
1801 2539 1908 2577 synodo
1929 2539 1967 2572 de
1974 2539 2028 2572 boc
2037 2537 2122 2582 inso-

1228 2593 1329 2628 quenti
1348 2589 1563 2622 nudabimus.
1590 2588 1747 2623 Palmatis
1771 2588 1904 2632 quaestio
1924 2599 1992 2623 erat
2011 2588 2053 2636 de
2061 2600 2118 2633 ap·

1229 2637 1460 2680 pellationibus
1481 2639 1645 2673 inferioris
1668 2638 1774 2672 Cleri.
1803 2638 1860 2672 Ob
1882 2636 1994 2673 mota's‘
2007 2638 2118 2673 turbas

1231 2699 1286 2730 per
1295 2688 1484 2731 Apiarinm.
1513 2690 1566 2723 De
1582 2689 1818 2733 Episcoporum
1830 2687 2117 2732 appellationibus,

1230 2738 1345 2781 utpote
1358 2739 1443 2781 apud
1457 2739 1555 2772 Afros
1568 2741 1689 2783 semper
1703 2738 1934 2779 ufitatiffimis‚
1949 2738 2038 2773 nulla
2047 2748 2117 2772 erat

1229 2787 1384 2822 haesitatio
1398 2813 1408 2828 ‚
1437 2789 1496 2822 nist
1518 2789 1560 2823 de
1569 2789 1722 2832 deinceps
1747 2788 1901 2823 servanda
1922 2789 2028 2821 forma
2041 2798 2116 2827 prae-

1229 2838 1344 2880 scripta
1369 2849 1425 2881 per
1448 2839 1605 2873 Canones
1630 2839 1833 2876 sardicenses
1854 2860 1866 2876 ‚
1892 2848 1991 2881 quam
2017 2839 2116 2882 usque

1230 2899 1310 2922 tunc
1333 2885 1490 2923 'Africana
1516 2889 1657 2923 Ecclefia
1679 2899 1737 2924 aut
1749 2889 1934 2932 ignorarat,
1960 2895 2016 2922 aut
2027 2888 2116 2923 certe

1229 2948 1298 2970 non
1322 2939 1489 2973 ufitaverat
1507 2964 1514 2971 .
1636 2963 1638 2965 -
1927 2945 1931 2948 '
2079 2970 2083 2973 .

1278 2988 1485 3032 Prosequitur
1495 2988 1665 3023 Gallicana
1676 2987 1812 3030 epistola
1826 3001 1833 3020 :
1861 2991 1954 3022 Nunc
1964 2989 2001 3021 id
2009 2989 2116 3022 video-

1226 3040 1298 3071 dum
1316 3038 1404 3078 restat
1418 3063 1428 3079 ,
1456 3051 1497 3071 an
1511 3037 1645 3078 Africani
1669 3036 1833 3080 consensum
1846 3062 1856 3077 ,
1883 3050 1969 3080 quem
1981 3038 2124 3082 appella-⁴

1226 3089 1356 3121 tionibus
1378 3087 1585 3131 Epifioporum
1598 3088 1765 3127 dederant,
1792 3092 2019 3129 revocaverint,
2044 3099 2114 3131 quo-

1225 3141 1264 3171 ve
1282 3140 1318 3170 id
1325 3147 1468 3181 tempore.
1494 3142 1582 3170 Nam
1599 3136 1666 3178 fico
1689 3140 1866 3172 intermedio
1878 3161 1888 3176 ,
1911 3150 1968 3181 quo
1980 3140 2111 3180 appella-

1225 3194 1320 3221 tiones
1351 3189 1553 3221 toleraverunt
1564 3210 1575 3226 ,
1601 3187 1718 3228 epistola
1731 3188 1921 3230 ducentesima
1932 3186 2110 3231 sexagefimae

1219 3245 1325 3279 prima
1330 3237 1419 3279 scribi
1425 3242 1524 3277 potuit
1534 3262 1545 3277 ‚
1572 3238 1649 3270 nihil
1661 3250 1793 3281 unquam
1815 3251 1852 3271 ex
1865 3238 1998 3272 toleratis
2011 3235 2109 3269 velab

1226 3286 1404 3329 Augustino,
1431 3289 1483 3319 vel
1499 3289 1519 3320 ἃ
1543 3285 1785 3329 Caesaraeenfibus
1809 3291 1925 3321 Mauris
1936 3284 2107 3328 appellatio-

1225 3337 1309 3370 nibus
1331 3336 1478 3377 conficitur
1502 3361 1510 3368 .
1536 3338 1611 3377 Miffi
1631 3341 1651 3370 ἃ
1674 3341 1803 3372 Concilio
1822 3333 2055 3379 Cartbaginenfi
2072 3340 2107 3368 in

1506 3411 1516 3428 ,
1543 3389 1640 3423 eodeni
1658 3401 1737 3423 anno
1755 3383 2037 3432 quadringenteffino
2049 3386 2108 3430 de«¹

1987 3439 2060 3469 cimo
