2326 3718
107 1283 172 1326 Cap

217 1302 223 1316 '
248 1310 308 1344 hic
333 1309 488 1344 Pontifex
512 1310 616 1351 ipsam
627 1310 738 1345 laudat
759 1310 809 1344 uti
819 1309 1008 1354 antiquam.

347 142 440 182 192

266 207 548 254 Metropoliticam
571 201 768 252 dignitatem
790 208 884 244 fuiffe
903 208 1061 243 aestimata
1074 232 1086 248 ,
1111 216 1157 241 te-

264 261 366 296 statur
387 260 421 292 in
439 258 572 292 suorum
585 257 745 293 librorum
768 259 931 302 prooemio
954 258 1157 292 Guillelmus

265 307 520 353 Neubrigenfis.
547 307 651 343 Erant
673 308 855 354 graviffirne
869 319 907 341 ac
919 306 1091 342 foediffime
1110 307 1156 339 in-

262 359 351 394 firmi
373 382 386 400 ,
411 356 552 403 ideoque
573 359 667 403 panis
687 383 699 400 ‚
724 358 828 393 suavis
854 357 939 391 sanis
962 381 974 398 ‚
998 368 1068 392 erat
1090 356 1156 390 illis

261 420 358 453 poena
371 433 379 441 .
407 407 566 449 Attamen
581 409 749 450 Dominus
764 406 1065 450 Archi-Episcopus
1084 418 1153 441 non

259 459 303 494 de
315 459 388 503 ipso
399 458 633 498 forsan'Pallio
656 459 715 492 ista
729 456 840 491 scribit
855 480 866 497 ‚
894 457 948 491 sed
959 457 1001 491 de
1013 458 1089 492 solis
1102 468 1154 501 per

258 510 415 545 Sanstum
425 509 639 545 Bonifacium
652 507 780 549 adjectis
794 505 1047 541 conditionibus
1061 531 1068 539 .

306 559 472 595 Secundus
483 560 584 604 igitur
593 568 681 593 error
693 556 738 590 est
750 579 760 595 ,
786 557 877 600 quod
901 558 1037 591 Sanstus
1054 556 1153 589 Boni-

255 610 362 645 sacius
387 610 548 644 Romanae
569 607 669 641 Pallii
680 607 864 649 acceptioni
880 616 1153 650 perperamappo·

256 659 353 695 suerit
375 658 603 704 professionem
623 657 786 694 Romanae
800 655 1009 699 subjectionis
1022 657 1056 690 δε
1076 655 1153 691 obe-

255 708 404 747 dientiae.
434 708 537 754 Quod
569 706 628 740 ista
652 706 805 749 professio
831 707 868 740 sit
893 706 1153 742 amara&devo·

256 760 356 797 tanda
375 757 527 792 conditio
550 780 562 798 ,
588 755 739 791 Paschali
771 757 814 791 11.
842 757 1003 791 Rontifici
1024 781 1036 797 ,
1061 758 1151 801 quod

255 810 419 846 consuetae,
436 806 731 851 Metropolitarum
757 807 947 851 professioni
970 806 1091 851 juberet
1105 810 1139 841 su

252 857 385 904 peraddi
402 858 645 901 juramentum,
674 856 873 902 quandoque
898 856 1079 902 obstrepuit
1090 858 1150 892 Ar-

252 907 500 952 chi-Episcopus
512 907 740 942 Polonorum:
768 907 954 942 Neminem
976 907 1044 946 scio
1058 932 1069 948 ‚
1092 910 1149 953 qui

251 959 461 993 murmurat-it
477 969 593 997 contra
609 958 789 1001 simplicem
804 958 1035 1002 profeffionem
1047 958 1150 1004 Papa—

250 1009 293 1042 lis
322 1008 544 1044 obedientiae.
573 1007 708 1046 Etenim
740 1006 936 1042 obedientiae
973 1010 1148 1052 profeffio,

250 1069 351 1101 quam
363 1058 586 1094 provinciales
601 1056 757 1102 Episcopi
773 1059 807 1092 in
821 1059 876 1093 sua
898 1060 1148 1096 consecratione

248 1110 376 1144 faciunt
399 1110 458 1146 suo
483 1108 707 1153 Metropolitae
729 1133 741 1150 ,
765 1108 812 1144 est
846 1107 929 1146 adeo
953 1112 1089 1156 antiqua
1112 1121 1148 1146 ut

247 1157 452 1194 Hincmarus
475 1158 646 1194 Remenfis
670 1159 774 1203 ipsam
797 1159 834 1194 in
858 1160 986 1196 famoso
996 1160 1148 1197 adversus

243 1219 405 1254 nepotem
428 1211 522 1243 suum
542 1209 797 1245 Laudunensem
826 1211 1027 1257 Episcopum
1060 1211 1149 1246 libro

248 1259 368 1306 probet
378 1271 420 1293 ex
433 1259 549 1293 litteris
562 1259 671 1296 Sansti
682 1259 805 1296 Leonis
819 1285 826 1292 .
843 1261 889 1295 Et
901 1260 987 1296 certe
999 1262 1148 1305 Magnus

1073 1321 1147 1345 uare

248 1360 420 1396 Dominus
434 1358 731 1409 Archi-Episcopus
753 1360 788 1396 in
810 1359 880 1394 alio
891 1357 986 1402 hujus
1008 1309 1146 1394 suitlibri

246 1410 354 1453 capite
380 1407 544 1454 perperam
568 1409 678 1446 scribit
691 1410 813 1447 similes
832 1410 1007 1446 obedientia
1024 1408 1146 1454 sponsio-

246 1471 298 1494 nes
321 1469 402 1495 tune
427 1460 585 1504 temporis
608 1460 747 1495 necdum
771 1461 912 1495 fuiffein
925 1461 1004 1499 usu.
1034 1460 1144 1495 Etiam

246 1509 432 1555 Presbyteri
448 1510 482 1544 in
496 1511 550 1545 sua
561 1512 808 1546 consecratione
818 1510 884 1554 jam
901 1510 1028 1555 pridem
1049 1511 1146 1554 profi-

247 1570 360 1596 tentur
372 1559 594 1595 obedientiam
605 1573 644 1595 ac
656 1561 872 1595 reverentiam
883 1562 942 1594 suo
957 1560 1125 1604 Episcopo
1136 1585 1143 1593 .

246 1610 293 1644 Et
305 1609 497 1645 Cardinales
506 1610 655 1645 Diaconi
666 1610 699 1644 in
713 1611 769 1645 sua
782 1609 866 1645 olim
874 1610 1040 1645 creatione
1050 1611 1144 1654 spon-

246 1658 370 1696 debant
382 1685 393 1703 ,
418 1660 508 1703 quod
521 1661 645 1695 cunctis
651 1669 710 1703 pro
720 1659 918 1703 Ecciefiastica
931 1662 1065 1695 utilitate
1078 1659 1144 1695 Ρι-

244 1710 375 1755 palibus
388 1710 556 1745 Mandatis
566 1710 708 1745 fideliter
715 1710 777 1751 fine
789 1715 866 1744 vitio
871 1709 1024 1753 superbia,
1050 1721 1085 1743 ac
1097 1722 1144 1744 ne·

237 1762 340 1806 gled'u
367 1784 378 1801 ‚
404 1760 576 1794 obedirent
613 1784 622 1792 .
659 1759 760 1795 Hanc
800 1760 990 1794 cautionem
1014 1760 1144 1794 robora·

246 1811 327 1846 bant
347 1809 481 1845 testibus
503 1834 515 1850 ‚
549 1810 583 1844 dc
610 1809 773 1853 corporali
807 1811 902 1853 super
937 1811 1143 1845 Sacrosantsta

243 1860 428 1906 Evangelia
450 1858 635 1902 juramento
645 1879 647 1881 >
659 1860 899 1895 confirmabant
911 1883 919 1893 .
947 1861 997 1895 Ita
1010 1870 1072 1895 nos
1084 1860 1143 1894 do·

245 1921 299 1946 cet
314 1911 462 1955 Vigilius
475 1910 633 1945 Pontifex
647 1909 683 1946 in
708 1910 924 1956 Diplomate,
953 1910 1142 1955 quodegra·

244 1961 338 1997 davit
361 1960 558 2001 Rusticum,
585 1961 680 1995 suum
701 1972 745 1996 ex
769 1959 867 1995 fratre
893 1969 1048 2004 nepotem
1071 1984 1084 2001 ,
1108 1961 1142 1994 ἀ

245 2011 315 2055 ejus
338 2010 514 2056 collegam
536 2008 762 2046 Sebastianum
775 2035 787 2053 ‚
814 2011 1008 2045 Gardinales
1020 2010 1142 2045 Diaco-

244 2073 309 2097 nos
322 2086 329 2094 .
357 2061 402 2095 Et
423 2061 625 2095 Mauricium
649 2060 884 2105 Imperatorem
903 2061 1048 2095 scribunt
1071 2061 1142 2104 qui-

245 2111 323 2147 dam
336 2109 560 2155 Aquilejenses
572 2110 749 2155 Episcopi:
776 2113 987 2155 suggerimus,
1008 2115 1062 2153 pie
1086 2112 1142 2142 Do·

240 2167 376 2196 minator
389 2185 401 2202 ,
426 2166 498 2204 quia
507 2168 637 2203 tempore
653 2163 865 2195 ordinationis
873 2160 977 2202 nostra
987 2157 1141 2203 unusquis:

246 2224 305 2255 que
327 2213 468 2245 sacerdos
488 2216 520 2244 in
538 2209 648 2254 san8a
672 2213 748 2245 Sede
772 2209 951 2254 AquileJ'enfi
976 2216 1141 2244 cautionem

233 2266 374 2304 §criptis
388 2263 553 2296 emittimus
561 2260 694 2301 studiosi?
704 2263 741 2295 de
746 2261 809 2304 fide
822 2262 1014 2294 ordinatoris
1033 2260 1138 2301 nostri,

246 2313 280 2346 Θ
291 2324 343 2345 nos
349 2312 443 2354 fidem
452 2317 599 2355 integram
607 2311 725 2354 sant‘lae
738 2311 919 2352 Reipublicae
938 2309 1117 2352 servaturos
1131 2335 1139 2342 .

246 2362 288 2395 ln
309 2362 362 2395 sua
385 2361 633 2395 consecratione
652 2359 886 2404 profitebantur
898 2358 998 2394 fidem
1014 2370 1054 2393 ac
1064 2357 1139 2393 obe·

247 2412 409 2446 dientiarn
432 2411 589 2445 Romano
610 2410 752 2454 Imperio
766 2434 774 2442 .
801 2410 881 2445 Erat
904 2420 954 2444 res
966 2419 1056 2444 extra
1076 2420 1144 2443 me-

248 2472 318 2496 tas.
347 2460 390 2494 Et
412 2470 523 2494 tamen
546 2460 657 2494 nullus
677 2458 774 2494 isthic
795 2459 879 2494 vidit
893 2458 1019 2503 aliquid
1033 2458 1140 2494 acerbi

247 2511 302 2545 vel
312 2509 493 2545 devorandi
508 2535 515 2542 .
543 2510 635 2556 Qia
653 2520 770 2552 nempe
781 2508 867 2544 istud
878 2507 1029 2543 debitum
1041 2507 1139 2544 tacite

246 2561 331 2596 inest
344 2560 499 2595 omnibus
513 2558 683 2604 Episcopis
693 2585 701 2592 .
731 2560 775 2594 Et
788 2557 969 2603 expressum
981 2571 1049 2595 non
1067 2570 1143 2603 ope-

246 2622 337 2647 ratur
357 2610 469 2650 aliud,
496 2621 595 2655 quarn
617 2611 775 2644 tacitum.
803 2608 897 2656 Qd
911 2610 1014 2653 igitur
1034 2610 1139 2644 acerbi

247 2673 305 2695 aut
315 2659 496 2697 devorandi
507 2661 677 2695 Dominus
691 2659 988 2703 Archi-Episcopus
1003 2660 1138 2695 videtin

241 2712 396 2746 vDecreto
407 2736 419 2751 ‚
445 2722 512 2754 quo
524 2711 659 2745 Sanetus
671 2710 777 2744 noster
791 2709 972 2753 Apostolus
984 2721 1022 2744 ac
1034 2710 1136 2753 Repa-

248 2772 339 2796 rator
352 2760 543 2795 Bonifacius
553 2761 687 2805 antique
697 2759 987 2803 Metropolitarum
1015 2761 1126 2803 profes
1125 2777 1141 2784 -

250 2811 334 2845 sioni
347 2811 465 2854 adjecit
476 2811 651 2845 articulum
671 2811 711 2845 de
734 2809 931 2852 subjectione
944 2810 977 2844 &
989 2809 1141 2845 obedien-

248 2862 296 2897 tia
311 2861 486 2905 praestanda
500 2861 662 2895 Romanae
674 2861 819 2895 Ecclefiae
831 2886 839 2893 .

249 2913 264 2933 '·
300 2911 394 2947 Novi
416 2910 524 2946 morbi
559 2912 735 2955 exquirunt
763 2921 849 2945 nova
882 2911 1118 2946 medicamenta
1132 2936 1140 2944 .

250 2959 343 2997 Hinc
371 2962 499 2997 vetustae
519 2961 758 3006 Episcoporum
776 2972 833 2996 aut
845 2961 1047 2996 Clericorum
1070 2974 1141 3006 pro-

249 3011 378 3047 feffioni
392 3024 498 3048 novos
509 3012 664 3046 articulos
684 3023 726 3046 ex
747 3013 848 3046 causis
874 3013 1008 3046 inserere
1019 3011 1064 3046 est
1079 3024 1140 3045 an·-

250 3061 429 3105 oiquiffima
453 3063 487 3096 δε
504 3061 724 3105 probatiffima
747 3063 953 3096 consuetudo
973 3062 1140 3096 Ecclefiae.

252 3109 392 3153 Propter
413 3111 639 3154 Eutychianas
658 3123 773 3147 contra
795 3113 1020 3157 dogmaticum
1031 3112 1139 3147 Sancti

254 3160 378 3194 Leonis
391 3160 541 3195 Tomum
558 3163 734 3197 violentias
745 3162 903 3197 Pontifex
912 3163 1052 3207 antiquae
1071 3173 1141 3205 pro·

253 3210 383 3247 feffioni
403 3209 519 3251 adjecit
541 3212 632 3246 istius
654 3211 759 3246 Tomi
781 3213 1041 3256 acceptationem
1055 3237 1064 3244 .
1091 3211 1139 3244 lta

252 3260 289 3294 in
311 3260 414 3303 prima
435 3260 488 3293 sua
501 3261 585 3303 apud
598 3261 711 3296 Photii
734 3262 978 3297 Bibliothecam
990 3261 1140 3295 oratione

252 3309 384 3344 testatur
406 3310 539 3344 Sanetus
559 3311 722 3356 Eulogius
741 3312 930 3348 Patriarcha
949 3311 1140 3346 Alexandri-

100 3353 235 3391 Lib·²30-
254 3371 334 3394 nus.
361 3359 405 3393 Et
415 3359 549 3393 Sanetus
561 3358 750 3400 protenus,
777 3363 899 3404 primus
926 3362 1068 3406 ejusdem
1083 3361 1141 3394 Se-

256 3410 306 3446 dis
325 3410 397 3457 post
421 3408 728 3445 Chalcedonensem
749 3410 923 3466 Synodum
943 3411 1141 3457 Episcopus,

782 124 870 172 De
903 128 1235 174 AFRICANAE
1270 120 1576 172 Eccresrn

1218 207 1280 239 suae
1301 204 1640 248 profeffioniomnino
1651 205 1780 244 addidit
1804 207 1902 246 istum
1911 207 2107 246 articulum.

1218 253 1415 298 Compulsus
1426 257 1487 291 fuit
1495 259 1596 292 etiam
1608 256 1786 303 adjungere
1797 260 1994 304 Symbolum
2006 260 2105 295 Con-

1217 304 1546 348 stantinopolitanum
1575 334 1583 341 .
1624 307 1754 351 Nempe
1783 310 1985 354 Eutychiani
2017 309 2104 346 istud

1216 354 1415 398 Symbolum
1438 356 1583 393 similiter
1610 358 1850 394 aversabantur.
1876 361 2009 405 Utique
2031 372 2104 403 pro-

1216 414 1286 448 pter
1306 404 1373 454 ejus
1385 405 1425 439 ad
1438 405 1611 446 Nicaenum
1623 419 1738 444 contra
1752 409 2000 457 Apollinei-istas
2018 412 2103 446 facta.

1215 454 1437 493 additamenta
1455 481 1462 489 .
1500 457 1592 494 Hinc
1622 470 1738 497 omnes
1771 459 1928 503 Episcopi
1948 458 2103 505 deinceps

1214 505 1288 544 sunt
1298 506 1369 550 juffi
1382 517 1450 541 non
1460 507 1565 544 solum
1575 511 1714 554 antiquo
1732 521 1825 547 more
1835 510 1982 554 profiteri
1997 510 2102 546 Nino·

1214 567 1295 590 num
1319 555 1540 601 Symbolum,
1565 559 1618 594 sed
1639 561 1771 604 plenum
1794 559 2101 603 Constantinopoli-

1214 616 1326 641 tanum
1349 632 1357 639 .
1385 607 1588 650 Euphemius
1612 610 2004 655 Constantinopolitanus
2035 607 2105 643 Pa-

1213 657 1353 693 triarcha
1364 657 1570 692 Anastafium
1584 659 1812 701 Imperatorem
1827 670 1982 697 coronare
1994 659 2103 695 noluit

1214 707 1272 742 nisi
1283 709 1426 753 antiquae
1438 708 1627 753 profeffioni
1638 708 1766 747 adderet
1778 711 1951 754 synodum
1963 709 2102 744 Chalce-

1212 758 1391 793 donensem
1407 785 1414 791 .
1444 759 1488 793 Et
1509 759 1551 793 de
1573 759 1720 802 Acacio,
1747 761 1924 805 Euphemii
1944 755 2103 794 Ante'ces*
2134 784 2136 787 -

1213 810 1299 848 sore,
1326 809 1437 843 scribit
1459 810 1495 843 in
1519 809 1604 844 libro
1627 820 1744 845 contra
1758 812 1955 846 Moeianum
1969 810 2103 845 Schola·

1212 858 1327 893 sticum
1343 859 1517 893 Facundus
1535 859 1715 904 Episcopus
1732 860 1995 896 Hermianenfis:
2020 863 2102 892 Mor-

1210 918 1280 943 tuus
1302 913 1421 942 Acacius
1440 918 1498 952 per
1509 909 1618 944 libellos
1632 912 1874 946 ordinandorum
1891 909 2101 954 Epiftoporum

1209 958 1298 1002 usque
1308 970 1384 993 nunc
1397 961 1576 994 damnatur.
1610 960 1767 1004 Antiquae
1779 961 1969 1006 professioni
1982 961 2102 994 inserta.

1209 1010 1274 1043 fuit
1286 1009 1355 1054 ejus
1366 1010 1536 1044 damnatio
1549 1034 1557 1042 .
1584 1010 1761 1045 Facundus
1775 1011 1927 1055 adjungit
1942 1023 1949 1044 :
1977 1008 2101 1044 Libellis

1203 1058 1270 1103 suls
1303 1058 1443 1104 Episcopi
1470 1061 1644 1095 ordinandi
1665 1060 1847 1096 Theodorum
1871 1058 2101 1103 Mopsuestenum

1207 1119 1273 1143 cum
1286 1108 1355 1154 suis
1366 1109 1551 1154 dogmatibus
1563 1134 1575 1151 ,
1600 1111 1635 1145 ό·
1644 1110 1873 1154 epistolam-Iba
1885 1134 1896 1152 ‚
1923 1112 1958 1144 (ι’
1972 1109 2102 1143 Theodo-

1207 1165 1267 1194 νηὶ
1298 1161 1416 1202 scripta
1438 1161 1626 1193 damnarunt
1645 1185 1653 1193 .
1682 1162 1762 1195 Hoc
1782 1162 1828 1197 est
1848 1185 1860 1202 ,
1885 1159 1947 1196 tria
1974 1160 2102 1195 famosa

1209 1208 1486 1243 Chalcedonensis
1498 1207 1625 1252 synodi
1639 1210 1794 1253 Capitula
1809 1235 1818 1243 .
1844 1211 1901 1245 De
1918 1207 1984 1244 hoc
1995 1210 2036 1244 ad
2046 1220 2104 1245 an·
2120 1210 2183 1246 1--3·
2194 1211 2277 1248 EP·²·

1207 1259 1335 1302 tiquam
1359 1257 1589 1301 profeffionem
1616 1257 1844 1294 additamento
1875 1258 1988 1293 scribit
2010 1259 2104 1292 Con-

1208 1306 1330 1343 stantio
1356 1307 1599 1343 Mediolanensi
1626 1307 1730 1343 Archi
1743 1326 1753 1335 ·
1766 1309 1931 1354 Episcopo
1965 1307 2103 1342 Sanstus

1208 1357 1412 1403 Gregoriusx
1437 1358 1614 1399 Bonisacius
1637 1361 1785 1393 Diaconus
1823 1358 1899 1392 mibi
1920 1362 2103 1400 nunciavit,

1206 1410 1287 1450 quod
1293 1411 1358 1443 tres
1363 1406 1397 1452 se
1407 1407 1548 1451 Episcopi
1559 1410 1580 1441 ἃ
1585 1414 1642 1451 pia
1653 1412 1877 1444 Fraternitatis
1892 1407 2000 1449 vessrae
2018 1419 2102 1442 com·

1206 1463 1343 1500 munione
1349 1456 1562 1502 separaverint
1575 1481 1587 1498 ,
1612 1459 1741 1494 dicentes
1755 1472 1810 1494 vos
1830 1466 1863 1493 in
1875 1460 2101 1492 damnationem

1206 1514 1300 1542 trium
1310 1508 1518 1550 eapituiorum
1527 1507 1687 1551 consenfiffe
1700 1534 1712 1550 ,
1737 1517 1826 1553 atque
1843 1513 2007 1543 cautionem
2010 1505 2102 1550 fecis-

1199 1554 1253 1601 se.
1279 1560 1324 1595 Et
1349 1555 1585 1602 quidemfiqutd
1592 1558 1630 1592 a'e
1640 1559 1739 1593 tribus
1763 1562 1912 1602 Capitulis
1921 1564 1955 1591 in
1966 1569 2099 1601 quonam-

1205 1619 1261 1651 que
1285 1609 1337 1642 vel
1357 1608 1447 1642 verbo
1457 1609 1510 1642 vel
1518 1611 1630 1650 scripto
1642 1615 1827 1644 nominatum
1849 1610 1887 1651 est
1899 1634 1910 1651 ,
1936 1611 2100 1643 Fraterna-

1205 1667 1256 1692 tas
1266 1658 1365 1699 vestra
1374 1658 1448 1693 bene
1457 1657 1653 1701 reminiscitur
1666 1684 1673 1691 .
1699 1662 1852 1703 ,Quamvis
1865 1661 1994 1701 Deceffor
2017 1662 2097 1692 Fra»

1205 1713 1363 1742 ternitatis
1382 1718 1442 1743 uae
1464 1711 1649 1742 Laurentius
1677 1709 1910 1749 dt'stric‘ltffimam
1933 1711 2096 1742 caulone-m

1203 1759 1273 1792 Sedi
1284 1758 1448 1801 Apofloncae
1458 1756 1587 1801 emiserit
1598 1783 1608 1798 ,
1634 1764 1667 1792 in
1679 1771 1740 1801 qua
1751 1765 1812 1793 viri
1822 1764 1857 1793 N
1859 1759 1996 1798 obilffimi
2006 1767 2045 1791 eu
2055 1759 2098 1791 le·

1197 1813 1305 1853 gitimo
1316 1819 1434 1843 numero
1439 1806 1674 1852 subscripserunt
1686 1834 1693 1842 .
1720 1812 1804 1843 Inter
1816 1820 1888 1851 quos
1901 1820 1951 1852 ego
1961 1817 2074 1851 quoque
2083 1830 2098 1848 ‚

1203 1859 1356 1892 Urbanam
1368 1862 1541 1893 Praetttram
1547 1870 1657 1902 gerens
1671 1881 1681 1897 ,
1686 1866 1802 1901 pariter
1808 1858 1968 1902 fiibftriplu‘
1973 1883 1979 1890 .
2006 1859 2097 1901 ,Quia

1199 1907 1261 1951 post
1272 1920 1362 1951 quam
1374 1910 1444 1942 ralis
1459 1906 1579 1952 fiiffiira
1597 1917 1658 1950 pro
1665 1910 1749 1942 nulla
1766 1921 1798 1943 re
1801 1908 1894 1950 sada
1904 1910 1943 1951 est
1953 1931 1965 1948 ‚
1981 1908 2096 1950 justum

1195 1958 1288 2001 fuit,
1315 1967 1349 1993 ut
1367 1960 1455 1993 Sedes
1479 1955 1637 2000 apostolica
1661 1970 1760 1992 curam
1779 1967 1918 2003 gereret,
1945 1958 2095 2002 qnatem'cs

1203 2014 1348 2043 unitatem
1360 2007 1545 2052 Universalis
1555 2007 1689 2050 Ecclefiae
1700 2015 1733 2043 in
1744 2011 1935 2044 sacerdotum
1945 2008 2095 2045 mentibus

1200 2068 1256 2101 per
1270 2066 1370 2093 omnia
1378 2059 1529 2099 custodiret
1539 2083 1547 2092 .
1574 2059 1686 2094 Docet
1698 2060 1784 2094 varia
1796 2086 1805 2094 .
1831 2059 1858 2095 P
1867 2059 1952 2094 rimo
1965 2083 1977 2100 ,
2002 2057 2096 2101 quod

1203 2109 1262 2145 ista
1283 2109 1324 2143 ad
1356 2110 1527 2151 antiquam
1555 2108 1827 2144 ordinandorum
1855 2110 2095 2154 Episcoporum

1205 2158 1432 2203 professionem
1452 2157 1589 2201 adjectio
1611 2158 1707 2194 fuerit
1726 2159 1809 2194 fasta
1829 2159 1929 2194 etiam
1950 2160 1985 2194 in
1997 2158 2098 2193 Occi-

1203 2209 1326 2244 dentali
1343 2209 1482 2243 Ecclesia
1494 2233 1501 2240 .
1530 2207 1707 2256 Secundo!
1731 2209 1821 2253 quod
1835 2210 1996 2254 Pelagius
2007 2209 2098 2243 Pon-

1203 2259 1285 2294 tifex
1306 2258 1404 2293 fuerit
1425 2259 1516 2291 istius
1537 2257 1754 2291 additamenti
1766 2257 1849 2291 adeo
1860 2259 1985 2292 zelosus
2004 2259 2096 2291 Exe-

1202 2318 1296 2342 cutor
1320 2330 1332 2347 ,
1357 2316 1394 2341 ut
1421 2305 1634 2340 Laurentium
1655 2305 1910 2341 Mediolanensis
1944 2306 2096 2340 Ecclefiae

1204 2358 1351 2392 Electum
1371 2355 1568 2399 compulerit
1590 2366 1703 2391 contra
1727 2367 1853 2391 morem
1884 2357 1997 2390 venire
2018 2356 2096 2390 Ro-

1203 2419 1290 2442 mam
1304 2430 1316 2446 ,
1341 2405 1435 2440 isthic
1442 2405 1675 2441 solemniffime
1685 2416 1795 2439 coram
1808 2405 1944 2439 summis
1959 2404 2097 2440 testibus

1204 2457 1438 2501 profeffurum,
1463 2456 1498 2490 <Sc
1520 2455 1774 2489 consecrandum
1793 2481 1801 2489 .
1829 2455 1975 2496 Tertio,
2000 2454 2095 2499 quod

1203 2506 1383 2552 Gregorius
1395 2507 1413 2541 a
1424 2507 1610 2540 Succeffore
1620 2505 1819 2541 Constantio
1836 2506 1986 2541 videatur
2006 2503 2106 2540 istud.

1203 2558 1463 2593 additamentum
1476 2568 1517 2591 ex
1530 2556 1632 2590 caufis
1646 2567 1714 2590 non
1737 2557 1880 2600 exegiffe
1898 2581 1905 2587 .
1934 2555 2067 2603 Qarto
2078 2579 2092 2597 ‚

1204 2609 1294 2653 quod
1317 2608 1451 2654 quidam
1471 2606 1624 2652 Episcopi
1645 2616 1761 2642 contra
1786 2607 1880 2640 istam
1910 2605 2091 2640 novitatem

1203 2659 1372 2704 tantopere
1382 2657 1653 2694 recalcitraverint
1666 2680 1676 2696 ,
1703 2667 1738 2692 ut
1751 2657 1951 2692 Constantio
1967 2656 2093 2690 Metro-

1205 2710 1316 2755 politae
1345 2734 1356 2751 ,
1381 2719 1478 2752 quem
1500 2707 1728 2743 additamento
1749 2708 1939 2742 consensisse
1957 2706 2091 2750 suspica-

1205 2761 1323 2794 bantur
1336 2784 1348 2800 ‚
1360 2760 1527 2794 noluerint
1538 2759 1784 2793 communicare
1799 2784 1806 2791 .
1832 2755 1966 2805 Qintci
1978 2780 1990 2797 ,
2000 2752 2090 2800 quod

1204 2810 1289 2845 istud
1313 2810 1574 2844 additamentum
1587 2808 1683 2843 fuerit
1695 2809 1879 2853 legitimum
1890 2832 1899 2839 .
1928 2806 2018 2853 Quia
2036 2816 2092 2840 ne-

1204 2861 1371 2895 cessarium
1382 2861 1427 2893 ad
1447 2866 1595 2894 unitatem
1603 2857 1784 2901 univerfidis
1795 2855 1929 2898 Ecclefiae
1941 2861 1975 2889 in
1992 2858 2092 2889 Sacer·-

1204 2913 1305 2945 dotum
1317 2911 1460 2945 mentibus
1469 2919 1524 2953 per
1533 2914 1633 2943 omnia
1643 2908 1857 2948 custodiendam
1867 2931 1874 2939 .
1905 2906 2031 2940 Eadem
2046 2916 2092 2940 ra-

1205 2963 1254 2995 tio
1266 2962 1479 2996 Bonifacium
1495 2960 1654 3004 permovit
1666 2956 1707 2992 ad
1718 2957 1850 2990 vetustae
1862 2956 2093 3000 Metropolita-

1204 3021 1276 3046 rum
1299 3011 1488 3056 profeffioni
1509 3008 1688 3043 addendam
1712 3006 1946 3049 subjectionem
1973 3005 2095 3040 &obe-

1204 3063 1364 3097 dientiam
1386 3062 1546 3095 Romanae
1569 3057 1734 3091 Ecclefiae.
1766 3057 1809 3090 Et
1834 3056 1890 3100 qui
1915 3055 2004 3090 istius
2014 3065 2094 3095 tem·

1206 3113 1292 3156 poris
1305 3136 1316 3152 ‚
1342 3113 1376 3146 δε
1388 3121 1422 3145 tu
1430 3122 1468 3144 nc
1478 3108 1658 3143 viventium
1671 3107 1705 3140 in
1719 3106 1829 3141 Gallia
1852 3106 2092 3150 Episcoporum

1205 3162 1380 3205 qualitates
1389 3160 1483 3195 novit
1494 3182 1506 3198 ,
1532 3157 1630 3192 etiam
1643 3158 1737 3191 novit
1750 3156 1967 3192 additamenti
1987 3155 2091 3190 neces-

1205 3214 1329 3246 {itatem
1343 3236 1350 3243 .

1254 3261 1390 3294 Tertius
1413 3257 1554 3292 Domini
1589 3256 1692 3292 Archi
1705 3276 1717 3283 -
1731 3257 1884 3302 Episcopi
1914 3265 2002 3290 error
2020 3251 2091 3292 est,

1206 3311 1293 3355 quod
1306 3311 1393 3343 dicat
1404 3318 1538 3342 omnem
1552 3308 1747 3342 obedientiae
1758 3307 1982 3352 professionem
1995 3303 2013 3336 ὲ
2026 3302 2090 3345 pri-

1207 3363 1261 3396 sco
1285 3370 1375 3393 more
1394 3360 1456 3393 effe
1466 3357 1548 3392 adeo
1564 3358 1704 3392 alienam
1718 3382 1729 3398 ,
1755 3368 1793 3392 ut
1807 3356 1951 3399 Magnus
1964 3352 2035 3386 Leo
2047 3352 2090 3385 ad

1208 3410 1414 3446 Anastaszum
1440 3407 1766 3444 Thessalonicensem
1793 3406 1992 3488 Episcopurga
2019 3402 2093 3435 scri-

1985 3462 2042 3487 ens
