2326 3718
689 142 970 187 Romms
1005 137 1586 186 Apparrmromnus.

228 275 383 310 adnexuit
396 273 612 308 Sardicensem
626 275 799 309 Canonem
812 299 819 306 .
848 275 954 307 Norat
968 273 1043 307 illos
1058 271 1105 305 vi-

227 335 300 369 gere
310 323 394 368 apud
403 325 589 360 orientales
603 324 760 360 Ecclesias
772 348 783 365 ‚
808 325 842 358 &
854 322 963 359 haberi
974 334 1033 367 pro
1047 322 1104 357 Ni-

226 385 322 409 caenrs
334 399 341 406 .

275 423 406 459 Primus
416 426 502 469 apud
513 424 697 460 orientales
709 423 848 459 Photius
860 423 957 468 coepit
967 421 1028 457 hos
1040 423 1106 458 Ca-

226 485 331 509 nones
354 478 505 510 arietare:
570 486 615 509 uo
636 486 752 518 nempe
774 477 861 510 suam
880 487 920 510 ex
933 472 1102 517 neophyto

226 524 456 568 Episcopalem
483 526 691 559 intrusionem
713 536 863 570 purgaret
875 549 886 566 ,
905 525 937 559 δε
956 525 1101 557 fomenta

228 585 384 617 quaereret
396 574 585 610 fabricando
596 574 759 609 schismati
774 601 782 608 .
808 579 856 611 At
866 574 941 609 vero
949 572 1102 616 rescripsit

228 624 391 660 Nicolaus
402 625 554 659 Pontifex
567 638 578 659 .·
604 627 697 669 ,Quod
716 629 790 659 vero
808 627 909 659 dicim
930 620 1103 665 sardicense

229 677 391 709 concilium
402 686 456 709 vos
481 687 538 708 non
560 674 670 709 hahere
692 677 744 709 vel
762 681 908 717 recipere,
934 679 992 707 non
1006 673 1102 715 faede*

228 725 313 758 nobis
332 726 472 759 credendi
475 725 610 766 facultas
623 726 766 759 tribuitur
778 750 785 758 .
812 725 948 758 Maximi?
956 735 1021 757 cum
1032 725 1102 757 Sar·

226 774 341 818 dicensi:
352 776 515 809 Concilium
527 800 537 816 ‚
563 778 643 817 quod
648 784 741 817 penes
751 787 807 809 vos
822 780 854 807 in
867 772 968 814 vestris
981 779 1100 818 regioni·

227 824 283 857 bus
294 824 394 859 adum
405 824 442 865 est
455 849 466 865 ‚
493 827 527 860 et
541 831 635 858 omnis
645 823 769 867 Ecclefia
794 830 896 867 recipit
909 850 919 866 ‚
944 835 1003 867 qua
1015 828 1102 858 ratio-

228 885 266 907 ne
287 884 469 909 convenerat
488 897 498 915 ‚
523 884 555 908 ut
582 875 633 909 boc
647 874 756 919 sanda
778 875 1100 916 constantinopolitana

228 923 356 966 Ecclefia
374 924 533 966 abjiceret,
557 926 594 958 ό·
610 934 645 957 ut
666 926 792 967 dignum
813 924 852 964 eft
862 935 920 957 non
939 925 1103 958 retineret?

228 974 274 1007 Et
284 984 408 1008 certum
427 974 473 1007 est
484 972 644 1006 Photium
664 973 847 1017 imposuisse
859 998 866 1005 .
895 973 1029 1007 Etenim
1043 973 1102 1007 Ca-

227 1032 332 1056 nones
349 1022 426 1056 istos
446 1022 587 1067 Joannes
608 1020 847 1065 Scholasticus‚
875 1024 988 1058 tertius
1012 1023 1102 1058 istius

224 1071 373 1105 nominis
398 1070 790 1117 Constantinopolitanus
817 1074 1000 1117 Episcopus
1019 1098 1032 1115 ,
1058 1076 1103 1107 in-

223 1121 362 1156 seruerat
374 1123 433 1155 suo
444 1121 562 1157 Codici
572 1146 583 1162 ‚
608 1122 696 1158 haud
710 1123 810 1159 dubie
833 1123 1004 1159 observato
1016 1123 1102 1168 apud

224 1171 320 1206 istam
341 1171 533 1206 Ecclesiam.
560 1174 604 1208 Et
625 1172 691 1217 ipse
712 1184 789 1209 ante
800 1174 943 1218 Lapsum
962 1173 1103 1210 Photius

224 1220 396 1256 inseruerat
415 1223 474 1256 suo
493 1221 786 1260 Nemo-Canens.
814 1222 939 1259 Photio
957 1225 1048 1259 enim
1060 1225 1103 1258 fa-

223 1272 355 1307 miliare
376 1272 439 1306 fuit
449 1273 540 1307 aliud
563 1283 639 1309 ante
650 1299 662 1316 ,
686 1274 778 1311 aliud
790 1276 861 1319 post
874 1274 1016 1318 Lapsum
1030 1286 1103 1309 can-

223 1331 294 1356 tare
307 1346 316 1355 .
344 1322 553 1370 Qapropter
563 1323 752 1360 admiranda
762 1324 808 1359 est
819 1323 979 1360 Paschasii
993 1326 1103 1374 Qes-

221 1371 305 1406 nelli
325 1372 446 1408 fiducia
457 1374 561 1413 ,ausi
585 1372 719 1409 scribere
737 1387 745 1407 ε
770 1377 879 1408 Tantae
903 1374 1102 1408 Authorttatts

222 1433 282 1456 non
294 1421 364 1464 fust
387 1424 472 1465 apud
480 1422 639 1467 Episcopus
652 1425 822 1460 orientales
833 1424 1008 1467 Sardlcenfis
1019 1428 1039 1458 5
1035 1437 1103 1465 ,mo-

221 1473 284 1506 dus
305 1496 318 1513 ,
343 1480 377 1506 ut
397 1472 564 1519 huJusmodi
586 1475 753 1517 definitioni
769 1475 873 1516 statim
895 1475 1102 1510 inb-erendum

223 1522 278 1563 effe
297 1521 461 1564 censuerint
482 1547 490 1554 .
518 1530 579 1558 Hoc
599 1530 678 1557 enim
700 1524 933 1556 Retrat‘lationts
952 1527 1062 1565 jugum
1083 1529 1103 1556 a

222 1568 288 1613 sats
305 1568 422 1613 semper
432 1570 561 1604 humeris
570 1570 784 1614 amolittsunt‚
811 1576 863 1613 qui
873 1571 907 1603 ob
930 1570 1008 1604 banc
1018 1571 1105 1613 fort?

225 1616 347 1659 causam
355 1621 480 1650 comm
492 1620 572 1658 filas
582 1624 719 1652 canones
731 1626 764 1651 tn
770 1619 843 1662 suas
854 1619 1030 1653 commones
1044 1633 1102 1655 non

222 1667 404 1700 retulerunt·

272 1716 410 1751 Interim
431 1716 606 1759 universae‚
633 1717 748 1763 utique
760 1718 962 1760 orientalis,
991 1718 1102 1753 Eccle-

225 1765 277 1800 13ae
307 1766 413 1801 codex
433 1777 503 1801 non
523 1767 674 1803 continet
710 1770 790 1804 istos
811 1770 983 1804 Canones.
1009 1769 1104 1803 Hinc

223 1814 410 1851 Paschasius
429 1817 628 1865 Qesnellus
648 1817 733 1853 adeo
751 1820 937 1854 constanter
958 1820 1029 1864 ipfis
1049 1818 1107 1854 ob·

223 1864 337 1911 strepit
349 1891 359 1899 .
383 1867 543 1902 Conabor
555 1880 635 1902 mox
648 1880 814 1904 occurrere
826 1894 833 1900 .
861 1871 1025 1914 Septimus
1036 1869 1103 1912 ejus

223 1927 313 1951 error
326 1918 373 1952 est
385 1940 396 1957 ,
423 1917 513 1962 quod
534 1916 631 1953 hosce
642 1920 799 1955 Canones
819 1921 917 1956 etiarn
932 1920 1105 1955 Gallicana

224 1965 465 2002 Ecclesiaolim
477 1979 548 2003 non
575 1969 756 2005 admiserit.
785 1969 1103 2014 AffirmatDionysii

225 2016 353 2062 Exigui
364 2016 526 2053 codicem
547 2019 582 2053 in
593 2020 704 2055 Gallia
724 2031 791 2054 non
815 2022 909 2056 fuisse
932 2021 1105 2056 admissum

226 2077 303 2102 ante
315 2067 434 2112 Magni
445 2068 558 2104 Caroli
567 2080 713 2114 tempora
726 2095 737 2111 ,
763 2068 903 2115 ideoque
923 2083 983 2106 nec
996 2072 1106 2106 Cano-

228 2127 288 2150 nes
306 2118 525 2152 sardicenses.
553 2119 706 2154 Affirmat
732 2118 794 2154 hos
818 2133 886 2155 non
911 2121 1046 2166 viguisse
1070 2120 1104 2154 in

230 226 355 260 Decreta
372 224 514 264 testantur
538 248 548 264 ,
573 235 639 266 quae
664 222 764 268 subter
784 234 906 257 annexa
930 222 1004 267 sunt
1023 249 1030 255 .
1060 222 1103 256 Et

1901 155 1957 199 55

1163 218 1339 262 sardicensis
1359 218 1553 253 abdicaverat
1573 222 1703 259 synodus
1716 246 1728 263 ,
1752 224 1873 267 &quoe
1883 234 1923 258 ea
1943 223 2034 267 absol-

1164 279 1252 304 verat
1272 275 1414 310 recipiens
1436 295 1444 303 .
1471 268 1569 304 Certe
1596 270 1751 307 existimo
1768 275 1905 309 similem
1930 276 2035 318 Syno-

1163 322 1242 355 dum
1261 321 1355 355 fuisse
1376 319 1571 355 celebratam
1594 320 1612 353 a
1635 323 1773 364 regresso
1784 325 1816 357 in
1828 324 1952 360 Gallias
1962 325 2035 359 Ma·

1163 372 1311 409 ximino,
1339 369 1607 414 aliisqueibidem
1619 368 1861 413 Metropolitis.
1887 375 2036 410 Secunda

1163 421 1366 455 Turonensis
1384 445 1395 462 ‚
1421 421 1506 455 inter
1528 420 1719 454 Gallicanas
1741 432 1945 465 nequaquam
1965 425 2037 459 infi-

1163 483 1238 512 ma,
1264 471 1416 515 Synodus
1425 471 1598 506 adversum
1618 470 1804 504 incaestuosa
1825 471 1979 517 conjugia
1992 476 2039 509 in·
2053 497 2096 528 Ca
2118 516 2124 524 ¹
2141 506 2187 525 Η,

1163 531 1265 556 novat
1286 522 1440 566 antiquos
1465 522 1641 562 Canones,
1666 521 1701 555 &
1720 521 1894 566 adjungit:
1919 525 2040 565 Propte—

1162 583 1214 605 rea
1218 571 1285 612 fuit
1297 573 1362 605 illos
1374 578 1485 606 iterare
1497 572 1683 614 necessarium
1695 596 1705 612 ,
1723 577 1796 614 quia
1804 573 1908 605 dtcunt
1914 573 2016 613 plures
2029 599 2040 615 ‚

1162 622 1246 663 quasi
1259 623 1335 655 illud
1348 630 1406 665 per
1416 623 1657 666 Praedecefforum
1678 624 1886 666 negligentiam
1904 624 2040 655 sacerdo-

1163 681 1226 704 tum
1235 673 1294 705 illis
1312 683 1369 705 non
1381 672 1487 717 fuiffet
1506 681 1646 715 apertum
1658 696 1665 704 .
1691 674 1751 706 Sed
1766 683 1875 706 revera
1894 679 2041 706 mentiun-

1163 730 1234 761 tur,
1261 733 1326 755 cum
1339 720 1469 766 sciamus
1482 723 1559 756 tales
1581 734 1617 756 ac
1639 731 1742 756 tantos
1763 729 1847 757 viros
1868 724 2041 756 nullatenus

1165 770 1231 804 huic
1241 774 1423 816 negligentiae
1429 771 1604 815 subjacuiffe
1614 798 1627 812 ,
1647 772 1706 816 sed
1724 772 1795 814 hoc,
1821 774 1902 816 quod
1910 775 2042 815 Scriptu-

1164 833 1207 854 rae
1213 819 1328 864 sane‘lae
1338 823 1482 864 testantur
1491 845 1502 862 ,
1526 823 1804 866 afflduepraedicaffe
1815 849 1822 856 .
1851 822 1976 858 Eadem
1987 822 2043 858 di·-

1166 871 1302 915 ligentia
1312 873 1524 915 praedicarunt
1534 872 1747 907 Generaliurn
1759 874 1973 916 synodorum
1980 874 2043 908 Ca-

1168 933 1287 955 nones.
1313 922 1458 958 Proinde
1477 923 1622 968 quisquis
1635 922 1801 967 Magnum
1813 924 2044 958 Maximinum

1165 971 1318 1014 opinatur
1331 972 1390 1006 hac
1403 974 1437 1007 in
1450 985 1483 1008 re
1496 974 1589 1009 fuisse
1607 973 1829 1018 negligentem
1840 998 1851 1014 ‚
1876 974 1942 1016 jam
1953 974 2046 1008 audi-

1166 1022 1213 1054 vit
1223 1020 1428 1054 Turonensis
1439 1022 1564 1064 Synodi
1574 1023 1616 1058 de
1627 1025 1682 1058 sua
1693 1024 1855 1068 opinione
1865 1023 2027 1066 judicium
2035 1046 2045 1056 .

1166 1070 1197 1105 A
1213 1069 1345 1104 laudato
1358 1070 1522 1104 pontifice
1534 1072 1734 1108 Innocentio
1755 1074 1934 1109 creduntur
1942 1075 2045 1108 etiam

1164 1121 1227 1155 esse
1239 1120 1394 1156 Canones
1404 1121 1533 1164 Synodi
1544 1120 1775 1156 Romanorum
1791 1124 1831 1158 ad
1843 1124 1958 1159 Gallos
1971 1124 2048 1168 Epi·

1165 1172 1279 1215 scopos
1292 1195 1299 1202 .
1328 1171 1503 1218 Qidquid
1515 1171 1554 1204 fit
1564 1195 1576 1211 ‚
1603 1172 1679 1205 sunt
1695 1172 1830 1214 antiqua
1843 1196 1855 1211 ,
1880 1174 2046 1209 authenti·

1163 1232 1223 1261 ca,
1248 1219 1414 1256 observata
1439 1233 1494 1264 per
1518 1220 1664 1254 Galliam
1678 1245 1689 1261 ‚
1715 1220 1890 1255 &forsitan
1912 1222 1952 1255 ad
1976 1224 2049 1265 ejus

1164 1270 1326 1307 Codicem
1347 1271 1497 1315 adjunsta
1521 1271 1691 1315 Rescripta
1715 1271 1809 1306 Sedis
1828 1271 2048 1314 Apostolicae.

1165 1322 1208 1355 Et
1217 1322 1363 1365 quaedam
1387 1324 1462 1356 sunt
1487 1321 1593 1365 palam
1614 1322 1783 1365 desumpta
1796 1334 1837 1356 ex
1849 1322 2050 1356 Canonibus

1164 1372 1402 1406 Sardicenfibus
1414 1398 1421 1405 .
1451 1371 1584 1416 Nempe
1595 1373 1779 1416 capitulum
1789 1372 2024 1407 duodecimum
2036 1398 2048 1412 ‚

1166 1431 1277 1456 vetans
1285 1423 1485 1467 Episcopum
1496 1422 1610 1458 assumi
1622 1435 1662 1457 ex
1674 1423 1791 1457 Laicis.
1814 1423 1857 1456 Et
1866 1423 2050 1466 capitulum

1169 1472 1477 1507 decimum-tertium
1502 1498 1513 1514 ,
1541 1473 1718 1508 secundum
1746 1474 1922 1508 Nicaenum
1939 1474 2053 1508 Cano-

1167 1534 1240 1556 uem
1252 1548 1263 1564 ,
1288 1523 1484 1558 statuentem
1496 1522 1538 1558 de
1550 1524 1653 1568 prima
1664 1522 1921 1568 Neophytorum
1932 1524 2052 1567 specie,

1166 1572 1347 1606 extendens
1367 1574 1407 1606 ad
1425 1574 1599 1607 secundam
1611 1599 1618 1605 .
1647 1574 1756 1610 Prima
1782 1587 1824 1610 ex
1836 1574 2028 1609 Gentilibus
2040 1598 2052 1615 ,

1168 1619 1305 1654 secunda
1316 1622 1435 1664 species
1452 1622 1497 1656 est
1508 1633 1549 1655 ex
1560 1621 1669 1656 Laicis
1679 1647 1686 1655 .

1217 1669 1298 1701 Haec
1307 1672 1423 1702 omnia
1435 1672 1581 1703 similiter
1591 1681 1703 1712 patent
1713 1683 1755 1705 ex
1768 1672 2052 1716 degradationem:

1167 1717 1322 1751 Romana
1337 1717 1557 1760 appellatione
1569 1718 1810 1752 Contumeliofi
1823 1744 1834 1759 ‚
1860 1720 2005 1761 Rejeusis
2017 1722 2057 1754 in-

1168 1767 1307 1802 secunda
1333 1767 1540 1802 Narbonensi
1564 1766 1737 1802 Provincia
1760 1769 1936 1812 Episcopi,
1963 1771 2052 1804 circa

1167 1828 1264 1861 quem
1287 1818 1320 1852 &
1343 1819 1498 1853 Caesarius
1518 1819 1761 1862 Metropolita,
1787 1820 1821 1854 ἀ
1844 1820 1987 1863 Joannes
2007 1821 2051 1854 ll.

1168 1867 1327 1903 Pontifex
1351 1892 1363 1909 ,
1388 1868 1521 1913 ejusque
1554 1870 1722 1904 Succeflor
1743 1869 1913 1914 Agapetus
1937 1872 2053 1905 omnia

1167 1928 1305 1962 egerunt
1330 1929 1372 1953 ex
1389 1919 1531 1954 Canone
1557 1918 1751 1955 Sardicensi.
1779 1920 2055 1956 Contumeliosus

1167 1968 1270 2002 fuerat
1282 1969 1387 2012 lapsus
1398 1969 1433 2004 in
1444 1969 1641 2004 adulterium
1651 1994 1662 2010 ,
1682 1971 1714 2005 δι
1728 1970 1899 2005 involutus
1911 1971 1983 2005 aliis
1995 1973 2056 2005 cri-

1169 2018 1333 2054 minibus.
1361 2020 1455 2054 Hinc
1468 2019 1687 2055 provincialis
1696 2020 1853 2062 synodus
1874 2022 1982 2065 ipsum
2001 2021 2054 2055 de·

1167 2070 1316 2114 gradavit
1334 2094 1346 2111 ,
1372 2073 1406 2105 ὄτ
1428 2071 1472 2105 adv
1494 2071 1657 2117 agendam
1681 2082 1871 2116 perpetuam
1894 2073 2056 2115 poeniten·

1168 2121 1248 2154 tiam
1270 2120 1384 2155 clausit
1414 2121 1448 2154 in
1471 2120 1673 2155 monasterio
1691 2146 1699 2155 .
1726 2121 1807 2156 Erat
1829 2123 2001 2157 convictus
2020 2123 2054 2156 ὅ(

229 2165 363 2206 Gallia,
388 2167 446 2200 nisi
461 2179 516 2211 per
526 2168 623 2203 istum
635 2168 814 2204 Codicem.
841 2169 1039 2214 Respondeo
1051 2169 1108 2205 hu·
1147 2171 1328 2217 'confessus
1356 2195 1367 2211 ,
1394 2170 1534 2213 ideoque
1561 2183 1622 2206 nec
1648 2172 1841 2215 provocavit
1857 2196 1864 2204 .
1892 2172 2057 2207 Attamen

225 2214 276 2258 ius
288 2215 426 2249 Codicis
446 2217 482 2250 in
495 2219 607 2252 Gallia
630 2219 856 2254 admiffionem
879 2232 946 2254 non
969 2222 1107 2264 speeiare
1147 2221 1203 2257 lin
1216 2222 1270 2254 sua
1284 2220 1422 2263 Synodo
1443 2218 1560 2255 habuit
1584 2223 1751 2262 fautores,
1778 2223 1820 2257 de
1840 2222 1959 2267 quibus
1976 2223 2055 2257 San·

225 2265 268 2299 ad
289 2266 475 2308 praesentem
488 2270 739 2303 controverfiam
753 2293 760 2300 .
781 2268 956 2317 Qidquid
975 2270 1030 2312 fit,
1060 2270 1108 2304 di-

1168 2272 1235 2304 &us
1247 2270 1403 2305 Caesarius
1416 2283 1427 2303 .·
1453 2273 1536 2314 ,ραι
1556 2271 1594 2310 est
1611 2271 1810 2317 t'staJustmae
1830 2277 1951 2306 inimica
1971 2272 2056 2306 beni—

225 2326 267 2349 co
281 2315 359 2350 istos
370 2315 527 2351 Canones
537 2319 659 2363 semper
680 2319 715 2352 in
729 2319 840 2354 Gallia
854 2320 990 2365 viguisse
1004 2346 1011 2353 .
1038 2320 1108 2354 Pri·
1148 2343 1151 2347 -
1161 2327 1287 2363 guttas,
1311 2321 1441 2362 palpare
1463 2319 1630 2363 mmtnosbs
1650 2346 1662 2363 ‚
1689 2324 1861 2356 &vulnera
1883 2334 1981 2356 eorum
2007 2320 2057 2365 us-

226 2376 300 2398 mus
320 2366 499 2401 Gallicanae
519 2367 669 2403 Ecclefiae
691 2369 832 2410 CodeX‚
859 2372 912 2404 seu
939 2370 1105 2405 Gallicani

226 2415 364 2449 Codicis
374 2417 475 2459 prima
486 2419 620 2453 exordia
645 2420 718 2452 sunt
729 2418 918 2454 Innocentii
931 2421 1026 2464 primi
1041 2422 1106 2465 epi·

225 2464 309 2498 stola
337 2465 377 2498 ad
405 2464 599 2501 Visiricium
628 2468 827 2511 Episcopum
856 2469 1107 2515 Rothomagen-

225 2516 311 2549 sem.
340 2514 435 2548 Hinc
446 2515 533 2559 Papa
545 2516 646 2561 ipsam
669 2518 808 2561 appellat
831 2519 963 2563 Digestas
974 2527 1048 2554 vitae
1071 2522 1106 2554 Θ

225 2575 338 2597 morum
353 2565 551 2606 probabilium
574 2565 769 2610 dist-sphaere,
795 2580 830 2602 ac
851 2569 958 2602 librum
981 2572 1107 2614 Regula-

224 2626 308 2655 rem,
337 2613 551 2657 Didascalum,
578 2627 668 2660 atque
688 2621 880 2652 Monitortm.
909 2619 995 2666 Qis
1004 2620 1105 2654 ambi-

222 2670 281 2708 gat
304 2665 404 2707 ipsam
426 2665 550 2709 semper
573 2668 712 2711 viguisse
737 2669 772 2703 in
797 2669 938 2703 Gallia?
965 2670 1013 2704 At
1030 2669 1107 2705 vero

223 2714 292 2756 ejus
303 2715 436 2748 tertium
459 2726 557 2760 caput
569 2716 614 2750 est
626 2718 834 2763 desumptum
859 2721 975 2763 partim
986 2731 1027 2754 ex
1038 2721 1106 2756 Ni-

224 2764 342 2803 caenis,
367 2765 487 2807 partim
509 2777 551 2800 ex
563 2766 761 2803 Canonibus
772 2770 1011 2805 Sardicenfibus
1022 2784 1034 2803 .-
1061 2772 1105 2805 Et

222 2813 460 2857 perNicaenam
476 2817 649 2859 Synodum
671 2819 828 2864 intelligit
845 2831 1034 2865 utramque.
1061 2822 1104 2856 Et

223 2863 313 2907 quod
324 2864 429 2908 plures
441 2866 614 2902 Gallorum
629 2869 784 2913 Episcopi
805 2868 882 2904 huic
893 2871 1033 2915 Synodo
1056 2871 1107 2905 in-

225 2913 393 2949 terfuerint
416 2941 427 2957 ,
452 2928 490 2950 ac
509 2917 659 2953 absentes
685 2919 929 2964 subscripserint
950 2945 961 2961 ‚
986 2920 1104 2956 diserte

224 2962 362 2998 affirmat
373 2966 406 2999 in
418 2967 557 3003 secunda
569 2970 725 3015 apologia
738 2970 885 3015 Magnus
897 2970 1102 3006 Athanasius.

227 3009 389 3068 Exprimit
410 3016 552 3060 ipsorum
564 3024 699 3054 nomina
713 3044 721 3052 .
748 3019 868 3056 Adfuit
886 3022 1020 3055 Sanetus
1030 3022 1101 3057 Ma-

227 3071 371 3097 ximinus
390 3065 612 3103 Treverorum
636 3070 838 3115 Episcopus,
864 3071 908 3105 ob
930 3072 1103 3116 praestitum

224 3109 392 3146 Romanis
414 3117 688 3160 appellationibus
714 3123 909 3166 generosum
942 3122 1102 3157 auxilium

226 3160 420 3216 degradatus
431 3163 673 3212 Philippo-poli
685 3196 693 3204 .
720 3173 775 3206 De
785 3171 892 3206 Hosio
909 3172 1105 3208 Corduben-

227 3208 423 3267 fl,EP¹s‘³0P0
435 3237 446 3253 2
457 3216 582 3253 sardica
593 3223 730 3264 regresso
741 3223 776 3256 in
789 3222 987 3266 Hispaniam
999 3248 1010 3264 ,
1031 3224 1104 3258 scri·

226 3258 276 3294 bit
296 3262 425 3305 antiqui
449 3264 592 3302 authoris
613 3271 695 3306 liber
715 3272 925 3315 Synodicus:
954 3274 1102 3308 Cordubae

225 3309 582 3355 EP¹ft⁰Pu5sa²¹fflffimus
594 3319 690 3360 Hostus
702 3347 713 3363 ‚
739 3323 882 3360 synodum
898 3326 1046 3358 Divinam
1069 3325 1103 3358 (ν

225 3361 366 3394 sanctam
376 3361 470 3405 tnsua
482 3370 607 3399 civitate
617 3378 773 3405 convocans
783 3398 795 3414 ‚
822 3375 981 3408 Divinitas
996 3372 1102 3416 expoſs-

224 3418 289 3444 tam
297 3411 458 3453 Illustravst
473 3414 639 3450 dodanam
651 3442 663 3459 ,
685 3424 885 3457 condemnans
900 3423 1014 3467 eosdem
1029 3436 1098 3466 quos

1167 2382 1223 2413 que
1234 2372 1279 2404 ad
1288 2372 1366 2405 diem
1370 2375 1402 2416 J
1403 2372 1495 2404 adim
1507 2376 1646 2413 incurata
1652 2370 1779 2415 servare
1791 2374 1804 2405 ?
1829 2371 1954 2416 ,Quodfi
1959 2378 2055 2406 ettam

1167 2422 1348 2461 duriffimam
1367 2433 1416 2455 eos
1425 2427 1632 2464 paenitentiam
1648 2431 1706 2463 pet·
1723 2424 1828 2465 plures
1849 2434 1944 2456 annos
1967 2434 2055 2466 agere

1167 2472 1362 2511 videremus,
1380 2470 1422 2512 fic
1446 2483 1500 2504 nor
1525 2471 1583 2514 1·in
1599 2474 1634 2506 Θ
1654 2471 1751 2514 saluti
1771 2484 1868 2507 eorum
1887 2471 2055 2515 consulere,

1167 2522 1202 2554 θ
1213 2523 1370 2553 Canonum
1392 2519 1561 2553 deberemus
1573 2523 1697 2553 statuta
1716 2520 1844 2563 servare
1854 2546 1862 2554 .
1890 2526 1968 2555 Cum
1979 2526 2052 2557 ver&

1167 2577 1199 2603 ln
1211 2570 1358 2613 aliquibus
1369 2580 1420 2603 nec
1430 2570 1659 2611 compunctionis
1669 2569 1829 2604 bumzlttas
1841 2595 1854 2612 ,
1879 2583 1931 2606 nec
1942 2572 2053 2613 instan-

1167 2627 1210 2654 tia
1224 2621 1331 2653 orandi
1355 2621 1578 2664 velplangend}
1596 2629 1745 2663 appareat
1758 2646 1770 2662 ‚
1794 2632 1846 2655 nec
1858 2633 1904 2655 eos
1908 2623 1941 2665 J
1940 2625 2051 2663 ejunus

1167 2673 1217 2705 vel
1227 2671 1340 2704 lebiton!
1365 2681 1475 2704 vacare
1489 2671 1647 2704 videamus
1663 2695 1674 2711 ,
1695 2673 1842 2716 piffumus
1863 2672 2026 2716 cognoscere
2038 2697 2052 2712 ,

1159 2721 1191 2763 fi
1196 2722 1239 2754 ad
1248 2720 1385 2755 bonorem
1390 2720 1548 2763 pristinum
1559 2723 1704 2755 redierint
1715 2746 1726 2762 ,
1754 2734 1820 2756 cum
1828 2732 1946 2766 quanta
1958 2724 2050 2767 negli-

1161 2778 1268 2816 gentia
1280 2795 1291 2812 ,
1319 2773 1353 2806 ὁ*
1362 2782 1427 2805 cum
1438 2779 1549 2813 quanto
1555 2780 1651 2813 tepore
1662 2795 1673 2810 ,
1700 2773 1735 2806 (5
1749 2778 1872 2807 inimica
1884 2779 1995 2807 animae
2001 2772 2048 2815 se-

1166 2831 1294 2856 cantate
1301 2829 1500 2864 permaneant
1509 2846 1519 2862 ,
1545 2823 1695 2855 credentes
1703 2825 1785 2865 quod
1791 2823 1831 2865 sic
1847 2835 1893 2858 eos
1906 2836 1964 2857 non
1976 2823 2046 2857 alla

1166 2874 1255 2916 digne*
1263 2878 1446 2914 paenitentia
1457 2870 1609 2916 admiserit
1619 2875 1705 2906 Deus
1719 2897 1730 2913 ,
1756 2876 1897 2916 quomodo
1908 2876 1928 2907 5
1929 2875 2048 2906 acerdo—

1165 2931 1212 2956 tes
1235 2921 1373 2965 tndulliffe
1394 2923 1535 2956 videntur
1556 2947 1564 2955 .
1593 2923 1807 2958 Demonstrat
1831 2923 1893 2957 esse
1912 2923 2045 2964 falsam,

1165 2973 1375 3016 periculosam
1385 2997 1396 3014 ,
1423 2973 1528 3007 immo
1541 2972 1753 3016 perniciosam
1767 2972 2022 3007 misericordiam
2035 2999 2041 3005 .

1166 3023 1319 3066 Episcopi
1340 3022 1392 3056 isti
1416 3022 1572 3057 nolebant
1583 3023 1871 3057 Contumeliosum
1890 3022 2046 3067 degrada-

1162 3074 1213 3113 ri,
1239 3084 1298 3106 nec
1316 3073 1357 3107 ad
1391 3083 1576 3117 perpetuam
1601 3072 1829 3115 poenitentiam
1849 3073 1980 3107 detrudi
2006 3074 2042 3107 in

1162 3122 1399 3157 Mouasterium
1419 3147 1430 3163 ‚
1457 3123 1509 3156 sed
1524 3121 1732 3159 solummodo
1743 3123 1893 3167 suspendi
1913 3124 1953 3157 ad
1966 3135 2046 3159 tem-

1161 3184 1221 3217 pus
1242 3199 1253 3214 ‚
1289 3173 1323 3208 ὅ(
1344 3183 1424 3207 tunc
1451 3172 1542 3205 reddi
1565 3171 1769 3216 Episcopalis
1789 3174 2043 3208 communionis

1161 3223 1305 3264 honori,
1332 3223 1373 3257 de
1387 3222 1450 3256 suis
1463 3221 1706 3257 infirmitatibus
1728 3226 1955 3267 responsurum
1972 3226 2044 3259 Do-

1163 3274 1258 3309 mino
1269 3275 1362 3308 Deo.
1391 3273 1443 3306 Ex
1465 3283 1532 3316 quo
1555 3273 1657 3317 liquet
1683 3273 1915 3317 Apostolicum
1926 3275 2043 3308 Cano-

1163 3335 1237 3358 nem
1250 3349 1261 3364 ,
1286 3328 1407 3365 Oportet
1425 3322 1605 3366 Episcopum
1622 3322 1685 3364 fine
1702 3330 1826 3358 crimine
1836 3327 1885 3369 effe
1897 3350 1907 3365 ‚
1933 3323 2041 3369 quoad

1160 3375 1301 3410 earnalia
1312 3373 1438 3419 flagitia
1456 3374 1586 3417 coepisse
1597 3384 1677 3409 tunc
1690 3377 1850 3419 tepescere
1861 3377 1895 3409 in
1906 3374 2038 3409 Galliis.

1163 3425 1256 3459 Hinc
1276 3436 1343 3459 erat
1363 3425 1457 3459 causa
1476 3423 1581 3467 major
1603 3435 1701 3471 atque
1718 3425 1885 3465 difficilis.
1915 3424 2039 3506 I{rista

1947 3483 1991 3516 ΡΙ·
