2326 3718
722 122 1002 171 RonAms
1037 121 1617 174 Appenni-romnus,

256 210 381 259 'stringi
390 209 441 246 -ad
457 208 745 246 confirmationem
768 211 899 244 suorum
912 208 1069 244 Aaorum
1080 219 1134 253 po-

262 258 444 298 uelandam
455 259 474 294 ὂ,
485 260 640 295 Romano
653 261 814 295 Pontifice
825 285 832 292 .
860 258 1054 304 Respondeo
1073 260 1134 293 effe

259 313 422 348 caducum
443 320 692 356 argumentum.
717 310 851 345 Etenim
870 311 1012 345 deistius
1032 310 1134 352 Syno-

256 360 296 397 di
308 361 477 405 Episcopis
486 362 679 407 singularem
688 359 871 396 orationem
893 361 989 396 nobis
1006 359 1135 403 reliquit

260 411 397 447 Sanctus
406 412 586 457 Gregorius
597 412 822 447 Nazianzenus
834 436 845 451 ,
869 412 903 446 ὃς
914 412 948 445 in
970 411 1035 455 ipsa
1057 410 1135 443 scri-

258 458 331 497 bit:
358 460 497 505 Episcopi
507 462 679 506 dimisi-runt
688 473 734 494 me
745 461 783 494 ab
793 462 862 496 urbe
870 487 881 504 ‚
908 473 966 496 non
976 461 1135 494 admodum

258 520 494 556 repugnantem.
523 516 646 557 ,Quippe
665 513 851 553 turpiffimum
871 519 935 546 erat
953 519 1000 545 me
1020 511 1135 543 illorum

258 561 334 604 fidel
350 571 513 606 cauponum
531 569 566 596 in
584 572 704 596 numero
726 565 777 604 effe
788 588 798 604 ,
823 573 944 606 quorum
956 562 1008 596 alu
1017 568 1134 603 nepotes

259 622 351 646 erant
360 614 495 652 illorum,
514 617 571 655 ,qui
589 613 776 646 Tributorum
797 611 904 656 scribae
918 611 1045 654 fuerant
1064 635 1075 651 ,
1101 612 1136 644 ά*

261 662 603 696 altudntbtl-volvebant
625 667 723 696 animo
736 687 747 703 ,
773 675 863 706 quam
877 659 1136 705 faffas&subdo-

257 713 308 747 Ias
318 717 468 747 rationum
487 713 718 754 depravationes
732 738 739 745 .
766 713 828 745 Alii
839 723 934 746 remos
944 713 979 746 o·
987 717 1136 746 exercitus

257 763 441 804 reltquerant
450 786 462 804 ,
487 764 648 796 redolentes
657 763 757 797 adbuc
762 760 917 804 sentinam
927 786 938 803 ‚
965 764 1019 796 vel
1034 770 1135 804 corpus

252 811 407 855 fedatum
419 812 599 847 cicatricibus
609 812 766 855 habentes;
772 815 874 855 populi
877 812 1093 857 gubernatores
1103 823 1139 845 ac

258 864 356 896 Duces
366 863 509 903 militum,
529 869 582 905 qut
594 875 631 898 ne
641 869 797 898 mtnlmum
805 866 927 905 quidem
937 863 1086 906 conceffurt
1094 867 1139 896 vt-

260 912 372 946 dentur
396 937 405 943 .
430 914 581 947 Nonnulli
607 918 700 946 ettam
729 912 902 954 opiji‘ctorum
925 936 938 953 ,
963 922 1043 953 quae-
1062 917 1139 945 citra

258 965 359 1007 ignem
381 969 486 1004 operas
500 960 576 1002 suas
591 961 734 1003 perficere
744 970 892 1002 nequeunt
904 985 916 1002 ,
936 967 1029 1005 gnari
1047 972 1084 994 ne
1087 960 1139 1003 fu-

260 1012 381 1055 ls'ginem
391 1010 512 1051 quidem
523 1014 622 1042 car-nu
635 1012 749 1055 integre*
758 1010 916 1044 abluerant
927 1035 938 1052 ,
960 1010 1119 1054 flagriones
1129 1036 1139 1052 ,

256 1068 293 1093 ac
305 1056 440 1101 pistrinis
458 1059 561 1103 digni.
588 1061 656 1103 ,Qui
673 1061 761 1103 prius
787 1071 877 1103 quam
893 1067 1028 1104 pretium
1051 1065 1140 1094 ΗΜ]

255 1118 412 1144 numerare
419 1107 566 1151 queamfi
573 1111 626 1142 vel
632 1115 772 1155 exiguam
783 1112 803 1143 ἃ
816 1111 969 1145 laboribus
981 1116 1141 1154 requietem

255 1162 442 1199 inveniant,
464 1156 627 1202 lasciviunt
645 1160 813 1205 tnfigniter.
844 1161 988 1196 Eosdem
1010 1162 1141 1206 Episco-

79 1212 216 1249 Nil-135·
254 1218 318 1253 pos
337 1207 492 1244 describit
513 1209 549 1243 in
572 1211 717 1244 carmine
737 1211 779 1245 de
791 1211 844 1244 sua
856 1212 945 1246 vita:
973 1214 1141 1245 clamitant

255 1260 304 1293 3111
321 1259 453 1301 undique
461 1268 496 1292 ut
499 1261 688 1303 graculorum
709 1269 809 1294 turma
821 1272 882 1295 rem
896 1273 987 1296 unam
997 1265 1120 1296 moliens
1133 1286 1140 1294 .

251 1312 418 1356 Juvenum
437 1318 583 1351 caterva,
608 1321 700 1355 quam
721 1312 880 1345 tabernam
898 1314 1009 1346 diceres
1033 1325 1041 1346 :
1067 1314 1130 1346 Tra

257 1357 387 1402 hensque
399 1357 485 1391 turbo
503 1360 682 1400 pulverem,
709 1367 796 1394 ventt
819 1364 961 1395 aemulus.
989 1365 1141 1405 Dignatus

256 1407 328 1452 offet
335 1418 402 1442 cum
413 1407 522 1451 quibus
532 1420 617 1443 nemo
627 1434 639 1451 ‚
664 1418 743 1444 metu
766 1409 873 1454 fiendo
885 1411 1054 1454 Tbronoque
1061 1419 1141 1454 prae-

258 1459 364 1499 ditus,
389 1458 551 1501 quidquam
571 1460 669 1503 loqui.
697 1459 879 1502 Praepostere?
902 1470 936 1494 ut
957 1468 1006 1504 qut
1021 1462 1141 1503 funde-

257 1514 329 1542 rent
337 1507 432 1541 verba
442 1531 454 1548 ‚
480 1509 609 1542 &velut
619 1508 721 1550 vespae
732 1509 874 1549 infiltrent
895 1517 1004 1543 concito
1015 1516 1049 1543 in
1054 1510 1143 1552 fron·

258 1564 321 1593 eem
330 1562 440 1601 impetu
450 1581 459 1589 .
488 1556 586 1590 Athos
595 1556 711 1600 secutus
721 1558 760 1598 est
771 1567 872 1592 tamen
887 1562 989 1593 Caetus
1012 1561 1119 1594 senum
1133 1584 1144 1600 ‚

257 1616 358 1641 motus
371 1608 501 1647 juvente
513 1606 657 1647 fervidos
675 1632 686 1648 ‚
713 1620 785 1650 quos
821 1617 883 1650 par
902 1618 970 1641 erat
983 1609 1122 1650 fraenare
1133 1635 1140 1642 .

259 1658 353 1688 Ratio
369 1657 460 1696 porro
488 1665 580 1695 quam
586 1654 667 1697 scita
690 1679 702 1696 ,
729 1655 873 1698 adspice.-
901 1658 1014 1691 Debere
1030 1659 1144 1699 nostras

259 1711 366 1746 nempe
376 1714 422 1738 res
434 1702 638 1747 Soltmsequt,
663 1715 760 1739 ortum
769 1705 839 1739 binc
859 1706 1014 1741 trahentes
1026 1731 1037 1747 ,
1065 1709 1145 1741 unde

260 1757 413 1799 Regnator
419 1756 484 1799 poli
494 1754 577 1789 nahts
589 1779 600 1797 ‚
625 1755 752 1790 umidus
764 1768 852 1791 carne
865 1783 876 1800 ,
899 1763 1030 1801 primum
1046 1756 1144 1802 splen-

310 1854 415 1902 Quod
438 1854 620 1891 Eusebiana
639 1858 751 1893 Fafiio
763 1855 915 1894 homines
931 1859 1146 1904 ineptiffimos

242 1947 244 1949 ,
259 1904 466 1941 intruseritin
480 1906 685 1951 Episcopales
697 1907 898 1951 Cathedras,
925 1910 971 1945 est
991 1909 1146 1945 omnibus

219 1963 223 1966 “
259 1955 488 2001 exploratum.
514 1956 652 1992 Istorum
674 1959 781 2003 plures
803 1971 895 1994 erant
917 1960 950 1994 in
966 1959 1027 1995 hac
1044 1960 1150 2002 Syno-

260 2006 329 2042 do.
358 2006 492 2040 Etenim
515 2018 570 2052 per
591 2007 778 2043 Theodofii
803 2011 1012 2055 Imperatoris
1033 2009 1148 2044 Edicta

261 2054 445 2091 debuerunt
456 2067 513 2091 aut
524 2058 699 2093 Ecclesiam
711 2061 744 2094 &
767 2059 928 2095 honorem
942 2062 1123 2104 relinquere
1137 2084 1148 2101 ‚

263 2114 322 2141 aut
345 2105 448 2139 redire
468 2106 510 2140 ad
532 2106 676 2142 Matrem
696 2108 925 2144 Catholicam.
955 2111 1004 2144 Hi
1029 2110 1151 2154 igitur,

265 2154 317 2190 uti
340 2154 483 2189 Arianos
500 2167 641 2199 errores,
668 2157 715 2192 ita
734 2157 956 2193 ‘Antiochenae
976 2158 1148 2202 Synodi&

265 2202 606 2247 Philippo-politam
634 2206 872 2243 Conventiculi
905 2207 1152 2244 schismaticam

264 2251 374 2287 adhuc
397 2251 532 2288 olebant
556 2255 726 2290 audaciam
746 2281 758 2297 ,
783 2266 879 2301 atque
903 2269 945 2292 ex
969 2257 1034 2292 hoc
1059 2260 1152 2292 fonte

263 2301 484 2338 blaterabant:
515 2305 628 2339 Debere
637 2305 749 2346 nostras
761 2318 810 2341 res
821 2307 914 2342 Solem
919 2306 1007 2351 sequi
1019 2330 1031 2347 ,
1055 2318 1153 2341 ortum

266 2351 335 2386 binc
358 2352 530 2387 trabentes.
558 2354 795 2400 Evangelicam
820 2357 1084 2402 praedicationem
1105 2357 1151 2391 di-

204 2403 206 2405 ’
265 2402 383 2437 cebant
404 2400 532 2437 duxisse
552 2405 716 2449 originem
730 2430 742 2447 ‚
769 2418 838 2441 nou
863 2408 897 2441 in
918 2408 1125 2442 Occidentali
1141 2432 1151 2448 ‚

265 2451 367 2487 sedin
380 2451 541 2487 Orientali
555 2454 696 2488 Ecclesia
707 2479 718 2496 ,
746 2454 886 2501 ideoque
902 2457 1080 2491 secundum
1095 2456 1151 2492 hu·

264 2502 316 2546 jus
327 2527 339 2543 ‚
366 2513 437 2537 nou
448 2504 626 2538 secundum
638 2504 730 2539 istius
741 2505 787 2539 C.-
794 2517 894 2542 oones
909 2506 965 2541 fibi
978 2508 1040 2541 esse
1058 2519 1152 2552 agen·

265 2552 346 2587 dum
366 2577 373 2584 .
402 2552 505 2599 Qod
543 2554 725 2589 orientalis
759 2557 972 2592 Occidentali
997 2556 1153 2597 subesset,

266 2612 396 2647 propter
419 2613 545 2638 metum
568 2603 729 2649 Principis
748 2616 814 2639 non
829 2605 992 2642 audebant
1013 2618 1151 2652 negare,

265 2664 309 2688 eo
321 2663 432 2687 tamen
445 2652 601 2689 tendebat
612 2654 792 2690 clamosum
812 2655 954 2691 studium
970 2682 976 2690 .
1003 2658 1083 2692 Huc
1094 2658 1152 2692 res-

266 2702 348 2746 picit
360 2702 521 2738 Romanae
532 2704 661 2747 Synodi
684 2705 723 2739 ad
743 2705 972 2742 Theodosium
996 2708 1151 2751 epistola:

267 2757 391 2787 Utinam
401 2752 566 2787 Catholicos
582 2752 657 2798 ipsos
669 2763 850 2791 reverenttae
860 2763 954 2792 veteri
966 2758 1151 2802 reddtdffes,

266 2811 301 2837 ut
313 2801 392 2836 nibil
402 2813 548 2837 novarent
561 2812 660 2838 contra
672 2804 853 2849 Praescripta
870 2810 1040 2850 Majorume
1068 2808 1151 2853 Agit

266 2850 309 2894 de
320 2854 499 2888 reverentia
509 2865 583 2899 erga
595 2856 784 2890 Romanam
800 2857 973 2893 Ecclesiam
987 2884 994 2892 .
1024 2859 1076 2893 Ex
1088 2859 1150 2892 isto

269 2901 368 2944 igitur
385 2903 491 2938 forsan
502 2905 596 2939 fonte
608 2905 979 2951 Constantinopolitana
996 2907 1151 2951 Synodus

271 2949 480 2988 solummodo
500 2954 612 2989 retulit
633 2956 687 2990 sua
700 2955 782 2991 Atta
796 2958 835 2992 ad
856 2959 1055 2997 Damasum,
1083 2969 1150 2992 non

271 2998 460 3043 supplicavit
482 3005 688 3040 confirmari.
719 3006 879 3042 Attamen
901 3007 971 3051 ejus
982 3008 1074 3043 verba
1086 3009 1152 3053 pos-

271 3049 333 3083 fint
345 3050 431 3086 &ita
442 3054 567 3099 accipi,
593 3066 629 3090 ut
643 3057 823 3101 supplicent
843 3059 1131 3094 confirmationem
1144 3083 1151 3091 .

270 3098 445 3146 Qidquid
466 3103 503 3137 sit
515 3128 526 3145 ,
553 3106 642 3149 quod
661 3106 719 3142 ista
739 3109 950 3144 confirmatio
962 3109 1001 3143 fit
1016 3111 1151 3143 neces-sa-

271 3149 318 3183 ria
330 3173 341 3189 ,
367 3150 452 3193 apud
463 3163 553 3188 veros
564 3154 772 3192 Christianos
793 3158 840 3193 est
861 3168 952 3193 extra
965 3169 1154 3194 controver-

272 3199 350 3234 siam
363 3223 370 3230 .
398 3199 508 3235 Etiam
520 3200 572 3238 hie
585 3206 739 3243 articulus
759 3208 803 3243 est
822 3209 1068 3255 unusillorum,
1096 3210 1151 3253 qui

273 3247 392 3285 merito
413 3258 567 3285 notantur
587 3253 621 3287 in
646 3257 800 3294 Domino
830 3258 1150 3305 Archi-Episcopo·

275 3298 355 3336 Haec
368 3300 441 3334 sunt
455 3301 587 3336 alterius
601 3302 686 3338 loci.

374 3448 484 3485 ebrie.
492 3454 571 3498 Lupi
581 3458 678 3497 opera
688 3457 721 3487 T.
735 3459 765 3489 V
763 3460 819 3490 111.

1920 142 2005 174 121

1336 261 1378 306 C
1415 261 1459 306 A
1493 260 1529 304 P
1565 261 1611 306 U
1646 260 1686 305 T
1762 265 1936 310 XXXI.

1195 376 1303 445 Qt'd
1322 380 1503 426 Dominus
1518 375 1860 447 Archi-Epssopus
1871 382 2015 447 fintiat
2036 385 2078 433 de

1311 452 1467 518 antiqua
1487 449 1758 514 Sardicenfium
1773 454 1963 499 Canonum

1512 541 1531 567 0
1545 516 1783 587 firvantia?

1294 656 1438 692 Ominus
1459 656 1585 693 Archi·
1598 658 1777 704 Episcopus
1795 681 1807 700 ‚
1834 659 1884 695 uti
1912 659 2082 694 Romanas

1319 707 1566 751 appellationes,
1593 709 1638 744 ita
1649 712 1811 745 aversatur
1831 711 1866 745 δε
1881 708 2082 746 Sardicenses

1200 755 1353 791 Canones
1375 782 1381 789 .
1407 757 1497 802 Ipsos
1524 770 1594 794 non
1621 759 1831 796 solummodo
1856 760 2084 804 interpretatur

1200 805 1330 849 peffime
1342 831 1353 847 ‚
1374 808 1426 842 sed
1439 806 1567 852 iusuper
1578 809 1684 844 studet
1694 812 1812 844 auferri
1822 809 1864 845 ab
1874 811 2014 854 antiquo
2024 810 2084 843 usu

1200 856 1233 889 ὅ(
1245 859 1422 892 reverentia
1444 860 1598 894 omnium
1613 859 1830 894 Ecclesiarum
1843 885 1850 892 .
1878 861 1948 904 Jam
1960 858 2085 895 audivi-

1202 916 1272 940 mus
1293 906 1471 950 dicentem,
1502 909 1591 953 quod
1612 910 1696 953 ipsos
1707 920 1766 944 nec
1777 910 1911 944 sanctus
1923 910 2087 943 Damasus

1201 956 1397 998 attenderit,
1426 970 1487 993 nec
1504 958 1863 995 Sanetummbrofius:
1890 959 1992 1006 Quod
2007 960 2099 1002 ipso·-

1196 1007 1273 1039 'rum
1284 1005 1465 1041 authoritas
1486 1018 1564 1044 tunc
1576 1021 1644 1044 non
1667 1010 1787 1045 valeret
1800 1007 1885 1054 apud
1897 1010 2088 1044 Romanam

1203 1054 1378 1089 Ecclesiam
1391 1081 1397 1088 .
1426 1056 1475 1090 At
1487 1058 1591 1100 ipsum
1604 1061 1671 1094 fine
1682 1061 1902 1095 fundamento
1914 1060 2029 1103 loqui,
2040 1057 2090 1093 est

1202 1105 1480 1141 demonstratum.
1507 1107 1547 1142 In
1557 1110 1828 1150 consequentibus
1851 1109 1971 1151 docet,
1998 1106 2089 1153 quod

1205 1155 1283 1189 item
1306 1167 1365 1189 nec
1375 1156 1609 1196 Innocentius,
1636 1169 1695 1192 nec
1719 1160 1792 1202 quis
1810 1160 1894 1194 alius
1907 1170 1984 1196 ante
1995 1157 2094 1193 Zozi·

1204 1217 1296 1240 mum
1319 1206 1478 1242 Pontifex
1502 1208 1675 1252 agnoverit
1697 1220 1704 1239 ε
1732 1207 1834 1254 Qod
1861 1209 1983 1255 primus
2009 1210 2095 1252 iptos

1204 1256 1391 1300 produxerit
1409 1257 1565 1292 Zozimus
1584 1257 1617 1291 in
1636 1258 1812 1300 quaestione
1832 1263 1909 1291 'cum
1932 1257 2093 1293 Africana

1197 1307 1354 1342 Ecclesia.
1368 1307 1454 1347 circa
1474 1307 1645 1342 Romanas
1669 1308 1904 1352 appellationes
1931 1307 2096 1342 inferioris

1206 1357 1314 1391 Cleri.
1343 1361 1479 1392 canones
1490 1357 1677 1402 Sardicenses
1690 1383 1700 1399 ,
1727 1357 1835 1404 inquit
1847 1382 1858 1397 ‚
1883 1359 2007 1391 necdum
2018 1369 2095 1392 rece·
2114 1360 2215 1397 tle-e
2231 1371 2277 1391 η.

1202 1411 1251 1449 pti
1268 1416 1358 1440 erant
1375 1416 1467 1442 aetate
1490 1413 1653 1442 Innocentis
1664 1414 1778 1451 primi.
1798 1411 1831 1454 J
1834 1419 1870 1441 us
1895 1409 1990 1449 illud,
2015 1409 2099 1451 quod

1205 1457 1255 1490 ille
1278 1459 1419 1495 vindicat
1429 1458 1506 1493 ‘sedi
1523 1457 1588 1502 βα·
1601 1483 1612 1500 ,
1633 1459 1760 1501 prorsus
1776 1464 1858 1501 petit
1878 1460 1899 1491 ἃ
1920 1459 2100 1493 Canontbus

1207 1508 1309 1545 synoda·
1322 1512 1462 1543 Nicaenae
1476 1532 1487 1549 ,
1512 1520 1637 1551 quorum
1642 1507 1764 1553 sensum
1775 1534 1786 1551 ,
1801 1509 1901 1552 quoad
1904 1511 1979 1551 J'ura
1989 1512 2100 1542 Roma·

1208 1561 1241 1588 ni
1252 1557 1403 1599 Pontificts
1415 1564 1448 1591 in
1460 1561 1615 1592 Occidente
1625 1584 1635 1599 ,
1658 1565 1778 1601 primus
1789 1561 1839 1593 me
1849 1564 1970 1601 aperutt
1993 1565 2025 1593 in
2032 1563 2099 1602 epi-

1200 1605 1276 1646 stola
1295 1608 1340 1639 ad
1349 1606 1519 1640 Vit‘thcium
1532 1606 1710 1650 Episcopum
1736 1607 2020 1651 Rotbomagensem.
2044 1610 2098 1643 ln-

1208 1656 1252 1688 fra
1266 1657 1360 1689 refert
1373 1657 1467 1690 verba
1479 1657 1623 1700 epistolae
1634 1682 1645 1697 ,
1671 1669 1709 1692 ac
1720 1658 1844 1701 pergit:
1872 1660 2001 1696 synodus
2011 1659 2098 1700 cujus

1207 1713 1384 1736 mentionem
1396 1705 1477 1745 facit
1498 1709 1684 1737 Innocentius
1697 1729 1707 1744 ,
1733 1708 1916 1739 &Canones
1934 1714 1967 1740 in
1980 1708 2100 1749 epistola

1207 1754 1253 1786 ad
1260 1755 1473 1787 Milevitanum
1499 1756 1662 1788 Concilium
1672 1756 1789 1788 laudan
1800 1779 1811 1796 ,
1834 1755 1908 1799 sunt
1917 1760 2035 1790 omnim}
2046 1758 2103 1790 ali}

1204 1812 1321 1846 praeter
1337 1802 1523 1847 Sardicenses
1538 1830 1545 1837 .
1573 1806 1703 1844 synodus
1726 1811 1806 1839 enim
1817 1806 1995 1848 sardicensis
2022 1806 2102 1851 nibil

1203 1854 1312 1894 statuit
1322 1856 1358 1887 de
1368 1855 1560 1889 relationibus
1580 1854 1777 1899 adsummum
1791 1856 1959 1898 Pontificem
1979 1863 2101 1891 mitten-

1210 1905 1302 1936 disin
1313 1911 1444 1938 materia
1452 1904 1544 1947 fidet.
1571 1910 1677 1948 Itaque
1690 1907 1819 1944 synodus
1831 1909 1885 1940 illa
1899 1907 1938 1940 ab
1959 1912 2100 1941 Innocen-

1209 1959 1250 1987 tio
1260 1955 1385 1988 laudata
1396 1966 1452 1987 non
1464 1955 1502 1996 est
1513 1957 1575 1989 alta
1587 1979 1598 1995 ,
1623 1967 1713 1999 quam
1723 1961 1855 1990 Ntcaena
1867 1981 1871 1986 .
1904 1956 2008 1990 Porro
2026 1957 2100 1991 istas

1212 2003 1384 2039 relationes
1395 2004 1612 2040 Innocentius
1632 2005 1742 2041 laudat
1754 2007 1854 2042 etiam
1880 2010 1915 2041 in
1928 2007 2047 2042 litteris
2059 2005 2101 2042 ad

1212 2055 1448 2089 Milevitanum
1461 2055 1654 2091 Concilium
1665 2082 1674 2092 .

1262 2105 1459 2147 Respondeo
1479 2105 1711 2140 Innocentium
1724 2107 1757 2140 in
1772 2105 1917 2141 adductis
1934 2108 2018 2144 locis
2030 2120 2102 2143 non

1214 2153 1255 2187 de
1268 2154 1342 2187 solis
1363 2153 1396 2187 in
1418 2154 1496 2189 fidei
1510 2158 1643 2190 materia
1669 2156 1883 2191 relationibus
1903 2170 2018 2203 agere,
2047 2157 2104 2193 sed

1213 2203 1313 2237 etiam
1335 2204 1376 2238 de
1389 2204 1601 2240 relationibus
1624 2207 1661 2240 in
1684 2207 1819 2242 materia
1840 2209 2036 2252 disciplinae.
2063 2207 2104 2242 In

1197 2239 1201 2273 ¹
1215 2253 1385 2297 Rescripto
1399 2253 1439 2288 ad
1451 2254 1684 2290 Milevitanam
1697 2256 1870 2299 Synodum
1882 2258 1923 2292 de
1935 2259 2009 2293 solis
2020 2259 2106 2302 prio-

1214 2302 1317 2343 ribus,
1345 2303 1380 2336 in
1392 2303 1508 2339 litteris
1520 2303 1560 2339 ad
1575 2306 1770 2340 Vistricium
1784 2308 1853 2351 agit
1865 2307 1907 2342 de
1926 2308 2082 2343 ambabus
2093 2333 2103 2343 .

1216 2352 1298 2398 Agit
1309 2353 1399 2388 enim
1410 2354 1451 2388 de
1460 2354 1833 2390 relationibusomnium
1847 2357 2008 2401 majorum
2029 2369 2106 2393 cau-

1218 2404 1320 2437 sarum
1335 2426 1345 2442 ,
1371 2414 1440 2447 quae
1462 2406 1496 2439 &
1520 2406 1606 2440 circa
1633 2405 1733 2440 fidem
1762 2408 1877 2441 versari
1906 2407 2024 2452 possint
2034 2433 2045 2449 ‚
2070 2409 2106 2443 δε

1216 2453 1303 2487 circa
1314 2453 1519 2496 disciplinam
1531 2479 1538 2487 .
1565 2454 1669 2488 Porro
1679 2456 1719 2489 de
1726 2456 1884 2490 ambabus
1892 2458 2106 2493 relationibus

1214 2501 1408 2537 Sardicenfis
1420 2501 1535 2537 diserte
1558 2513 1595 2538 ac
1610 2505 1775 2548 expresse,
1800 2505 1938 2541 Nicaena
1949 2508 2105 2551 Synodus

1215 2564 1282 2588 non
1298 2552 1357 2587 nisi
1382 2552 1540 2596 implicite
1560 2554 1663 2589 sancit
1675 2564 1730 2599 per
1749 2557 1916 2599 generales
1926 2559 2104 2592 terminos.

1215 2603 1277 2638 Per
1288 2602 1353 2637 haec
1377 2603 1472 2638 verba
1494 2603 1573 2638 sexti
1588 2604 1756 2639 Canonis:
1781 2607 1850 2639 suts
1871 2609 2037 2651 privilegia
2041 2607 2107 2651 ser-

1213 2662 1324 2687 ventur
1336 2652 1470 2695 E'ccleffls
1486 2678 1494 2686 .
1523 2652 1571 2688 At
1583 2654 1658 2688 vero
1672 2654 1861 2690 Sardicenfis
1876 2658 2030 2700 Synodus
2048 2657 2106 2692 ha-

1214 2703 1269 2738 bet
1282 2703 1316 2737 in
1328 2704 1426 2738 tertio
1439 2702 1599 2739 Canone:
1625 2704 1780 2739 scribatur
1787 2705 1826 2739 ab
1841 2705 1906 2748 bis,
1921 2713 1972 2750 qut
1983 2706 2103 2751 causam

1212 2758 1463 2789 examinaverunt
1474 2778 1486 2795 ,
1501 2758 1535 2800 J
1537 2756 1596 2788 ulio
1606 2758 1739 2789 Romam
1750 2755 1911 2800 Episcopo.
1943 2758 1986 2792 Et
2010 2760 2045 2792 in
2060 2769 2105 2792 re·

1214 2804 1336 2839 latione
1347 2803 1387 2839 ad
1401 2804 1543 2840 eundem
1555 2805 1750 2841 Pontificem
1764 2819 1771 2838 :
1800 2812 1860 2841 Hoc
1869 2816 1974 2850 aptum
1993 2811 2026 2842 Ca·
2037 2809 2105 2843 val·

1211 2856 1248 2888 de
1258 2856 1535 2898 congruentiffimum
1547 2856 1599 2900 effe
1612 2855 1766 2890 videbitur
1778 2883 1788 2897 ,
1795 2856 1826 2899 fi
1832 2860 1877 2891 ad
1886 2863 1986 2900 Caput
1998 2883 2008 2899 ,
2021 2857 2105 2899 idest,

1212 2906 1255 2938 ad
1270 2908 1355 2938 Petri
1367 2904 1487 2947 Apostoli
1509 2908 1611 2940 Sedem
1622 2930 1633 2946 ‚
1658 2906 1696 2939 de
1718 2905 1842 2950 fingults
1855 2906 2019 2950 quibusque
2031 2910 2104 2941 Pro-

1212 2960 1320 2989 vinciis
1336 2958 1456 2989 Domtm·
1467 2955 1601 2998 referant
1615 2958 1782 2990 Sacerdotes
1794 2981 1801 2988 .
1815 2956 1968 2991 Laudant
1980 2969 2103 2993 utram-

1212 3016 1275 3049 que
1296 3004 1463 3040 relationis
1473 3007 1622 3049 speciem.
1650 3007 1762 3053 Quare
1773 3007 2039 3050 synodus‚quam
2052 3007 2104 3042 In·

1213 3056 1383 3090 nocentius
1393 3054 1502 3090 laudat
1515 3082 1526 3098 ,
1539 3057 1584 3090 est
1596 3053 1739 3090 omnino
1748 3056 1942 3092 Sardicensis
1954 3082 1962 3091 .
1975 3058 2019 3092 Et
2033 3057 2101 3093 haec

1214 3105 1356 3140 involvit
1382 3105 1552 3140 Nicaenam
1568 3131 1576 3138 .
1601 3106 1645 3140 Et
1676 3115 1810 3150 utraque
1833 3107 1988 3142 stabilivit
2010 3106 2101 3152 Apo·

1213 3155 1364 3191 stolicum
1386 3155 1581 3196 Canonern‚
1606 3167 1644 3189 ac
1662 3155 1783 3191 avitam
1797 3157 1948 3193 Ecclefiae
1963 3160 2097 3192 consue·

1215 3205 1366 3241 tudinem
1385 3231 1393 3238 .
1422 3204 1528 3240 Porro
1550 3205 1630 3240 alibi
1653 3205 1820 3241 Dominus
1842 3206 2100 3251 Archi-Episco-

1216 3267 1322 3300 pusex
1332 3254 1518 3290 Hincmaro
1530 3255 1707 3291 Rhemensi
1722 3256 1803 3291 rene
1815 3257 1896 3293 dicit
1919 3259 1961 3292 ab
1975 3258 2037 3293 isto
2048 3258 2100 3291 In-

1216 3307 1362 3342 nocentii
1373 3305 1514 3341 Decreto
1536 3306 1571 3340 δε
1582 3305 1753 3343 Nicaenam
1765 3307 1890 3345 laudari
1901 3308 2072 3352 Synodum
2082 3330 2095 3347 ‚

1216 3357 1250 3392 δι
1262 3355 1480 3392 Sardicensem
1492 3381 1500 3388 .

1266 3407 1434 3443 Dominus
1447 3404 1749 3492 Archi-Episcopus
1770 3407 1803 3443 in
1829 3409 1973 3454 sequenti
1992 3404 2099 3489 fcfiipite

1971 3466 1988 3490 a
2027 3465 2051 3491 t·
