2326 3718
352 148 451 197 ¹64

291 241 293 243 ·
331 219 520 258 Eorundem
528 219 757 257 Montenfium
767 221 1003 268 Episcoporum
1013 222 1162 259 meminit

279 271 314 305 in
334 271 478 305 secundo
497 270 585 306 libro
594 282 708 307 contra
729 273 854 313 litteras
864 273 1038 308 Petiliani.
1068 273 1162 307 Affir—

278 332 346 356 mat
356 333 394 354 ac
405 321 606 358 demonstrat
617 333 725 358 veram
738 323 916 358 Ecclefiam
927 323 1044 358 debere
1057 324 1119 358 esse
1128 323 1161 356 in
1171 333 1172 336 ¹

97 373 172 413 Cap.
191 380 254 412 108.
276 370 435 406 omnibus
456 372 515 407 sub
534 373 620 407 coelo
643 372 817 418 gentibus,
842 372 1061 420 &adjungit:
1090 378 1163 406 Non

85 765 168 805 Cap-⁸
183 773 228 802 ις,

81 956 157 996 Cap·-
177 967 220 998 ir·

72 1296 147 1335 0³?ae
167 1306 183 1332 3
188 1307 214 1332 7·

69 1335 145 1374 ‘23st
164 1343 214 1374 163·

63 1647 140 1686 Cam
156 1655 210 1694 ,⁵5-

272 419 313 459 est
326 432 392 465 ergo
412 428 445 455 itt
461 421 527 466 sola
539 422 642 464 Africa
654 424 743 463 3⁴³vel
759 421 830 465 solis
843 421 929 463 Afris
945 447 956 464 ‚
984 422 1162 467 Episcopum

273 473 398 504 Romam
405 479 514 514 paucis
527 471 723 514 Montenstbus
735 495 747 514 ,
773 473 807 505 ἐν
818 477 851 504 in
865 472 1043 517 Hispaniam
1064 475 1162 508 domui

271 527 358 557 unius
372 524 504 557 mulieris
515 535 552 557 ex
565 524 667 565 Africa
678 521 869 555 mittentibus
882 547 888 559 ,
919 523 962 555 Et
975 523 1009 556 in
1023 523 1108 556 libro
1121 524 1161 557 de

270 572 398 607 unitate
408 573 556 608 Ecclefiae
569 587 580 606 :
606 574 637 604 5i
647 574 745 605 sacrae
756 573 920 613 Scripturae
939 578 972 604 in
985 572 1092 614 Africa
1097 571 1162 615 sola

269 621 499 666 defignaverum
511 620 666 663 Ecclefiam
676 645 687 661 ‚
716 623 750 654 Θ·
762 626 795 653 in
802 622 910 663 paucis
923 625 1026 655 Romae
1037 626 1159 665 Rupita-

270 678 323 705 m‘s
345 675 380 707 (τ
391 670 585 714 Montenfibus
594 695 606 712 ,
632 673 666 705 (ri
676 676 709 704 in
730 672 814 704 doino
823 672 876 705 vel
879 677 1060 714 patrimonio
1069 679 1158 707 unius

266 721 414 765 Hispanae
422 725 554 756 mulieris
565 747 577 763 ,
603 732 662 755 non
672 728 774 755 tenent
788 725 818 754 E
821 721 949 764 cclefiam
960 747 972 763 ,
997 722 1054 765 nisi
1059 725 1157 759 Dona-

264 772 341 811 ttstae
351 797 358 804 .
387 773 431 806 Et
443 771 546 806 infra:
564 771 728 812 Donatistae
740 772 891 812 ostendant
902 774 953 816 effe
961 774 1156 815 pradictum,

263 826 380 856 caeteris
400 822 540 866 gentibus
562 825 583 857 ὰ
599 823 664 866 fide
686 822 796 863 Christi
812 823 1006 864 pereuntibus
1027 849 1038 864 ,
1062 823 1156 868 solam

262 870 400 913 Africam
420 871 627 916 remansuram
648 898 659 915 ,
688 875 722 907 (⁰5
747 884 924 916 quocumque
950 873 1093 917 Episcopi
1116 887 1153 909 ex

263 921 369 964 Africa
380 928 569 958 mitterentur
580 949 588 957 .
612 923 656 957 Et
668 922 787 957 iterum
801 936 812 956 s
838 927 874 955 N
875 923 910 965 isi
912 922 992 964 forte
1002 924 1054 958 hoc
1064 924 1155 966 restat

259 971 409 1007 bominum
418 973 551 1018 i'nsdmae.
562 999 573 1015 ,
599 982 632 1009 ut
653 974 757 1006 dicant
776 984 833 1006 non
854 985 894 1007 tec
919 974 981 1007 illis
993 975 1127 1016 Ecclefits
1142 1000 1153 1016 ,

259 1034 329 1065 quae
334 1023 482 1065 fundata
489 1023 562 1068 funt
566 1032 622 1066 per
632 1022 778 1065 apostolor
799 1035 828 1056 m
836 1023 953 1057 labores
964 1048 975 1064 ,
993 1026 1152 1067 adimpleri

254 1075 503 1115 pradicationem
523 1076 683 1117 Evangelii
702 1079 735 1105 in
754 1084 770 1107 o
798 1072 890 1116 ¹nibus
909 1074 1049 1117 gentibus
1060 1099 1072 1116 ‚
1094 1074 1155 1118 sed

258 1124 322 1156 illis
336 1125 535 1165 pereuntibus
546 1149 558 1165 ‚
585 1134 684 1158 earum
693 1130 918 1166 reparationem·
933 1137 972 1158 ex
986 1125 1087 1167 Africa
1090 1125 1151 1167 fu-

256 1180 358 1209 turam
373 1181 431 1216 per
444 1183 564 1216 partem
586 1177 699 1207 Donati
720 1197 732 1214 ,
757 1176 792 1208 Θ
815 1169 995 1215 restdua'rum
1012 1182 1150 1220 gentium

256 1223 489 1266 acquisitionem.
519 1225 564 1258 Et
577 1224 610 1257 in
624 1225 767 1265 secundo
780 1223 866 1258 libro
886 1235 1003 1259 contra
1018 1226 1149 1259 Cresco-

256 1274 372 1307 nium:
399 1277 524 1307 Romam
544 1286 581 1307 ex
594 1274 697 1315 Africa
718 1276 856 1306 ordinare
870 1279 978 1315 paucis
992 1274 1095 1314 vestris
1104 1274 1152 1317 so·

254 1322 325 1357 letis
339 1322 520 1366 Episcopum
530 1348 537 1356 .
567 1324 611 1357 Et
623 1325 662 1357 in.
673 1323 770 1358 tertio
780 1322 864 1356 libro
876 1336 887 1356 .-
916 1326 1041 1358 Partem
1052 1327 1149 1357 Dena-

254 1378 283 1406 ti
294 1375 386 1407 audes
393 1382 566 1415 praeponero
578 1373 761 1407 Catholicae
773 1372 924 1406 Ecclefiae
932 1397 942 1413 ,
953 1375 1055 1407 dicens
1067 1376 1150 1417 quod

254 1426 413 1466 &praeter
424 1423 559 1466 Africam
571 1422 661 1466 nescio
673 1435 742 1466 quos
752 1422 890 1458 babeatis
901 1447 911 1463 ,
941 1424 1049 1465 quibus
1060 1448 1073 1465 ,
1100 1435 1146 1458 ta-

253 1485 321 1508 men
332 1486 391 1507 non
413 1474 646 1516 apparentibus,
672 1485 711 1507 ex
732 1473 837 1515 Africa
859 1485 915 1506 vos
923 1473 980 1517 soli
1001 1481 1149 1508 remittere

253 1523 416 1567 Episcopes
429 1536 487 1558 non
498 1529 615 1567 negatis
626 1549 636 1564 ,
662 1535 758 1557 unum.
765 1532 819 1556 aut
828 1525 902 1557 duos
914 1547 924 1562 ‚
951 1532 1005 1558 aut
1027 1534 1062 1557 ut
1074 1526 1147 1557 mui-

250 1584 318 1608 mm
330 1583 392 1607 tres
403 1598 415 1614 ‚
428 1602 431 1606 .
442 1576 477 1608 (9·
486 1578 708 1617 argumentans
721 1578 974 1607 inaniter‘contra
985 1573 1148 1617 evidentis·

243 1623 352 1666 fimum
362 1628 544 1657 veritatem.
574 1622 618 1656 Et
630 1622 714 1656 infra
738 1622 847 1656 scribit
870 1623 1013 1658 Donatis
1025 1635 1147 1668 partem

249 1685 401 1709 remanere
411 1679 444 1706 in
458 1673 562 1715 Africa
572 1698 583 1713 ,
609 1681 663 1706 aut
682 1683 720 1705 ex
733 1672 836 1714 Africa
860 1679 892 1706 in
898 1679 1006 1714 paucis
1016 1675 1147 1708 latenti-

249 1725 307 1759 bus
317 1728 524 1767 peregrinari.
555 1723 599 1756 Et
611 1723 645 1755 in
660 1722 744 1755 libro
759 1722 800 1755 de
812 1721 931 1756 Haerefi
937 1722 994 1756 bus
1007 1736 1019 1756 .-
1046 1727 1147 1757 Dona-

248 1773 325 1815 tistae
335 1772 466 1806 haretici
476 1778 508 1805 in
520 1771 592 1805 Urbe
602 1774 697 1804 Roma
709 1770 876 1814 Montenscs
886 1782 1030 1806 vocantur
1041 1798 1053 1814 ,
1082 1780 1148 1816 qui-

249 1825 306 1859 bus
318 1823 386 1856 binc
392 1834 430 1856 ex
444 1822 547 1864 Africa
555 1821 651 1865 fhlent
664 1820 841 1864 Episcopum
852 1827 973 1857 mittere
985 1845 996 1861 ‚
1015 1833 1067 1857 aut
1077 1823 1147 1858 binc

248 1875 319 1911 illuc
330 1873 399 1916 Afri
410 1871 554 1916 Episcopi
561 1883 656 1907 eorum
663 1880 785 1916 pergere
797 1897 810 1915 ,
830 1871 946 1914 fifhrte
967 1873 1085 1908 ibicum
1094 1886 1146 1908 or-

248 1927 361 1963 dinare
369 1923 521 1966 placuisset
537 1948 546 1959 .

254 1995 259 2001 -
302 1975 395 2008 Hinc
406 1973 526 2007 iterum
540 1973 738 2009 addiscimus
755 1974 841 2009 varia
857 1998 865 2006 .
891 1972 1005 2009 Primo
1017 1999 1028 2016 ,
1056 1974 1146 2018 quod

245 2027 425 2061 Romanus
436 2024 664 2059 Montenfium
678 2025 859 2069 Episcopus
870 2025 981 2068 pamm
1007 2025 1042 2059 in
1059 2025 1146 2059 Afri-

246 2088 287 2112 ca
300 2101 311 2118 ‚
339 2075 518 2119 aliquando
533 2076 651 2109 Romae
661 2076 761 2109 fuerit
771 2076 979 2110 consecratus
992 2099 999 2106 .
1013 2076 1144 2117 Semper

248 2136 359 2162 tamen
370 2125 411 2159 ab
425 2125 515 2159 Afris
524 2150 534 2160 .
561 2123 714 2159 Secundo
727 2148 738 2164 ,
760 2123 850 2168 q'uod
861 2125 960 2160 etiarn
972 2124 1060 2168 apud
1071 2123 1146 2158 His-

246 2188 354 2221 panos
365 2175 550 2210 Donatistae
567 2173 742 2209 habuerint
767 2175 907 2209 ‘similem
920 2174 1119 2219 Episcopum
1135 2188 1145 2208 .-

247 2227 289 2261 In
306 2226 410 2267 domo
419 2237 456 2260 ac
469 2225 677 2260 patrimonio
691 2224 854 2268 opulenter
866 2225 1010 2259 mulieris
1025 2250 1032 2257 .
1045 2225 1146 2259 Nem-

247 2289 291 2321 pe
303 2277 460 2311 sceleratae
469 2275 606 2310 Lucilla:
618 2299 630 2315 ‚
655 2285 726 2318 quae
749 2276 854 2318 prima
876 2276 920 2309 est
937 2274 1145 2308 Cecilianum

249 2327 452 2362 calumniata
464 2349 476 2365 ,
486 2326 520 2359 δε
534 2326 596 2358 fuit
608 2325 694 2358 inter
711 2324 864 2358 authores
875 2323 971 2367 hujus
986 2323 1145 2358 Schisma-

252 2378 296 2410 tis
308 2399 315 2408 .
343 2375 413 2419 Ipsa
425 2375 551 2408 videtur
562 2374 597 2408 in
609 2373 781 2409 calumniae
802 2374 969 2417 praemium
990 2374 1146 2418 accepisse

252 2427 455 2470 Episcopum
469 2449 480 2465 ‚
506 2435 604 2466 atque
615 2424 661 2457 ita
673 2421 831 2458 habitasse
850 2424 886 2457 in
896 2424 1060 2467 Hispania
1074 2448 1085 2464 ,
1111 2423 1144 2457 ὅ(

251 2478 290 2514 in
311 2475 450 2515 Africa,
478 2474 557 2508 dum
579 2473 791 2513 Cecilianum
815 2473 934 2510 invasit
958 2484 1013 2518 per
1024 2473 1144 2508 calum-

253 2527 326 2561 nias
348 2549 358 2565 ,
384 2525 428 2559 ob
450 2526 522 2558 suas
547 2522 753 2566 poffeffiones
780 2523 951 2558 dumtaxat
977 2523 1144 2569 peregrina

253 2576 370 2611 haefiffe
380 2601 387 2608 .
417 2576 470 2610 Ex
483 2574 543 2608 hac
563 2574 714 2615 scelerata
727 2573 1000 2619 Para-synagoga
1015 2575 1146 2608 videtur

253 2625 408 2671 prodiisse
429 2625 665 2660 Parmenianus
676 2649 687 2665 ‚
714 2623 828 2658 tertius
851 2625 884 2657 in
908 2623 972 2658 hoc
986 2622 1149 2658 schisma,

255 2688 290 2711 te
302 2675 600 2719 Archi-Episcopus
610 2671 892 2718 Carthaginenfis‚
922 2673 1055 2708 Etenim
1069 2675 1146 2708 San-

257 2729 326 2761 etus
338 2728 482 2770 Optatus
493 2726 632 2759 affirmat
654 2723 747 2758 fuisse
759 2724 951 2767 Hispanum
964 2748 971 2755 .
999 2722 1056 2756 An
1072 2735 1146 2767 prae-

257 2788 308 2811 ter
327 2775 389 2810 hos
399 2776 482 2810 duos
500 2785 589 2810 extra
603 2774 749 2809 Africam
765 2773 945 2817 Episcopos
964 2773 1147 2808 Donatistae

257 2825 433 2861 habuerint
462 2826 595 2860 tertium
609 2848 620 2865 ,
646 2826 679 2859 &
702 2826 736 2858 in
758 2835 825 2868 quo
849 2824 926 2859 loco
952 2821 1146 2865 habuerint,

260 2877 420 2921 quoniam
432 2878 566 2911 sanstus
579 2874 787 2920 Augustinus
809 2885 879 2909 non
899 2874 1026 2915 edixit,
1053 2874 1147 2919 igno-

259 2939 383 2962 ramus.
412 2926 618 2972 Augustinus
628 2925 712 2959 reete
720 2924 801 2960 dicit
822 2925 959 2960 istorum
971 2925 1147 2968 Episcopo-

258 2988 333 3011 rum
346 2977 596 3018 subditossuiffe
608 2975 851 3021 peregrinantes
863 3000 874 3015 ,
898 2975 1036 3010 latentes
1049 2998 1060 3015 ,
1076 2986 1146 3008 non

261 3037 452 3070 apparentes·
465 3051 472 3058 .
498 3026 664 3062 Latebaut
678 3026 775 3061 'enim
798 3026 834 3060 in
859 3025 1013 3060 Romana
1043 3036 1121 3069 rupe
1135 3049 1146 3068 ,

264 3086 322 3110 aut
335 3076 418 3113 intra
433 3075 568 3110 domum
579 3076 716 3112 Lucillae
730 3102 740 3110 ,
765 3075 809 3111 Et
820 3076 920 3119 major
937 3076 1045 3120 portio
1054 3084 1146 3109 erant

264 3126 427 3169 peregrini
441 3126 531 3159 Afri.
561 3128 648 3161 lnter
667 3126 823 3170 palmaria
836 3125 1017 3161 Catholicae
1038 3124 1146 3159 Eccle-

264 3177 314 3216 fiae
332 3184 446 3209 contra
458 3175 535 3209 istos
546 3175 717 3211 Turbines
736 3187 928 3222 argumenta
939 3187 1006 3211 erat
1019 3200 1031 3217 ‚
1055 3175 1144 3219 quod

265 3236 338 3259 vera
360 3224 637 3261 ChrissiDomini
663 3225 829 3261 haerediras
854 3239 924 3262 non
946 3228 981 3262 in
994 3225 1145 3259 solaeffet

266 3275 381 3317 Africa
393 3298 405 3314 ‚
431 3273 484 3307 sed
498 3275 552 3316 per
562 3286 679 3309 omnes
696 3276 754 3310 sub
767 3277 853 3311 coelo
863 3288 995 3322 gentes,
1005 3275 1145 3318 ideoque

266 3324 356 3370 quod
378 3325 476 3357 effent
499 3323 647 3357 Ecclefiae
673 3326 758 3368 apud
772 3327 965 3362 Donatistas
975 3351 986 3367 ,
1012 3325 1058 3358 nti
1070 3326 1144 3359 sunt

266 3375 332 3409 favi
355 3374 441 3418 apud
464 3374 572 3416 vespas
586 3397 593 3404 .
621 3372 703 3406 Item
726 3376 815 3416 quod
829 3376 886 3410 ista
897 3375 1063 3411 haereditas
1076 3387 1143 3410 non

268 3424 442 3468 subsisteret
462 3433 555 3459 extra
588 3422 740 3458 sanetum
769 3422 902 3460 Petrum
925 3425 1145 3472 Apostolum,
1202 3462 1204 3465 ,

798 136 884 186 De
921 137 1247 185 AFRICANAE
1297 130 1630 183 Eceteslsss·

1221 220 1352 265 eiusque
1367 222 1582 262 Succenorem
1594 227 1628 261 in
1643 226 1795 265 Romana
1804 229 1988 268 Cathedra.
2008 226 2104 268 Hinc

1224 271 1273 304 illi
1299 271 1486 308 studuerunt
1497 277 1585 311 suam
1600 278 1789 314 Fafflonem
1806 283 1982 317 extendere
2006 294 2102 318 extra

1224 320 1370 354 Africam
1381 346 1391 362 ,
1417 323 1451 357 ὃς
1463 325 1611 371 imperito
1624 329 1746 372 populo
1759 331 1889 365 suadere
1898 344 2012 368 omnes
2022 345 2101 378 gen-

1220 372 1407 406 testandem
1420 373 1630 414 Donatisticae
1645 378 1765 413 Africa:
1789 380 2014 424 acquirendas.
2043 385 2100 418 Et-

1221 421 1283 455 iam
1296 422 1390 456 almae
1402 422 1492 459 Urbi
1513 428 1719 464 obtruserunt
1743 429 1917 466 ridiculum
1935 433 2100 479 &imagi-

1221 472 1346 506 narium
1368 472 1587 520 Episcopum.
1615 478 1658 513 Et
1680 479 1799 514 exinde
1822 479 2019 516 blaterarunt
2030 484 2100 519 Ro-

1219 532 1349 556 manam
1364 521 1500 567 Se‘dem,
1525 527 1559 561 in
1583 540 1646 573 qua
1660 529 1788 565 sedebat
1807 541 1879 564 vera
1893 531 1999 565 Sancti
2009 532 2098 567 Petri

1218 572 1369 607 succeffio
1384 596 1394 612 ‚
1418 576 1481 609 este
1491 576 1687 613 Cathedram
1711 580 1900 623 pestilentiae
1912 605 1919 613 .
1945 581 2001 616 Sui
2014 581 2101 617 Idoli

1219 621 1270 656 Ru
1274 634 1346 666 pem
1358 623 1554 659 blaterarunt
1564 629 1626 661 efle
1634 629 1832 665 Cathedram
1843 632 1989 665 veritatis
1999 656 2007 664 .
2038 632 2102 667 Ve-

1216 673 1287 706 rum
1310 674 1420 708 fabula
1442 675 1498 709 fibi
1521 676 1578 720 ipsi
1603 687 1671 711 non
1692 679 1837 716 cohaefit.
1868 682 2001 716 Etenim
2015 679 2100 716 istud

1216 723 1420 767 Rupitanum
1439 725 1583 760 Romani
1597 726 1750 772 Episcopi
1762 731 1892 766 idolum
1914 732 1971 766 fibi
1986 744 2051 766 non
2064 733 2102 766 fi-

1215 784 1331 808 xerunt
1346 776 1379 808 in
1393 786 1490 816 caput
1503 801 1514 816 ,
1540 777 1593 811 sed
1605 777 1812 814 collocarunt
1823 806 1833 822 ,
1861 781 1963 816 immo
1975 782 2101 826 dejece-

1214 834 1290 858 runt
1314 826 1398 859 inter
1423 825 1584 860 Primates
1607 827 1734 863 suarum
1753 828 2000 867 provinciarum
2022 857 2030 864 .
2059 833 2098 866 ln

1213 872 1465 919 Carthaginensi
1498 876 1678 912 collatione
1704 879 1848 922 primum
1877 881 2074 925 Ianuariano
2085 906 2097 922 ‚

1215 923 1388 959 secundum
1400 925 1583 968 Primiano,
1595 929 1727 963 tertium
1742 931 1853 965 locum
1865 931 2022 966 dederunt
2031 932 2100 966 Fe·-

1213 974 1268 1008 lici
1280 975 1439 1009 Romano
1452 976 1617 1020 Episcopo
1628 1003 1636 1011 .
1665 979 1751 1013 Eum
1764 992 1931 1023 aequarunt
1946 981 2100 1016 primati-

1214 1025 1270 1058 bus
1281 1023 1451 1059 Numidiae
1461 1050 1472 1067 ,
1493 1026 1527 1060 δε
1540 1027 1750 1063 Caesaraeenfis
1761 1030 1971 1065 Mauritaniae
1981 1056 1989 1063 .
2002 1032 2098 1065 Hinc

1213 1076 1246 1107 in
1266 1076 1363 1109 tertio
1385 1087 1502 1111 contra
1514 1077 1728 1113 Cresconium
1747 1079 1831 1114 libro
1843 1082 1973 1115 Sanctus
1984 1080 2100 1126 Augu-

1213 1125 1313 1158 stinus
1326 1126 1410 1159 inter
1421 1138 1534 1161 caetera
1548 1151 1558 1168 ,
1586 1139 1656 1171 quae
1679 1129 1789 1164 scribit
1809 1129 1980 1165 adversum
1992 1133 2101 1175 Syno-

1211 1174 1298 1208 dales
1307 1173 1622 1218 Philippo-Politani
1633 1178 1869 1214 Conventiculi
1883 1182 2021 1222 litteras,
2032 1181 2098 1216 haec

1211 1223 1361 1270 adjungit
1373 1238 1384 1257 .·
1411 1227 1505 1267 ,Quod
1514 1224 1582 1259 hinc
1592 1230 1726 1261 maxime?
1733 1229 1874 1262 credibile
1886 1230 1923 1268 est
1932 1255 1943 1270 ‚
1969 1233 2048 1272 quod
2056 1232 2100 1264 ad

1211 1273 1483 1319 Carthaginensem
1506 1275 1703 1319 Episcopum,
1738 1281 1871 1310 Romano
1885 1280 2101 1323 praetermiff03
2123 1278 2279 1316 CssPUt34-

1212 1335 1364 1366 nunquam
1391 1327 1553 1358 Orientalis
1564 1344 1569 1347 .
1580 1325 1704 1367 Ecclesia
1726 1325 1866 1370 scriberet
1881 1352 1888 1360 .
1918 1329 1974 1361 Ubi
1990 1327 2102 1372 saltem

1212 1373 1306 1413 vester
1320 1372 1417 1417 scribi
1437 1375 1540 1409 debuit
1552 1400 1562 1416 ,
1590 1388 1677 1419 quem
1686 1375 1786 1419 soletis
1792 1385 1896 1420 paucis
1914 1378 2020 1424 vestris
2032 1385 2104 1412 mie-

1211 1433 1270 1457 tere
1279 1436 1316 1457 ex
1329 1424 1434 1465 Africa
1447 1449 1455 1456 .
1481 1425 1629 1469 Epistola
1641 1425 1700 1460 ista
1713 1426 1810 1462 habet
1822 1427 1909 1463 hanc
1921 1425 2102 1472 inscriptio-

1211 1483 1285 1506 nem
1297 1485 1303 1504 :
1332 1477 1470 1517 Gregorio
1481 1476 1675 1509 Alexandria·
1687 1501 1698 1516 ,
1725 1477 1881 1519 Amphioni
1893 1480 2079 1512 Nicomedia·
2088 1502 2103 1520 ,

1212 1525 1329 1556 Donato
1341 1523 1540 1566 Carthaginis
1551 1523 1715 1568 Episcopo,
1741 1528 1799 1561 (σε.
1829 1529 1881 1561 Ex
1897 1528 1962 1570 ipsa
1983 1528 2103 1574 Augu-⁷

1209 1571 1308 1606 stinus
1319 1573 1491 1607 concludit
1509 1575 1679 1618 epistolam
1695 1588 1762 1611 non
1774 1579 1837 1612 effe
1848 1577 1888 1611 ab
1899 1577 2100 1616 Orthodoxa

1208 1623 1346 1665 Synodo
1360 1648 1370 1663 ,
1398 1623 1452 1658 sed
1467 1623 1509 1658 ab
1523 1625 1647 1660 Ariana
1661 1650 1668 1657 .
1695 1628 1785 1677 Qia
1802 1638 1920 1672 nempe
1931 1629 2102 1663 orthodo-

1207 1684 1248 1706 xa
1259 1697 1269 1713 ,
1297 1673 1376 1707 dum
1388 1674 1429 1707 ad
1443 1684 1546 1708 totam
1562 1675 1741 1710 Ecclesiam
1758 1701 1769 1717 ‚
1794 1688 1851 1712 aut
1861 1678 1901 1712 ad
1913 1687 2022 1712 totum
2034 1681 2102 1713 Oc-

1206 1721 1374 1757 cidentem
1387 1723 1541 1758 scribebat
1551 1747 1561 1764 ‚
1584 1737 1754 1769 nunquam
1767 1729 2020 1770 praetermitteret
2031 1729 2103 1763 Ro-

1208 1784 1343 1807 manum
1364 1774 1561 1818 Episcopum
1588 1801 1600 1816 ,
1637 1776 1692 1810 sed
1718 1788 1852 1820 poneret
1880 1778 1987 1821 primo
2005 1778 2081 1812 loco
2092 1801 2104 1812 .

1208 1824 1251 1857 Et
1266 1822 1417 1868 adjungit
1439 1825 1508 1859 duo
1522 1850 1529 1856 .
1557 1824 1692 1866 Primo,
1720 1828 1810 1871 quod
1833 1828 1925 1862 istam
1939 1827 2103 1872 Praeroga-

1207 1874 1308 1907 tivam
1319 1874 1501 1909 Donatistae
1512 1875 1651 1909 debeant
1663 1878 1722 1910 suo
1741 1879 1841 1911 etiam
1858 1876 2016 1913 Romano
2028 1876 2103 1912 1d0·

1207 1924 1241 1958 lo
1252 1948 1259 1956 .
1290 1924 1443 1965 Deinde,
1470 1925 1561 1968 quod
1574 1925 1924 1970 Philippo-Politanus
1945 1929 2105 1963 Conven-

1207 1984 1258 2008 tus
1271 1972 1357 2007 istud
1379 1974 1605 2019 ignoraverit,
1633 1977 1776 2021 ideoque
1800 1978 2100 2022 &praetermiserit.

1205 2025 1300 2071 Qin
1316 2024 1376 2058 ista
1392 2025 1541 2069 Epistola
1552 2026 1693 2061 Donato
1707 2027 1836 2072 Magno
1852 2029 1949 2062 fuerit
1961 2029 2079 2063 tradita
2090 2051 2104 2067 „

1207 2075 1284 2108 lecta
1298 2085 1353 2117 per
1366 2075 1471 2118 ipsum
1485 2076 1728 2120 diligentissime
1743 2102 1753 2117 ,
1765 2089 1802 2112 ac
1819 2079 1999 2120 intellecta,
2030 2090 2101 2113 non

1205 2124 1251 2157 est
1263 2123 1485 2158 dubitandum
1499 2150 1506 2158 .
1535 2125 1641 2160 Porro
1655 2127 1711 2162 illa
1723 2128 1842 2163 evertit
1857 2129 2111 2174 Evangelicunv

1208 2174 1316 2208 Roma
1323 2186 1368 2207 nae
1379 2175 1524 2209 Ecclesiae
1537 2175 1722 2212 Primatum
1734 2191 1745 2211 .·
1755 2177 1992 2223 Evangelicam
2005 2178 2103 2213 Chri-

1208 2224 1380 2258 stianitatis
1395 2224 1630 2259 Monarchiam
1652 2229 1868 2260 transmutare
1882 2230 1987 2262 ssudet
2000 2229 2033 2261 in
2048 2240 2102 2270 pa·

1207 2285 1273 2307 tem
1288 2274 1388 2306 trium
1402 2274 1663 2307 patriarcharum
1677 2276 1948 2310 Axino-Gratiam
1961 2301 1972 2316 ,
1993 2277 2102 2319 ponit-

1207 2334 1270 2367 que
1293 2323 1508 2371 fundamenta
1532 2322 1690 2358 Photiatri
1714 2324 1906 2360 schismatis
1918 2352 1925 2359 .
1956 2327 2008 2359 Ex
2032 2326 2101 2370 ipsa.

1208 2371 1288 2418 ergo
1301 2372 1454 2407 Donatus
1473 2373 1591 2408 didicit
1603 2374 1791 2408 Romanam
1805 2374 2007 2409 Cathedram
2020 2377 2103 2418 sper·

1179 2448 1181 2451 -
1209 2433 1306 2463 nere,
1322 2434 1360 2456 ac
1371 2422 1516 2467 redigere
1528 2424 1562 2457 in
1575 2424 1726 2458 ordinem
1742 2438 1753 2457 .-
1780 2425 1905 2459 Locare
1916 2428 2002 2460 inter
2010 2426 2101 2459 Afri-

1208 2484 1306 2507 canos
1318 2471 1476 2506 primates
1488 2498 1496 2506 .
1523 2473 1567 2506 Et
1579 2474 1713 2516 quidem
1728 2474 1846 2509 didicit
1865 2486 1940 2510 cum
1953 2477 2078 2510 foenore
2088 2500 2100 2509 .

1210 2524 1343 2557 Etenim
1357 2522 1548 2557 Eusebiana·
1568 2524 1682 2559 Fat‘iio
1707 2525 1866 2560 Romano
1880 2527 2044 2570 Episcopo
2056 2537 2100 2560 re·

1209 2574 1346 2607 servavit
1370 2572 1509 2616 primurn
1535 2574 1668 2608 locum:
1697 2575 1738 2608 Ei
1757 2574 1873 2608 abnuit
1889 2576 1991 2609 solam
2005 2576 2098 2619 supra

1208 2624 1292 2658 alios
1303 2622 1506 2657 Patriarchas
1531 2635 1569 2657 ac
1594 2624 1737 2666 ipsorum
1752 2623 1906 2668 Synodos
1916 2627 2101 2669 supremam

1209 2674 1400 2717 potestatem
1421 2698 1429 2705 .
1457 2672 1522 2714 Pro
1544 2675 1664 2708 Sancto
1685 2673 1868 2710 Athanasio
1889 2687 1926 2709 ac
1948 2676 2022 2710 aliis
2042 2686 2100 2720 per

1210 2725 1237 2756 F
1239 2721 1573 2758 astionemdamnatis
1585 2725 1838 2768 Episcopisdata
1849 2724 1868 2758 a
1878 2726 1996 2760 Sanao
2007 2726 2098 2768 Julio

1210 2774 1377 2808 Pontifice
1389 2774 1551 2808 sententia
1563 2774 1653 2808 Phili
1657 2774 1930 2818 ppo-politanum
1941 2776 2097 2809 Conven-

1211 2833 1282 2858 tum
1295 2847 1306 2864 ,
1333 2823 1484 2858 adversus
1496 2824 1670 2859 Donatum
1682 2825 1716 2858 in
1728 2824 1947 2868 Cafis·Nigris
1958 2825 2020 2868 Epi
2027 2826 2097 2861 sco-

1211 2885 1288 2917 pum
1310 2885 1347 2907 ac
1370 2873 1436 2917 ejus
1449 2872 1594 2909 Affeclas
1615 2875 1726 2909 datum
1747 2874 1893 2908 asanno
1904 2873 2095 2909 Melchiade

1209 2922 1368 2967 judicium
1391 2923 1608 2959 inflammavit
1634 2925 1807 2958 Donatum
1839 2934 1997 2968 magnum
2016 2947 2026 2964 ,
2053 2936 2096 2959 ao

1210 2986 1325 3009 omnes
1347 2974 1567 3014 Donatistae,
1591 2974 1634 3008 ad
1655 2974 1702 3007 ita
1723 2973 1950 3008 insaniendum
1973 2976 2006 3008 in
2024 2976 2097 3009 Ro*-

1210 3036 1340 3060 rnanam
1353 3024 1550 3059 Ecclesiam.
1579 3024 1655 3057 Hac
1666 3023 1814 3059 inaudita
1835 3024 1970 3059 audacia
1989 3035 2096 3059 tenta-

1208 3085 1284 3110 runt
1306 3075 1340 3109 δε
1352 3077 1515 3118 sperarunt
1524 3073 1592 3116 ejus
1600 3073 1715 3118 jugum
1727 3082 1878 3110 excutere
1889 3100 1901 3117 ‚
1913 3095 1915 3097 ·
1925 3075 1994 3120 ejus
2010 3074 2097 3120 31463·Ι

1209 3127 1259 3162 cia
1271 3125 1423 3171 deinceps
1439 3133 1509 3161 non
1518 3122 1632 3160 timer-e
1643 3147 1650 3159 .
2085 3132 2096 3163 ’Ἀ

1532 3274 1566 3371 §3422

1765 3436 1767 3439 ,
1732 3277 1767 3378 ἴίῆ-ῗδ

1956 3472 2044 3512 CA-.
