2326 3718
661 131 945 177 Romzxms
978 131 1563 173 APPELLATIONIBUS.

200 223 268 257 hinc
279 222 430 256 venientes
439 218 623 261 nonfaciiins
635 220 782 253 admittas
794 244 804 260 ,
831 229 881 252 nec
892 220 911 250 ἁ
922 217 1005 252 nobis
1027 228 1075 251 ex·
1093 229 1099 241 ·

200 277 419 306 communicatos
442 275 474 302 in
494 275 719 304 communionem
731 271 810 303 ultra
821 270 918 302 velitis
930 272 1057 310 excipere
1068 291 1076 300 .
1093 256 1099 350 ἰ

202 325 284 366 ,Quia
305 320 356 353 boc
378 326 468 353 etiam
489 325 615 354 Nicaeno
634 320 762 355 concillo
780 319 934 360 definitum
951 344 962 359 ‚
981 316 1076 360 facile

199 373 337 405 advertet
348 369 564 404 Venerabilitas
575 380 628 404 tua
641 394 648 402 .
674 373 760 402 Nam
771 368 824 409 etfi
832 371 868 402 de
888 367 1075 411 inferioribus

199 420 322 454 clericis
342 420 394 453 vel
414 424 514 453 Laicis
537 422 656 455 videtur
681 418 722 451 ibt
740 424 909 461 praecaveri
926 444 936 460 ‚
966 419 1077 460 quanto

199 475 295 514 magis
318 469 369 504 boc
391 471 430 503 de
450 467 605 513 Episcopis
627 469 721 503 voluit
739 467 909 511 observari,
936 472 1010 501 nein
1020 466 1076 509 sua

150 535 152 537 ·
200 523 365 555 Provincia
387 526 582 554 communione
588 517 722 562 suspensi
728 544 739 560 ‚
764 521 783 551 ὰ
796 529 846 552 tua
858 517 1020 552 SanHitate
1029 518 1081 549 vel

195 569 357 612 festinato,
383 571 432 603 vel
445 570 632 612 praepropere?
653 594 664 610 ‚
691 570 744 603 vel
766 569 898 603 indebite*
919 569 1080 602 videantur

203 625 395 654 communioni
417 619 546 659 restitui·
574 619 808 659 Presbyterorum
834 620 964 661 quoque‘,
987 618 1022 650 δ’
1036 613 1081 658 se-

202 675 350 713 quentium
371 670 549 704 clericorum
569 669 701 710 improba
720 669 834 712 refugia
858 692 870 709 ‚
904 676 961 702 scut
984 675 1014 699 te
1040 666 1084 697 di·

199 732 294 764 gnum
302 719 359 760 est,
385 718 509 760 repellat
519 720 669 752 sane‘litas
680 727 752 752 tua:
781 721 866 762 ,Quia
887 719 920 751 <ff
933 717 1014 749 nulla
1024 717 1081 747 Pa·

204 780 285 807 trum
295 771 459 813 definitione
469 768 519 802 boc
531 769 663 811 Ecclefiae
673 770 845 812 derogatum
857 766 893 806 est
906 766 1059 809 Africaenae
1072 788 1083 805 ‚

203 821 239 853 (τ
262 822 388 853 Decreta
410 823 540 852 Nicaena
557 819 623 861 five
645 819 798 861 inferioris
813 818 928 862 gradus
939 817 1084 854 clericos,

199 868 260 910 five
283 867 358 912 ipfhs
378 867 540 912 Episcopos
557 868 622 912 suis
644 869 882 911 Metropolitum!
914 866 1085 908 apertiffime

206 918 428 964 commisesunt.
458 920 675 959 Prudentifflmti
694 923 792 957 enim,
813 917 1013 959 justifflmbque
1021 923 1084 955 pro·

206 970 348 1002 viderunt
370 970 556 1010 quaecumque³
576 973 693 1011 negotia
712 972 744 999 in
764 965 829 1008 fiiis
840 967 909 998 locis
923 989 934 1004 ‚
959 963 1009 997 ubi
1022 971 1087 995 orta

203 1017 275 1061 sunt
287 1042 300 1058 ‚
320 1019 459 1061 finienda
471 1029 484 1049 ι
508 1021 575 1050 Nec
597 1018 750 1057 unicuique
771 1018 939 1048 Provincia
955 1020 1089 1057 gratiam

206 1070 332 1109 Spiritus
344 1067 444 1099 Sane‘li
453 1066 624 1105 definieram
636 1088 647 1104 ‚
672 1070 870 1107 qua-aequitas
883 1065 903 1095 ἃ
915 1061 1024 1104 Christi
1038 1064 1089 1094 Sa-

205 1115 368 1151 cerdotibus
391 1116 426 1153 ᾧ*
441 1115 604 1156 prudenter
630 1116 790 1153 videatur,
818 1115 852 1148 Θ
875 1112 1090 1153 constantffme

204 1174 339 1200 teneatur
352 1188 360 1196 .
386 1166 522 1198 Maxime
543 1170 615 1207 quia
636 1169 792 1211 unicuique
812 1162 964 1206 conceffum
986 1162 1047 1203 est,
1066 1160 1096 1202 fi

199 1215 312 1256 judicio
332 1212 454 1257 offlnsus
471 1214 569 1256 fuerit
589 1218 802 1258 Cognitorum,
826 1215 870 1247 ad
888 1214 1021 1246 concilia
1029 1211 1092 1254 ficae

207 1267 377 1298 Provinciae
389 1288 399 1305 ‚
409 1264 462 1297 'vel
470 1270 559 1297 etiam
570 1263 739 1307 universale
754 1271 927 1305 provocare.
955 1260 1092 1302 Nififbr-

207 1316 238 1351 τὲ
261 1312 416 1356 quisquam
436 1312 495 1354 est,
521 1320 573 1357 qui
592 1316 694 1348 credat
716 1313 888 1347 unicuilibet
911 1313 984 1356 poffe
997 1315 1093 1344 Deum

205 1363 335 1404 nostrum
353 1369 504 1398 examinis
517 1363 664 1407 inspirare
666 1363 843 1408 Justitiam,
869 1363 902 1395 &
924 1368 1095 1395 innumera-

205 1412 312 1448 bilibus
322 1419 502 1457 congregatis
513 1418 547 1446 in
559 1414 722 1448 Concilium
744 1412 948 1446 Sacerdotibus
972 1412 1095 1454 denega-

207 1473 241 1497 re
260 1487 267 1495 .
295 1466 355 1496 Aut
381 1463 621 1507 quomodciipfhm
633 1462 876 1506 Transmarinum
880 1464 911 1505 J
912 1463 1040 1495 udicium
1050 1473 1097 1493 ra-

207 1521 274 1546 tum
294 1517 375 1554 erit„
401 1515 446 1547 ad
464 1515 543 1556 quod
563 1513 674 1554 testium
685 1513 848 1555 necessaria:
867 1510 999 1555 personae
1010 1536 1022 1552 ‚
1048 1511 1100 1544 vel

203 1570 329 1605 propter
347 1560 441 1604 sexus
457 1587 468 1603 ‚
494 1563 546 1598 vel
559 1571 682 1605 propter
688 1562 851 1606 senec‘lutis
870 1561 1075 1603 infirmitatem
1086 1583 1098 1600 ,

205 1614 312 1646 multis
336 1612 407 1645 aliis
430 1613 693 1647 intercurrentibus
719 1614 941 1654 impedimentis
955 1635 967 1652 ,
991 1612 1098 1644 adduci

206 1673 269 1697 mn
287 1669 429 1703 poterunt
441 1663 458 1693 ?
482 1666 569 1697 Nam
578 1664 717 1705 utaliqui
736 1665 828 1695 cituae
839 1661 1016 1695 sanificans
1040 1663 1100 1693 La·

204 1720 273 1747 tere
283 1715 446 1746 mittantur
457 1736 469 1752 ,
495 1713 579 1746 nulla
589 1718 758 1746 invenimus
772 1714 901 1746 Parrum
911 1709 1017 1750 synodo
1035 1721 1099 1742 con-

202 1761 339 1802 stitutum
353 1785 361 1793 .
389 1763 475 1805 ,Quia
497 1763 594 1804 illud,
618 1763 697 1805 quod
713 1763 834 1804 pridem
842 1770 899 1806 per
926 1757 1091 1802 Co-Episco

205 1819 281 1854 pum
301 1810 426 1852 nostrum
438 1811 610 1853 Faustinum
619 1836 631 1853 ,
657 1814 807 1855 tanquam
826 1819 961 1854 exparte
975 1814 1098 1846 Nicaeni

205 1862 335 1895 Conciti}
347 1885 358 1905 ‚
383 1857 581 1905 transmisistis
594 1886 605 1903 ,
630 1867 663 1895 in
676 1863 816 1895 conciliis
829 1861 995 1899 verioribus
1007 1885 1018 1901 ,
1042 1870 1101 1903 que

203 1916 399 1953 acemiuntur
418 1915 540 1945 Nieaeni
560 1935 572 1952 ,
597 1913 619 1944 ἃ
639 1911 747 1948 sanna
769 1913 875 1950 cyrillo
900 1908 1101 1952 &Epi-stopo

207 1961 303 2002 nostro
327 1962 541 1996 Alexandrina
562 1961 695 2003 Ecclest‘ae
706 1985 717 2003 ‚
744 1963 778 1997 (¹2¹
791 1963 812 1997 ci
830 1960 996 1995 venerabili
1006 1963 1102 1992 Attico

210 2010 532 2054 Constantinopolitano
557 2011 711 2053 Antistite,
738 2023 778 2047 ex
800 2011 970 2046 authentica
994 2010 1101 2050 miffis,

206 2072 280 2105 -qnae
290 2067 380 2094 etiam
389 2071 462 2098 ame,
473 2061 524 2096 boc
531 2069 587 2103 per
599 2064 798 2095 Innocentium
812 2061 1019 2098 Presbyterum
1031 2082 1042 2099 ,
1069 2061 1102 2092 Θ

213 2111 387 2143 Marcellum
398 2110 635 2144 Sub-Diaconum
645 2133 657 2151 ,
678 2118 817 2152 per-quos
828 2111 871 2142 ad
882 2121 935 2142 nos
945 2108 984 2141 ab
996 2113 1037 2142 eis
1058 2108 1104 2139 di-

208 2159 293 2195 ‘rec‘Ja
303 2157 373 2202 sunt
384 2183 395 2200 ,
419 2160 603 2194 venerabilis
615 2164 762 2194 memoria
774 2159 931 2201 Bonffacio
944 2156 1102 2200 Episcopo,

219 2209 516 2253 Predecefforivestro
527 2235 539 2251 ,
562 2210 677 2243 ‹inobis
687 2209 854 2253 transmtffa
868 2207 968 2256 sunt,
993 2213 1025 2241 in
1035 2212 1104 2250 qui·-

208 2258 267 2295 Ynes
280 2260 339 2292 tale
351 2260 471 2301 aliquid
479 2270 537 2291 non
544 2265 699 2300 potuimus
711 2264 836 2301 reperite
844 2283 852 2291 .

263 2306 387 2343 Infelix
407 2332 420 2349 ,
446 2309 541 2343 devia
564 2332 575 2348 ,
602 2320 640 2343 ac
665 2308 916 2354 praevaricatoria
946 2307 1101 2350 epistola.

214 2355 307 2395 Ante
325 2358 439 2392 omnia
468 2368 584 2402 rogat,
610 2368 647 2392 ut
668 2359 840 2394 Romanus
863 2357 1020 2393 Pontifex
1033 2356 1101 2390 nul-

211 2410 282 2443 lam
303 2405 455 2450 deinceps
474 2418 515 2441 ex
537 2407 651 2442 Africa
665 2409 918 2452 appel-lationem
931 2409 1099 2442 admittat:

214 2458 338 2501 Neque
360 2455 455 2492 Laici
472 2480 484 2497 ,
509 2468 615 2498 neque
635 2457 782 2497 Clerici,
809 2460 912 2501 neque
936 2461 1013 2491 irem
1027 2457 1101 2500 Epi-

212 2509 307 2552 scopi
321 2532 328 2539 .
357 2506 412 2541 Ut
433 2506 559 2542 nullum
584 2505 625 2540 ab
649 2506 806 2543 Africana
819 2507 960 2542 Ecclesia
971 2518 1104 2542 excom·

217 2557 420 2593 ‘munientum
433 2555 545 2592 reddat
573 2559 801 2593 communioni
818 2583 825 2592 .
852 2558 954 2601 idque
965 2559 1042 2600 quia
1058 2556 1102 2590 ita

216 2606 389 2645 [sancitura
402 2607 547 2642 Nicaenis
559 2607 753 2643 Canonibus
768 2634 774 2641 .
802 2609 948 2651 Epistola
967 2608 1103 2642 affirmat

214 2656 387 2707 ‘Romanas
398 2657 631 2702 appellationes
640 2658 722 2692 adeo
736 2670 803 2693 non
829 2659 948 2693 firmari
962 2669 1015 2702 per
1027 2658 1104 2692 istos

218 2709 395 2747 Canones,
408 2717 458 2746 1ut
478 2708 579 2742 etiam
595 2708 744 2752 Episopis
755 2720 809 2752 per
821 2708 897 2742 illos
912 2708 1105 2743 interdican-

216 2765 292 2793 tur.
319 2757 456 2795 Paratur
480 2758 633 2802 respicere
655 2760 806 2802 quintum
819 2759 991 2793 Canonem
1007 2783 1014 2790 .
1042 2759 1106 2792 Ve-

217 2808 359 2843 rumille
371 2806 513 2843 nimium
523 2808 690 2842 manifeste
712 2809 815 2843 sancit
826 2808 867 2843 de
886 2808 960 2843 solis
971 2809 1106 2843 Clericis

217 2857 448 2893 inferioribus:
477 2857 550 2892 Nec
574 2858 672 2893 video
698 2860 835 2899 fucum,
861 2870 928 2902 quo
949 2859 1108 2902 poffitex-

217 2906 316 2942 tendi
338 2907 380 2940 ad
393 2908 586 2951 episcopos.
613 2908 723 2956 Qare
733 2909 884 2944 existimo
897 2910 997 2945 A'fros
1008 2910 1104 2952 respe-

220 2956 303 2991 xisse
322 2956 419 2990 etiam
431 2958 474 2992 ad
485 2968 634 3001 quartum
648 2983 658 2999 ‚
684 2969 721 2994 ac
732 2960 904 3003 praesertim
928 2959 968 2994 ad
980 2961 1107 2993 sextum

219 3006 397 3044 (janonem
409 3030 420 3046 ,
445 3017 500 3049 per
517 3018 598 3051 quos
611 3008 836 3053 Metropolitis
847 3009 940 3043 datur
953 3021 1021 3043 non
1041 3020 1110 3043 mo-

223 3056 295 3090 dica
308 3055 448 3099 potestas
459 3055 491 3088 in
504 3057 650 3091 creandis
664 3059 848 3105 Episcopis.
873 3061 947 3094 Afri
958 3060 1107 3095 videntur

222 3106 326 3149 ipsam
348 3105 525 3139 extendisse
547 3106 587 3141 ad
606 3106 726 3149 judicia
740 3135 747 3142 .
775 3109 1015 3158 Qidquidfit,
1042 3111 1106 3154 epi-

223 3156 306 3190 stola
328 3155 530 3200 singulariter
541 3167 634 3200 rogat
646 3158 797 3203 deinceps
810 3171 875 3194 non
898 3159 1026 3194 admitti
1038 3172 1105 3204 pro-

226 3206 418 3241 vocationes
437 3204 704 3250 presbyterorum
716 3233 727 3250 ‚
751 3220 788 3245 ac
811 3211 949 3248 aliorum
962 3210 1105 3244 Clerico-

226 3267 308 3294 rum.
324 3256 410 3299 lpsas
423 3255 562 3298 appellat
573 3258 708 3299 Improba
716 3258 838 3303 refugia.
866 3259 994 3304 Nempe
1007 3262 1103 3295 vetita

227 3317 283 3348 per
294 3307 460 3350 antiquam
478 3305 641 3340 Africana:
656 3307 800 3342 Ecclefiae
815 3311 1102 3344 consuetudinem.

222 3354 429 3401 «Etadjungit
449 3355 500 3389 isti
528 3357 825 3401 consuetudiniper
835 3361 957 3394 nullam
971 3361 1103 3394 Parrum

228 3405 454 3439 definitionem
477 3407 538 3439 esse
549 3406 643 3440 velin
665 3407 805 3443 minimo
815 3408 1023 3455 derogatum·
1053 3411 1102 3444 Ex

329 3454 433 3498 Chris?r
446 3459 525 3500 Lupi
542 3460 638 3501 Opera
658 3460 784 3492 T.V111

1849 135 1946 186 267

1138 225 1206 258 quo
1229 214 1383 250 discimus
1394 215 1567 260 singulares
1585 217 1800 253 Ecclefiarum
1811 215 2019 252 consuetudi-

1141 276 1195 299 nes
1215 266 1302 309 posse
1322 265 1443 300 aboleri
1466 276 1520 308 per
1539 263 1699 309 generales
1719 267 1872 309 synodos
1893 279 1900 299 :
1929 264 2016 300 Istud

1129 326 1247 354 ‚tamen
1271 327 1338 353 non
1361 317 1482 351 censeri
1495 317 1637 355 fastum,
1665 317 1721 350 nisi
1732 316 1846 351 diserte
1864 317 2020 361 exprima-

1140 375 1191 399 tur
1204 390 1211 397 .
1238 365 1318 399 Haec
1336 366 1448 411 regula
1472 366 1516 400 est
1527 365 1609 399 adeo
1620 366 1752 408 antiqua
1766 391 1773 398 .

1189 415 1233 449 Et
1255 416 1318 450 sua:
1340 416 1580 459 consequentiae
1594 440 1604 456 ,
1632 426 1695 458 qua
1716 415 1888 450 Nicaenum
1901 417 2020 451 Decre-

1141 476 1210 501 tum
1236 466 1386 501 extendit
1408 466 1426 500 a
1449 466 1588 501 Clericis
1613 464 1653 499 ad
1664 464 1858 508 Episcop0s‚
1887 465 2022 508 epistola

1141 517 1195 550 dat
1217 515 1319 550 varias
1340 517 1479 551 rationes
1493 539 1501 548 .
1527 514 1664 555 Primo,
1691 514 1767 559 quia
1789 514 1906 556 quaevis
1925 527 2022 559 nego-

1141 565 1231 599 tiain
1245 566 1307 600 suis
1318 567 1375 601 ubi
1390 577 1462 604 orta
1475 567 1549 600 sunt
1563 591 1574 606 ,
1599 565 1682 599 locis
1693 573 1821 608 oportet
1834 561 1937 596 audiri
1953 587 1963 602 ‚
1988 565 2024 597 δε

1143 616 1228 649 finiri
1250 641 1257 648 .
1285 616 1416 651 Deinde
1441 642 1452 657 ‚
1478 616 1567 660 quod
1601 614 1849 649 provinciarum
1884 612 2026 655 Synodis

1145 665 1298 708 speranda
1311 667 1427 700 sitnon
1443 666 1546 700 deesse
1559 665 1694 709 Spiritus
1706 665 1813 699 Sanst'i
1827 663 1927 707 gratia
1941 687 1951 703 ,
1962 673 2028 704 qua

1143 715 1306 749 causarum
1328 716 1451 759 Iustitia
1470 716 1616 750 videatur
1638 728 1675 749 ac
1693 725 1857 749 teneatur.
1886 710 2029 750 Tertio,

1143 765 1229 808 quod
1242 766 1405 801 damnatis
1416 777 1472 810 per
1480 765 1658 800 duodecim
1670 763 1825 809 Collegas
1837 763 2007 806 Episcopis
2017 784 2031 802 ,

1147 815 1250 848 immo
1269 817 1304 850 ἀ
1326 828 1380 860 per
1400 815 1734 859 paucioresdamnatis
1747 813 1882 848 Clericis
1892 824 1961 846 non
1977 811 2032 845 de-

1148 876 1283 910 negetur
1305 867 1496 910 appellatio.
1527 865 1702 909 Appellare
1722 864 1755 897 &
1778 863 1834 906 ipsi
1857 863 1975 905 possint
1989 859 2031 895 ad

1149 915 1275 957 plenam
1300 915 1479 950 Provinciae
1501 916 1672 959 synodum
1686 938 1697 954 ‚
1725 913 1828 946 immo
1850 913 1884 945 &
1905 912 1945 946 ad
1960 911 2036 944 uni*

1150 965 1266 998 versale
1289 966 1481 1000 Concilium
1506 966 1607 1000 totius
1624 963 1823 1000 Dioecel-ios.
1850 962 1894 995 Et
1916 960 1978 994 hoc
1991 960 2036 993 vi-

1149 1013 1243 1051 detur
1254 1017 1315 1048 effe
1329 1016 1494 1050 novellum
1511 1016 1714 1050 Clericorum
1727 1012 1934 1057 privilegium
1944 1033 1953 1049 ‚
1981 1009 2036 1044 da«

1150 1073 1221 1097 tum
1235 1075 1274 1097 ex
1286 1066 1453 1099 occasione
1463 1065 1653 1109 appellantis
1667 1064 1812 1113 Apiarii:

1152 1123 1238 1148 retur
1249 1115 1359 1147 omnis
1368 1115 1443 1148 ansa
1456 1115 1572 1149 invoca
1579 1113 1632 1148 ndi
1645 1114 1833 1148 Romanam
1846 1111 2040 1146 Ecclesiam.

1151 1164 1277 1210 Qarta
1300 1164 1383 1197 ratio
1406 1164 1476 1203 est,
1503 1164 1592 1207 quod
1617 1164 1786 1197 Dominus
1809 1163 1901 1196 Deus
1922 1160 2042 1195 nonsit

1148 1213 1330 1259 ‚credendus
1341 1211 1536 1248 unicuilibet
1547 1211 1656 1256 potius
1668 1212 1701 1244 in
1707 1212 1822 1254 spirare
1832 1211 1991 1244 examinis
2002 1221 2041 1244 ao
2062 1247 2066 1251 A

1153 1263 1266 1307 judieii
1287 1263 1470 1307 Iustitiam,
1495 1262 1593 1307 quam
1620 1257 1916 1295 innumerabilibus
1937 1260 2044 1301 Syno-

1154 1313 1271 1347 daliter
1289 1314 1497 1357 congregatis
1517 1311 1706 1355 Episcopis.
1733 1310 1790 1344 Est
1804 1307 2046 1344 contumeliosa.

1155 1364 1260 1398 ratioss
1287 1363 1478 1407 Appellatas
1499 1365 1610 1397 causas
1633 1360 1806 1394 Romanus
1830 1358 1987 1392 Pontifex
1999 1367 2046 1391 et*

1839 1063 1920 1110 Qo
1939 1059 2039 1095 tolle-

1157 1414 1222 1447 iam
1246 1423 1326 1447 tunc
1346 1413 1512 1456 judicabat
1536 1423 1612 1446 cum
1635 1410 1708 1445 solo
1734 1408 1793 1444 suo
1816 1407 2046 1443 Cardinalium

1159 1463 1396 1507 Episcoporum
1409 1475 1446 1496 ac
1459 1462 1726 1505 presbyterorum
1748 1457 1968 1493 Confistorio.
2001 1457 2047 1491 Et:

1157 1513 1225 1556 ejus
1251 1514 1350 1548 solius
1370 1513 1529 1557 judicium
1559 1511 1656 1546 isthic
1682 1508 1872 1556 praevalebat
1893 1506 2051 1542 omnium

1161 1563 1336 1608 suffragiis.
1363 1562 1412 1597 At
1434 1560 1509 1597 vero
1531 1561 1690 1597 Afrorum
1711 1558 1911 1598 Provinciae,
1937 1569 1976 1592 ac
1987 1558 2049 1600 Sy-

1162 1613 1243 1648 nodi
1269 1613 1434 1647 habebant
1456 1612 1727 1646 numerofiffimos
1739 1610 1939 1654 Episcopus:
1965 1607 2048 1641 1²:ae-

1162 1664 1270 1699 sertim
1286 1663 1381 1706 plena
1407 1663 1586 1698 Dioecesios
1605 1661 1776 1705 synodus.
1803 1659 1896 1693 Hinc
1909 1657 2051 1692 adducta

1162 1713 1245 1748 ratio
1269 1714 1407 1747 affirmat
1426 1711 1644 1751 credendum,
1671 1709 1760 1754 quod
1772 1709 1940 1744 Dominus
1954 1707 2051 1749 Dein

1161 1772 1255 1798 tanto
1287 1763 1397 1806 potius
1419 1774 1555 1798 numero
1579 1761 1712 1805 inspiret
1737 1760 1924 1799 veritatem,
1950 1763 2053 1802 quam·

1162 1813 1221 1847 uni
1234 1813 1398 1857 Episcopo
1411 1814 1567 1848 Romano
1582 1837 1589 1845 .
1616 1812 1745 1859 Qinta
1769 1809 1853 1843 ratio
1866 1808 1931 1849 est,
1958 1805 2050 1851 quod

1162 1863 1437 1897 Transmarinum
1460 1888 1472 1904 ,
1498 1865 1551 1898 seu
1581 1863 1773 1897 Romanurn
1810 1859 1974 1903 Iudicium
1998 1867 2052 1891 ne·

1163 1921 1261 1956 queat
1281 1913 1344 1946 effe
1366 1923 1494 1955 ratum,
1520 1924 1557 1947 ac
1582 1913 1734 1946 firmum:
1763 1910 1935 1958 Quoniam
1953 1907 1994 1941 ad
2006 1907 2051 1950 ip-

1163 1964 1234 1996 sum
1257 1961 1375 1996 adduci
1397 1975 1465 1996 non
1489 1963 1596 1996 valent
1623 1962 1742 2005 testes,
1769 1961 1900 2003 aliaeque
1911 1958 2053 2001 personae

1166 2013 1343 2046 neceffariae
1356 2037 1362 2044 .
1391 2013 1523 2056 Reponi
1535 2020 1659 2056 poterat
1670 2011 1834 2055 appellatae
1847 2021 1905 2044 cau
1912 2010 1947 2043 sae
1959 2017 2053 2055 retra-

1165 2064 1341 2096 &tationem
1364 2063 1452 2105 poss'e
1480 2074 1535 2104 per
1546 2061 1744 2095 Pontificem
1755 2061 1896 2105 delegari
1910 2061 1944 2093 in
1954 2062 2052 2103 parti-

1167 2111 1246 2152 bus,
1271 2112 1304 2144 ὅ(
1317 2112 1368 2144 isti
1382 2111 1536 2154 Synodali
1549 2109 1673 2153 judicio
1687 2110 1773 2154 posse
1784 2109 1900 2153 praefici
1918 2121 1955 2143 ac
1969 2121 2051 2153 prae«

1166 2161 1264 2195 fidere
1287 2162 1478 2196 Roma-num
1505 2160 1646 2203 ePapali
1659 2161 1774 2196 Latere
1784 2161 1969 2204 Legatum,
1994 2171 2050 2193 co-

1166 2223 1232 2245 ram
1254 2222 1320 2253 quo
1343 2223 1458 2246 omnes
1486 2209 1661 2244 neceffariae
1673 2211 1818 2244 sistantur
1829 2211 1990 2253 personae,
2014 2210 2051 2244 &

1166 2261 1223 2305 qui
1243 2273 1283 2295 ex
1305 2263 1446 2304 ipsarum
1469 2260 1665 2296 testimoniis
1688 2285 1700 2301 ,
1725 2269 1780 2295 aut
1804 2259 2051 2303 professionibus

1166 2313 1294 2345 causam
1314 2311 1457 2355 judicet,
1486 2321 1542 2345 aut
1553 2310 1784 2344 certeinstruat
1804 2310 1962 2344 Pontifici
1975 2311 2055 2344 refe-

1167 2361 1298 2396 rendam
1311 2387 1318 2394 .
1349 2362 1391 2395 Et
1413 2361 1506 2394 istam
1529 2360 1718 2403 potestatem
1731 2359 1764 2392 in
1778 2358 1940 2393 pontifice
1953 2370 2056 2404 agno-

1166 2413 1213 2445 vit
1227 2437 1237 2453 ‚
1247 2412 1281 2445 &
1293 2412 1501 2446 confirmavit
1516 2410 1707 2444 Sardicenfis
1719 2409 1891 2452 Synodus.
1920 2407 1974 2442 Ad
1987 2410 2053 2444 hoc

1166 2462 1264 2506 igitur
1285 2471 1514 2505 argumentum
1526 2459 1661 2503 epistola
1682 2460 1846 2499 occurrit,
1874 2471 1912 2492 ac
1925 2460 2053 2502 respon,

1167 2514 1244 2546 det:
1270 2516 1355 2545 Nam
1379 2520 1411 2544 ut
1423 2511 1517 2553 aliqui
1541 2510 1790 2550 temqucimdtuae
1802 2508 1977 2540 sanavimus
1992 2512 2052 2541 La«

1169 2572 1227 2595 tere
1238 2567 1398 2595 mittamur
1410 2586 1420 2601 ,
1447 2561 1529 2593 nulla
1542 2565 1711 2592 invenimus
1725 2560 1851 2590 Parrum
1871 2559 1978 2595 synodo
1988 2570 2054 2592 con-1

1166 2613 1298 2653 stitutum
1313 2635 1323 2651 ,
1338 2610 1418 2654 'quia
1432 2612 1527 2651 illud,
1554 2611 1635 2653 quod
1640 2610 1758 2651 pridem
1767 2610 1922 2650 tamquam
1937 2619 1974 2641 ex
1980 2617 2052 2650 par-

1168 2673 1197 2696 te
1217 2667 1339 2695 Nicaeni
1353 2663 1474 2695 concilii
1493 2662 1604 2694 exinde
1616 2657 1811 2701 transmisistis
1823 2683 1834 2700 ,
1860 2664 1893 2691 in
1910 2660 2050 2692 ConcIliis

1169 2712 1330 2747 verioribus
1345 2715 1402 2744 non'
1420 2717 1568 2753 potuimus
1581 2714 1722 2751 reperire.

1218 2765 1298 2797 Haec
1320 2764 1392 2796 sunt
1403 2762 1636 2800 fundamenta,
1664 2759 1834 2801 exquibus
1848 2759 1907 2794 ista
1927 2759 2053 2794 Africa·

1171 2825 1210 2848 na
1225 2813 1379 2856 Synodus
1390 2812 1514 2846 censuit
1526 2823 1591 2845 non
1608 2809 1680 2843 solis
1697 2810 1858 2851 Clericis‚
1884 2809 1935 2844 sed
1950 2812 2051 2844 etiam

1170 2862 1339 2907 Episcopis
1362 2863 1531 2898 Romanas
1563 2861 1797 2905 appellationes
1819 2860 1967 2894 interdici
1997 2871 2060 2902 per,

1170 2915 1325 2948 Nicaenos
1347 2913 1523 2952 Canones,
1549 2913 1583 2946 &
1607 2912 1720 2954 pariter
1741 2921 1856 2944 omnes
1885 2909 2052 2944 committi

1169 2966 1231 2998 suis
1243 2962 1525 3005 Metropolitanis.
1555 2963 1635 2995 Hoc
1657 2961 1699 2994 est
1715 2960 1927 3001 inconcuffis,
1954 2959 2053 2994 acin-

1169 3012 1418 3057 appellabilibus
1455 3012 1744 3054 Metropolitarurn
1770 3010 1911 3052 Synodis
1939 3034 1946 3041 .
1984 3011 2051 3046 Pe!

1171 3062 1398 3104 Metropolitas
1420 3063 1577 3105 intelligit
1600 3073 1667 3095 non
1692 3060 1777 3094 solos
1798 3059 2051 3094 Provinciamm

1171 3114 1332 3148 Praefectos
1369 3136 1380 3153 ‚
1417 3112 1470 3145 sed
1506 3115 1606 3144 etiam
1644 3110 1831 3146 Dioecefion
1871 3110 2052 3151 Primam,

1171 3162 1337 3199 Exarchos
1375 3186 1386 3201 ,
1420 3174 1458 3195 ac
1495 3159 1696 3195 patriarchas
1724 3186 1731 3193 .
1778 3162 1854 3194 Fuit
1891 3159 2052 3194 horrenda

1167 3214 1318 3249 audacia.
1344 3211 1492 3246 Africani
1518 3221 1658 3255 namque
1678 3211 1830 3255 Episcopi
1853 3212 2051 3254 usque-tune

1169 3266 1329 3300 Romam-
1350 3263 1468 3304 semper
1503 3261 1744 3304 appellaverant
1771 3285 1782 3301 ‚
1808 3273 1845 3295 ac
1872 3261 1979 3303 postea
2005 3270 2052 3294 etv

1169 3316 1233 3350 iam
1260 3321 1465 3358 perrexerunt
1492 3312 1669 3354 appellare:
1697 3311 1739 3345 Et
1752 3322 1832 3345 ecce
1859 3310 1916 3344 ista
1944 3311 2051 3352 Synoq

1168 3364 1250 3405 dus,
1276 3365 1354 3398 dum
1377 3361 1418 3395 de
1433 3361 1560 3404 'Apiarii
1589 3362 1668 3395 fasta
1695 3372 1748 3405 per
1763 3361 1938 3394 zozimum
1965 3370 2050 3401 repa-

1169 3415 1294 3449 ratione
1315 3413 1346 3447 se
1370 3410 1534 3447 vindicare
1560 3411 1688 3451 studet,
1715 3420 1819 3445 tentat
1837 3408 2048 3446 evertereista

1562 3462 1590 3496 Z
1641 3472 1665 3499 2
1869 3457 1998 3493 omnia.
