<?xml version="1.0" encoding="UTF-8"?>
<!DOCTYPE html PUBLIC "-//W3C//DTD XHTML 1.0 Transitional//EN"
    "http://www.w3.org/TR/xhtml1/DTD/xhtml1-transitional.dtd">
<html xmlns="http://www.w3.org/1999/xhtml" xml:lang="en" lang="en">
 <head>
  <title>
</title>
<meta http-equiv="Content-Type" content="text/html;charset=utf-8" />
  <meta name='ocr-system' content='tesseract 3.04.00' />
  <meta name='ocr-capabilities' content='ocr_page ocr_carea ocr_par ocr_line ocrx_word'/>
</head>
<body>
  <div class='ocr_page' id='page_1' title='image "./operaomniastudio08lupuuoft_0325.png"; bbox 0 0 2326 3718; ppageno 0'>
   <div class='ocr_carea' id='block_1_1' title="bbox 78 2664 238 2701">
    <p class='ocr_par' dir='ltr' id='par_1_1' title="bbox 78 2664 238 2701">
     <span class='ocr_line' id='line_1_1' title="bbox 78 2664 238 2701; baseline -0.013 -7"><span class='ocrx_word' id='word_1_1' title='bbox 78 2664 178 2701; x_wconf 72' lang='lat' dir='ltr'><em>Ep.4o.</em></span> <span class='ocrx_word' id='word_1_2' title='bbox 188 2670 238 2699; x_wconf 80' lang='lat'><em>41.</em></span> 
     </span>
    </p>
   </div>
   <div class='ocr_carea' id='block_1_2' title="bbox 868 133 1467 183">
    <p class='ocr_par' dir='ltr' id='par_1_2' title="bbox 868 133 1467 183">
     <span class='ocr_line' id='line_1_2' title="bbox 868 133 1467 183; baseline -0.002 -1"><span class='ocrx_word' id='word_1_3' title='bbox 868 135 919 182; x_wconf 88' lang='lat' dir='ltr'><em>S..</em></span> <span class='ocrx_word' id='word_1_4' title='bbox 978 133 1014 181; x_wconf 84' lang='lat' dir='ltr'>F</span> <span class='ocrx_word' id='word_1_5' title='bbox 1049 149 1074 180; x_wconf 88' lang='lat' dir='ltr'>L</span> <span class='ocrx_word' id='word_1_6' title='bbox 1109 148 1203 182; x_wconf 65' lang='lat' dir='ltr'><em>av</em></span> <span class='ocrx_word' id='word_1_7' title='bbox 1242 148 1324 182; x_wconf 61' lang='lat' dir='ltr'><em>ra</em></span> <span class='ocrx_word' id='word_1_8' title='bbox 1357 147 1390 179; x_wconf 80' lang='lat' dir='ltr'>N</span> <span class='ocrx_word' id='word_1_9' title='bbox 1425 148 1467 183; x_wconf 73' lang='grc' dir='ltr'><em>ις.</em></span> 
     </span>
    </p>
   </div>
   <div class='ocr_carea' id='block_1_3' title="bbox 1917 156 2012 200">
    <p class='ocr_par' dir='ltr' id='par_1_3' title="bbox 1917 156 2012 200">
     <span class='ocr_line' id='line_1_3' title="bbox 1917 156 2012 200; baseline 0.011 -1"><span class='ocrx_word' id='word_1_10' title='bbox 1917 156 1938 199; x_wconf 83' lang='lat'>3</span> <span class='ocrx_word' id='word_1_11' title='bbox 1954 158 2012 200; x_wconf 71' lang='lat'><em>1&#39;9</em></span> 
     </span>
    </p>
   </div>
   <div class='ocr_carea' id='block_1_4' title="bbox 252 200 2081 273">
    <p class='ocr_par' dir='ltr' id='par_1_4' title="bbox 252 200 2081 273">
     <span class='ocr_line' id='line_1_4' title="bbox 252 200 2081 273; baseline 0.001 -14"><span class='ocrx_word' id='word_1_12' title='bbox 252 200 459 261; x_wconf 79' lang='lat' dir='ltr'><em>Theodoreti</em></span> <span class='ocrx_word' id='word_1_13' title='bbox 483 221 624 258; x_wconf 84' lang='lat' dir='ltr'><em>Cirenlis</em></span> <span class='ocrx_word' id='word_1_14' title='bbox 644 220 796 267; x_wconf 83' lang='lat' dir='ltr'>Episcopi</span> <span class='ocrx_word' id='word_1_15' title='bbox 818 233 825 253; x_wconf 76' lang='grc' dir='ltr'><strong><em>ε</em></strong></span> <span class='ocrx_word' id='word_1_16' title='bbox 852 224 1053 264; x_wconf 74' lang='lat' dir='ltr'><em>eognovimus</em></span> <span class='ocrx_word' id='word_1_17' title='bbox 1083 231 1131 252; x_wconf 84' lang='lat' dir='ltr'><em>ar·</em></span> <span class='ocrx_word' id='word_1_18' title='bbox 1195 217 1419 262; x_wconf 77' lang='lat' dir='ltr'><em>Mansuetudini</em></span> <span class='ocrx_word' id='word_1_19' title='bbox 1441 218 1545 260; x_wconf 74' lang='lat' dir='ltr'><em>vestre</em></span> <span class='ocrx_word' id='word_1_20' title='bbox 1555 223 1994 268; x_wconf 68' lang='lat' dir='ltr'><em>cumgemttibusorlacbvmts</em></span> <span class='ocrx_word' id='word_1_21' title='bbox 2009 228 2081 273; x_wconf 75' lang='lat' dir='ltr'><em>sup.¹</em></span> 
     </span>
    </p>
   </div>
   <div class='ocr_carea' id='block_1_5' title="bbox 242 268 1145 3467">
    <p class='ocr_par' dir='ltr' id='par_1_5' title="bbox 242 268 1145 3165">
     <span class='ocr_line' id='line_1_5' title="bbox 250 268 1131 317; baseline -0.008 -6"><span class='ocrx_word' id='word_1_22' title='bbox 250 279 392 314; x_wconf 75' lang='lat' dir='ltr'><em>dentem,</em></span> <span class='ocrx_word' id='word_1_23' title='bbox 410 273 578 317; x_wconf 85' lang='lat' dir='ltr'><em>justumque</em></span> <span class='ocrx_word' id='word_1_24' title='bbox 601 275 696 308; x_wconf 85' lang='lat' dir='ltr'><em>zelum</em></span> <span class='ocrx_word' id='word_1_25' title='bbox 710 276 840 306; x_wconf 84' lang='lat' dir='ltr'><em>Pietatis</em></span> <span class='ocrx_word' id='word_1_26' title='bbox 863 280 946 311; x_wconf 63' lang='lat' dir='ltr'><em>tute,</em></span> <span class='ocrx_word' id='word_1_27' title='bbox 972 273 1007 305; x_wconf 61' lang='grc' dir='ltr'><em>(θ’</em></span> <span class='ocrx_word' id='word_1_28' title='bbox 1020 268 1131 312; x_wconf 80' lang='lat' dir='ltr'><em>justiffi-</em></span> 
     </span>
     <span class='ocr_line' id='line_1_6' title="bbox 249 321 1131 367; baseline -0.008 -8"><span class='ocrx_word' id='word_1_29' title='bbox 249 335 333 359; x_wconf 79' lang='lat' dir='ltr'><em>mam</em></span> <span class='ocrx_word' id='word_1_30' title='bbox 357 335 392 356; x_wconf 85' lang='lat' dir='ltr'><em>ac</em></span> <span class='ocrx_word' id='word_1_31' title='bbox 411 326 575 367; x_wconf 75' lang='lat' dir='ltr'><em>legitimam</em></span> <span class='ocrx_word' id='word_1_32' title='bbox 594 324 784 361; x_wconf 83' lang='lat' dir='ltr'><em>libertatem,</em></span> <span class='ocrx_word' id='word_1_33' title='bbox 809 333 869 364; x_wconf 88' lang='lat' dir='ltr'><em>qua</em></span> <span class='ocrx_word' id='word_1_34' title='bbox 890 321 961 365; x_wconf 83' lang='lat' dir='ltr'><em>usus</em></span> <span class='ocrx_word' id='word_1_35' title='bbox 982 333 1014 355; x_wconf 84' lang='lat' dir='ltr'><em>es</em></span> <span class='ocrx_word' id='word_1_36' title='bbox 1028 345 1039 361; x_wconf 93' lang='lat'>,</span> <span class='ocrx_word' id='word_1_37' title='bbox 1064 331 1131 355; x_wconf 88' lang='lat' dir='ltr'><em>cum</em></span> 
     </span>
     <span class='ocr_line' id='line_1_7' title="bbox 248 370 1133 418; baseline -0.008 -9"><span class='ocrx_word' id='word_1_38' title='bbox 248 386 307 413; x_wconf 83' lang='lat' dir='ltr'><em>ea,</em></span> <span class='ocrx_word' id='word_1_39' title='bbox 334 385 402 416; x_wconf 87' lang='lat' dir='ltr'><em>quae</em></span> <span class='ocrx_word' id='word_1_40' title='bbox 423 377 510 417; x_wconf 86' lang='lat' dir='ltr'><em>apud</em></span> <span class='ocrx_word' id='word_1_41' title='bbox 528 373 683 418; x_wconf 78' lang='lat' dir='ltr'><em>Ephesum</em></span> <span class='ocrx_word' id='word_1_42' title='bbox 709 374 839 413; x_wconf 72' lang='lat' dir='ltr'><em>temere,</em></span> <span class='ocrx_word' id='word_1_43' title='bbox 866 385 900 406; x_wconf 91' lang='lat' dir='ltr'><em>ac</em></span> <span class='ocrx_word' id='word_1_44' title='bbox 917 374 1037 405; x_wconf 80' lang='lat' dir='ltr'><em>licenter</em></span> <span class='ocrx_word' id='word_1_45' title='bbox 1063 370 1133 403; x_wconf 75' lang='lat' dir='ltr'><em>at‘la</em></span> 
     </span>
     <span class='ocr_line' id='line_1_8' title="bbox 246 420 1127 468; baseline -0.006 -10"><span class='ocrx_word' id='word_1_46' title='bbox 246 423 321 468; x_wconf 82' lang='lat' dir='ltr'><em>sunt</em></span> <span class='ocrx_word' id='word_1_47' title='bbox 333 448 344 466; x_wconf 93' lang='lat'>‚</span> <span class='ocrx_word' id='word_1_48' title='bbox 373 424 604 467; x_wconf 68' lang='lat' dir='ltr'><em>reprehenderes</em></span> <span class='ocrx_word' id='word_1_49' title='bbox 621 451 628 458; x_wconf 93' lang='lat'>.</span> <span class='ocrx_word' id='word_1_50' title='bbox 652 428 718 457; x_wconf 86' lang='lat' dir='ltr'><em>Nec</em></span> <span class='ocrx_word' id='word_1_51' title='bbox 738 420 797 465; x_wconf 84' lang='lat' dir='ltr'><em>soli</em></span> <span class='ocrx_word' id='word_1_52' title='bbox 810 435 862 456; x_wconf 86' lang='lat' dir='ltr'><em>nos</em></span> <span class='ocrx_word' id='word_1_53' title='bbox 886 422 939 463; x_wconf 81' lang='lat' dir='ltr'><em>ista</em></span> <span class='ocrx_word' id='word_1_54' title='bbox 952 424 1127 460; x_wconf 84' lang='lat' dir='ltr'><em>didicimus,</em></span> 
     </span>
     <span class='ocr_line' id='line_1_9' title="bbox 247 471 1134 518; baseline -0.005 -11"><span class='ocrx_word' id='word_1_55' title='bbox 247 473 305 518; x_wconf 80' lang='lat' dir='ltr'><em>sed</em></span> <span class='ocrx_word' id='word_1_56' title='bbox 315 480 347 507; x_wconf 83' lang='lat' dir='ltr'><em>in</em></span> <span class='ocrx_word' id='word_1_57' title='bbox 356 486 474 509; x_wconf 87' lang='lat' dir='ltr'><em>omnem</em></span> <span class='ocrx_word' id='word_1_58' title='bbox 491 485 603 509; x_wconf 81' lang='lat' dir='ltr'><em>terram</em></span> <span class='ocrx_word' id='word_1_59' title='bbox 612 473 699 508; x_wconf 60' lang='grc' dir='ltr'><em>τιθῶ</em></span> <span class='ocrx_word' id='word_1_60' title='bbox 709 478 817 506; x_wconf 58' lang='lat' dir='ltr'><em>menits</em></span> <span class='ocrx_word' id='word_1_61' title='bbox 831 482 891 507; x_wconf 83' lang='lat' dir='ltr'><em>tuae</em></span> <span class='ocrx_word' id='word_1_62' title='bbox 908 471 997 516; x_wconf 75' lang='lat' dir='ltr'><em>sonus</em></span> <span class='ocrx_word' id='word_1_63' title='bbox 1008 477 1109 504; x_wconf 78' lang='lat' dir='ltr'><em>exivit</em></span> <span class='ocrx_word' id='word_1_64' title='bbox 1122 494 1134 510; x_wconf 90' lang='lat'>‚</span> 
     </span>
     <span class='ocr_line' id='line_1_10' title="bbox 250 522 1134 567; baseline -0.007 -8"><span class='ocrx_word' id='word_1_65' title='bbox 250 527 286 559; x_wconf 70' lang='grc' dir='ltr'><em>ό·</em></span> <span class='ocrx_word' id='word_1_66' title='bbox 307 535 405 559; x_wconf 87' lang='lat' dir='ltr'><em>omnes</em></span> <span class='ocrx_word' id='word_1_67' title='bbox 421 525 588 567; x_wconf 83' lang='lat' dir='ltr'><em>justitiam,</em></span> <span class='ocrx_word' id='word_1_68' title='bbox 616 525 711 558; x_wconf 84' lang='lat' dir='ltr'><em>zelum</em></span> <span class='ocrx_word' id='word_1_69' title='bbox 724 548 734 563; x_wconf 92' lang='lat'>,</span> <span class='ocrx_word' id='word_1_70' title='bbox 758 524 946 562; x_wconf 85' lang='lat' dir='ltr'><em>libertatem,</em></span> <span class='ocrx_word' id='word_1_71' title='bbox 972 522 1006 555; x_wconf 70' lang='lat'><em>&amp;³</em></span> <span class='ocrx_word' id='word_1_72' title='bbox 1026 522 1134 554; x_wconf 83' lang='lat' dir='ltr'><em>adver-</em></span> 
     </span>
     <span class='ocr_line' id='line_1_11' title="bbox 249 574 1133 618; baseline -0.009 -8"><span class='ocrx_word' id='word_1_73' title='bbox 249 577 301 610; x_wconf 74' lang='lat' dir='ltr'><em>sus</em></span> <span class='ocrx_word' id='word_1_74' title='bbox 321 581 507 618; x_wconf 80' lang='lat' dir='ltr'><em>iniquitatem</em></span> <span class='ocrx_word' id='word_1_75' title='bbox 529 574 659 616; x_wconf 56' lang='lat' dir='ltr'><em>injectas</em></span> <span class='ocrx_word' id='word_1_76' title='bbox 680 575 701 606; x_wconf 76' lang='grc' dir='ltr'><em>ὰ</em></span> <span class='ocrx_word' id='word_1_77' title='bbox 721 583 750 607; x_wconf 86' lang='lat' dir='ltr'><em>te</em></span> <span class='ocrx_word' id='word_1_78' title='bbox 760 575 858 607; x_wconf 78' lang='lat' dir='ltr'><em>minas</em></span> <span class='ocrx_word' id='word_1_79' title='bbox 879 575 1058 607; x_wconf 84' lang='lat' dir='ltr'><em>decantant.</em></span> <span class='ocrx_word' id='word_1_80' title='bbox 1088 574 1133 602; x_wconf 83' lang='lat' dir='ltr'><em>Et</em></span> 
     </span>
     <span class='ocr_line' id='line_1_12' title="bbox 248 622 1134 669; baseline -0.005 -12"><span class='ocrx_word' id='word_1_81' title='bbox 248 623 314 659; x_wconf 83' lang='lat' dir='ltr'><em>baec</em></span> <span class='ocrx_word' id='word_1_82' title='bbox 333 626 451 669; x_wconf 81' lang='lat' dir='ltr'><em>quidem</em></span> <span class='ocrx_word' id='word_1_83' title='bbox 473 631 534 668; x_wconf 83' lang='lat' dir='ltr'><em>egit</em></span> <span class='ocrx_word' id='word_1_84' title='bbox 559 627 664 658; x_wconf 86' lang='lat' dir='ltr'><em>Pietas</em></span> <span class='ocrx_word' id='word_1_85' title='bbox 688 633 760 664; x_wconf 86' lang='lat' dir='ltr'><em>tua,</em></span> <span class='ocrx_word' id='word_1_86' title='bbox 786 635 853 657; x_wconf 89' lang='lat' dir='ltr'><em>cum</em></span> <span class='ocrx_word' id='word_1_87' title='bbox 878 629 996 656; x_wconf 88' lang='lat' dir='ltr'><em>unicam</em></span> <span class='ocrx_word' id='word_1_88' title='bbox 1022 622 1134 655; x_wconf 82' lang='lat' dir='ltr'><em>‹aedem</em></span> 
     </span>
     <span class='ocr_line' id='line_1_13' title="bbox 248 671 1133 719; baseline -0.007 -9"><span class='ocrx_word' id='word_1_89' title='bbox 248 674 443 719; x_wconf 79' lang='lat' dir='ltr'><em>conspexiffet.</em></span> <span class='ocrx_word' id='word_1_90' title='bbox 469 675 599 718; x_wconf 75' lang='lat' dir='ltr'><em>Nempe</em></span> <span class='ocrx_word' id='word_1_91' title='bbox 612 675 730 709; x_wconf 85' lang='lat' dir='ltr'><em>caedem</em></span> <span class='ocrx_word' id='word_1_92' title='bbox 743 674 851 708; x_wconf 71' lang='lat' dir='ltr'><em>Sansti</em></span> <span class='ocrx_word' id='word_1_93' title='bbox 863 671 1024 711; x_wconf 77' lang='lat' dir='ltr'><em>Flav1ani,</em></span> <span class='ocrx_word' id='word_1_94' title='bbox 1035 681 1133 716; x_wconf 87' lang='lat' dir='ltr'><em>quem</em></span> 
     </span>
     <span class='ocr_line' id='line_1_14' title="bbox 247 721 1135 769; baseline -0.005 -10"><span class='ocrx_word' id='word_1_95' title='bbox 247 726 421 760; x_wconf 87' lang='lat' dir='ltr'><em>sceleratus</em></span> <span class='ocrx_word' id='word_1_96' title='bbox 439 750 451 767; x_wconf 89' lang='lat'>,</span> <span class='ocrx_word' id='word_1_97' title='bbox 478 725 512 760; x_wconf 75' lang='grc' dir='ltr'><em>δε</em></span> <span class='ocrx_word' id='word_1_98' title='bbox 534 725 689 769; x_wconf 78' lang='lat' dir='ltr'><em>Episcopi</em></span> <span class='ocrx_word' id='word_1_99' title='bbox 711 725 847 759; x_wconf 88' lang='lat' dir='ltr'><em>nomine</em></span> <span class='ocrx_word' id='word_1_100' title='bbox 870 723 1028 768; x_wconf 85' lang='lat' dir='ltr'><em>indignus</em></span> <span class='ocrx_word' id='word_1_101' title='bbox 1052 721 1135 756; x_wconf 85' lang='lat' dir='ltr'><em>Dio-</em></span> 
     </span>
     <span class='ocr_line' id='line_1_15' title="bbox 246 771 1133 820; baseline -0.005 -11"><span class='ocrx_word' id='word_1_102' title='bbox 246 776 358 810; x_wconf 77' lang='lat' dir='ltr'><em>scorus</em></span> <span class='ocrx_word' id='word_1_103' title='bbox 380 786 493 810; x_wconf 89' lang='lat' dir='ltr'><em>coram</em></span> <span class='ocrx_word' id='word_1_104' title='bbox 515 777 547 810; x_wconf 90' lang='lat' dir='ltr'><em>se</em></span> <span class='ocrx_word' id='word_1_105' title='bbox 569 775 781 820; x_wconf 84' lang='lat' dir='ltr'><em>genuflexum</em></span> <span class='ocrx_word' id='word_1_106' title='bbox 806 773 920 808; x_wconf 85' lang='lat' dir='ltr'><em>invafit</em></span> <span class='ocrx_word' id='word_1_107' title='bbox 946 771 1133 807; x_wconf 84' lang='lat' dir='ltr'><em>calcibusin</em></span> 
     </span>
     <span class='ocr_line' id='line_1_16' title="bbox 247 821 1136 870; baseline -0.006 -11"><span class='ocrx_word' id='word_1_108' title='bbox 247 825 424 870; x_wconf 58' lang='lat' dir='ltr'><em>conspectu</em></span> <span class='ocrx_word' id='word_1_109' title='bbox 435 826 538 860; x_wconf 89' lang='lat' dir='ltr'><em>totius</em></span> <span class='ocrx_word' id='word_1_110' title='bbox 548 826 673 869; x_wconf 88' lang='lat' dir='ltr'><em>Synodi</em></span> <span class='ocrx_word' id='word_1_111' title='bbox 687 850 698 866; x_wconf 91' lang='lat'>,</span> <span class='ocrx_word' id='word_1_112' title='bbox 725 824 894 860; x_wconf 84' lang='lat' dir='ltr'><em>&amp;inflixit</em></span> <span class='ocrx_word' id='word_1_113' title='bbox 915 822 1048 858; x_wconf 81' lang='lat' dir='ltr'>lethalia</span> <span class='ocrx_word' id='word_1_114' title='bbox 1062 821 1136 855; x_wconf 90' lang='lat' dir='ltr'><em>vul·-</em></span> 
     </span>
     <span class='ocr_line' id='line_1_17' title="bbox 247 871 1136 919; baseline -0.006 -9"><span class='ocrx_word' id='word_1_115' title='bbox 247 884 328 910; x_wconf 79' lang='lat' dir='ltr'><em>nera</em></span> <span class='ocrx_word' id='word_1_116' title='bbox 343 899 354 915; x_wconf 91' lang='lat'>,</span> <span class='ocrx_word' id='word_1_117' title='bbox 379 886 421 909; x_wconf 85' lang='lat' dir='ltr'><em>ex</em></span> <span class='ocrx_word' id='word_1_118' title='bbox 442 875 561 919; x_wconf 85' lang='lat' dir='ltr'><em>quibus</em></span> <span class='ocrx_word' id='word_1_119' title='bbox 586 885 705 919; x_wconf 85' lang='lat' dir='ltr'><em>paucos</em></span> <span class='ocrx_word' id='word_1_120' title='bbox 727 874 797 918; x_wconf 85' lang='lat' dir='ltr'><em>post</em></span> <span class='ocrx_word' id='word_1_121' title='bbox 819 874 889 908; x_wconf 87' lang='lat' dir='ltr'><em>dies</em></span> <span class='ocrx_word' id='word_1_122' title='bbox 903 884 1008 908; x_wconf 87' lang='lat' dir='ltr'><em>novus</em></span> <span class='ocrx_word' id='word_1_123' title='bbox 1019 871 1078 906; x_wconf 86' lang='lat' dir='ltr'><em>iste</em></span> <span class='ocrx_word' id='word_1_124' title='bbox 1090 871 1136 905; x_wconf 81' lang='lat' dir='ltr'><em>A·</em></span> 
     </span>
     <span class='ocr_line' id='line_1_18' title="bbox 247 922 1135 971; baseline -0.008 -11"><span class='ocrx_word' id='word_1_125' title='bbox 247 925 303 960; x_wconf 93' lang='lat' dir='ltr'><em>bel</em></span> <span class='ocrx_word' id='word_1_126' title='bbox 314 926 468 971; x_wconf 84' lang='lat' dir='ltr'><em>migravit</em></span> <span class='ocrx_word' id='word_1_127' title='bbox 488 927 528 960; x_wconf 85' lang='lat' dir='ltr'><em>ad</em></span> <span class='ocrx_word' id='word_1_128' title='bbox 542 925 726 959; x_wconf 81' lang='lat' dir='ltr'><em>Dominum</em></span> <span class='ocrx_word' id='word_1_129' title='bbox 739 948 747 956; x_wconf 84' lang='lat'>.</span> <span class='ocrx_word' id='word_1_130' title='bbox 775 924 923 958; x_wconf 84' lang='lat' dir='ltr'><em>Renatus</em></span> <span class='ocrx_word' id='word_1_131' title='bbox 944 922 1046 967; x_wconf 87' lang='lat' dir='ltr'><em>igitur</em></span> <span class='ocrx_word' id='word_1_132' title='bbox 1066 931 1135 955; x_wconf 88' lang='lat' dir='ltr'><em>non</em></span> 
     </span>
     <span class='ocr_line' id='line_1_19' title="bbox 248 968 1136 1018; baseline -0.008 -8"><span class='ocrx_word' id='word_1_133' title='bbox 248 976 424 1011; x_wconf 82' lang='lat' dir='ltr'>dumtaxat</span> <span class='ocrx_word' id='word_1_134' title='bbox 445 976 648 1012; x_wconf 85' lang='lat' dir='ltr'><em>Latrocinali</em></span> <span class='ocrx_word' id='word_1_135' title='bbox 674 973 805 1018; x_wconf 87' lang='lat' dir='ltr'><em>Judicio</em></span> <span class='ocrx_word' id='word_1_136' title='bbox 825 972 1027 1008; x_wconf 80' lang='lat' dir='ltr'>contradixit</span> <span class='ocrx_word' id='word_1_137' title='bbox 1045 996 1056 1011; x_wconf 91' lang='lat'><em>‚</em></span> <span class='ocrx_word' id='word_1_138' title='bbox 1081 968 1136 1004; x_wconf 91' lang='lat' dir='ltr'><em>sed</em></span> 
     </span>
     <span class='ocr_line' id='line_1_20' title="bbox 246 1020 1134 1069; baseline -0.005 -11"><span class='ocrx_word' id='word_1_139' title='bbox 246 1026 382 1069; x_wconf 84' lang='lat' dir='ltr'>insuper</span> <span class='ocrx_word' id='word_1_140' title='bbox 401 1026 446 1059; x_wconf 86' lang='lat' dir='ltr'><em>est</em></span> <span class='ocrx_word' id='word_1_141' title='bbox 458 1026 600 1059; x_wconf 86' lang='lat' dir='ltr'><em>minatus</em></span> <span class='ocrx_word' id='word_1_142' title='bbox 622 1024 807 1059; x_wconf 86' lang='lat' dir='ltr'><em>Dioscoro:</em></span> <span class='ocrx_word' id='word_1_143' title='bbox 836 1022 881 1056; x_wconf 87' lang='lat' dir='ltr'><em>Et</em></span> <span class='ocrx_word' id='word_1_144' title='bbox 895 1020 1033 1066; x_wconf 83' lang='lat' dir='ltr'><em>quidem</em></span> <span class='ocrx_word' id='word_1_145' title='bbox 1056 1031 1134 1054; x_wconf 90' lang='lat' dir='ltr'><em>cum</em></span> 
     </span>
     <span class='ocr_line' id='line_1_21' title="bbox 246 1070 1136 1116; baseline -0.004 -7"><span class='ocrx_word' id='word_1_146' title='bbox 246 1074 346 1114; x_wconf 80' lang='lat' dir='ltr'><em>zelo,</em></span> <span class='ocrx_word' id='word_1_147' title='bbox 371 1086 410 1108; x_wconf 84' lang='lat' dir='ltr'><em>ac</em></span> <span class='ocrx_word' id='word_1_148' title='bbox 427 1074 598 1108; x_wconf 86' lang='lat' dir='ltr'><em>libertate.</em></span> <span class='ocrx_word' id='word_1_149' title='bbox 625 1073 728 1106; x_wconf 88' lang='lat' dir='ltr'><em>Haud</em></span> <span class='ocrx_word' id='word_1_150' title='bbox 750 1070 849 1106; x_wconf 72' lang='lat' dir='ltr'><em>dubie</em></span> <span class='ocrx_word' id='word_1_151' title='bbox 870 1072 1066 1116; x_wconf 82' lang='lat' dir='ltr'><em>protestatus</em></span> <span class='ocrx_word' id='word_1_152' title='bbox 1091 1071 1136 1105; x_wconf 85' lang='lat' dir='ltr'><em>est</em></span> 
     </span>
     <span class='ocr_line' id='line_1_22' title="bbox 245 1120 1138 1166; baseline -0.003 -8"><span class='ocrx_word' id='word_1_153' title='bbox 245 1123 308 1158; x_wconf 83' lang='lat' dir='ltr'><em>ista</em></span> <span class='ocrx_word' id='word_1_154' title='bbox 325 1122 462 1165; x_wconf 85' lang='lat' dir='ltr'><em>omnia,</em></span> <span class='ocrx_word' id='word_1_155' title='bbox 488 1122 648 1166; x_wconf 68' lang='lat' dir='ltr'><em>quoniam</em></span> <span class='ocrx_word' id='word_1_156' title='bbox 669 1123 735 1156; x_wconf 85' lang='lat' dir='ltr'><em>fine</em></span> <span class='ocrx_word' id='word_1_157' title='bbox 760 1121 959 1165; x_wconf 80' lang='lat' dir='ltr'><em>Apostolicae</em></span> <span class='ocrx_word' id='word_1_158' title='bbox 981 1120 1073 1156; x_wconf 89' lang='lat' dir='ltr'><em>Sedis</em></span> <span class='ocrx_word' id='word_1_159' title='bbox 1085 1132 1138 1155; x_wconf 90' lang='lat' dir='ltr'><em>au-</em></span> 
     </span>
     <span class='ocr_line' id='line_1_23' title="bbox 243 1170 1137 1215; baseline -0.003 -7"><span class='ocrx_word' id='word_1_160' title='bbox 243 1172 425 1214; x_wconf 70' lang='lat' dir='ltr'><em>thoritate,</em></span> <span class='ocrx_word' id='word_1_161' title='bbox 452 1174 559 1208; x_wconf 78' lang='lat' dir='ltr'><em>immo</em></span> <span class='ocrx_word' id='word_1_162' title='bbox 579 1182 694 1207; x_wconf 90' lang='lat' dir='ltr'><em>contra</em></span> <span class='ocrx_word' id='word_1_163' title='bbox 715 1171 784 1215; x_wconf 81' lang='lat' dir='ltr'><em>ejus</em></span> <span class='ocrx_word' id='word_1_164' title='bbox 796 1173 1007 1207; x_wconf 69' lang='lat' dir='ltr'><em>sacrosanecas</em></span> <span class='ocrx_word' id='word_1_165' title='bbox 1027 1170 1137 1215; x_wconf 80' lang='lat' dir='ltr'><em>Juffio·</em></span> 
     </span>
     <span class='ocr_line' id='line_1_24' title="bbox 242 1220 1138 1266; baseline -0.004 -7"><span class='ocrx_word' id='word_1_166' title='bbox 242 1233 327 1264; x_wconf 80' lang='lat' dir='ltr'><em>nes,</em></span> <span class='ocrx_word' id='word_1_167' title='bbox 353 1224 389 1258; x_wconf 91' lang='lat'>&amp;</span> <span class='ocrx_word' id='word_1_168' title='bbox 412 1224 629 1266; x_wconf 81' lang='lat' dir='ltr'><em>perinvasum</em></span> <span class='ocrx_word' id='word_1_169' title='bbox 653 1223 720 1266; x_wconf 79' lang='lat' dir='ltr'><em>ejus</em></span> <span class='ocrx_word' id='word_1_170' title='bbox 730 1222 943 1266; x_wconf 86' lang='lat' dir='ltr'><em>privilegium</em></span> <span class='ocrx_word' id='word_1_171' title='bbox 955 1223 1048 1261; x_wconf 67' lang='lat' dir='ltr'><em>asta,</em></span> <span class='ocrx_word' id='word_1_172' title='bbox 1075 1220 1138 1255; x_wconf 80' lang='lat' dir='ltr'><em>effe</em></span> 
     </span>
     <span class='ocr_line' id='line_1_25' title="bbox 242 1270 1139 1309; baseline -0.004 -1"><span class='ocrx_word' id='word_1_173' title='bbox 242 1270 473 1309; x_wconf 82' lang='lat' dir='ltr'><em>Latrocinalia</em></span> <span class='ocrx_word' id='word_1_174' title='bbox 493 1273 668 1308; x_wconf 86' lang='lat' dir='ltr'><em>Attentata</em></span> <span class='ocrx_word' id='word_1_175' title='bbox 697 1284 706 1305; x_wconf 90' lang='lat'>:</span> <span class='ocrx_word' id='word_1_176' title='bbox 734 1273 779 1306; x_wconf 87' lang='lat' dir='ltr'><em>Et</em></span> <span class='ocrx_word' id='word_1_177' title='bbox 800 1272 967 1307; x_wconf 85' lang='lat' dir='ltr'><em>Dioscoro</em></span> <span class='ocrx_word' id='word_1_178' title='bbox 993 1272 1139 1305; x_wconf 87' lang='lat' dir='ltr'><em>minatus</em></span> 
     </span>
     <span class='ocr_line' id='line_1_26' title="bbox 242 1319 1139 1372; baseline -0.003 -15"><span class='ocrx_word' id='word_1_179' title='bbox 242 1324 294 1358; x_wconf 77' lang='lat' dir='ltr'><em>est</em></span> <span class='ocrx_word' id='word_1_180' title='bbox 317 1323 497 1358; x_wconf 82' lang='lat' dir='ltr'><em>talionem.</em></span> <span class='ocrx_word' id='word_1_181' title='bbox 525 1323 638 1372; x_wconf 72' lang='lat' dir='ltr'><em>Qare</em></span> <span class='ocrx_word' id='word_1_182' title='bbox 660 1323 815 1357; x_wconf 87' lang='lat' dir='ltr'><em>mendosa</em></span> <span class='ocrx_word' id='word_1_183' title='bbox 836 1323 912 1356; x_wconf 88' lang='lat' dir='ltr'><em>sunt</em></span> <span class='ocrx_word' id='word_1_184' title='bbox 932 1319 1000 1356; x_wconf 81' lang='lat' dir='ltr'><em>haec</em></span> <span class='ocrx_word' id='word_1_185' title='bbox 1014 1321 1139 1356; x_wconf 89' lang='lat' dir='ltr'><em>laudati</em></span> 
     </span>
     <span class='ocr_line' id='line_1_27' title="bbox 244 1371 1139 1418; baseline -0.003 -10"><span class='ocrx_word' id='word_1_186' title='bbox 244 1373 414 1408; x_wconf 85' lang='lat' dir='ltr'><em>Brevieuli</em></span> <span class='ocrx_word' id='word_1_187' title='bbox 426 1374 467 1408; x_wconf 91' lang='lat' dir='ltr'><em>de</em></span> <span class='ocrx_word' id='word_1_188' title='bbox 487 1372 651 1407; x_wconf 89' lang='lat' dir='ltr'><em>Romanis</em></span> <span class='ocrx_word' id='word_1_189' title='bbox 663 1372 797 1418; x_wconf 91' lang='lat' dir='ltr'><em>Legatis</em></span> <span class='ocrx_word' id='word_1_190' title='bbox 817 1371 985 1415; x_wconf 86' lang='lat' dir='ltr'>Ephesum</span> <span class='ocrx_word' id='word_1_191' title='bbox 1004 1371 1139 1415; x_wconf 86' lang='lat' dir='ltr'><em>profici-</em></span> 
     </span>
     <span class='ocr_line' id='line_1_28' title="bbox 244 1419 1139 1465; baseline -0.003 -7"><span class='ocrx_word' id='word_1_192' title='bbox 244 1423 414 1459; x_wconf 82' lang='lat' dir='ltr'><em>scentibus</em></span> <span class='ocrx_word' id='word_1_193' title='bbox 425 1421 520 1458; x_wconf 84' lang='lat' dir='ltr'><em>verba</em></span> <span class='ocrx_word' id='word_1_194' title='bbox 533 1437 544 1458; x_wconf 83' lang='lat'><em>.-</em></span> <span class='ocrx_word' id='word_1_195' title='bbox 572 1423 726 1462; x_wconf 74' lang='lat' dir='ltr'><em>Presbyter</em></span> <span class='ocrx_word' id='word_1_196' title='bbox 737 1426 874 1456; x_wconf 81' lang='lat' dir='ltr'><em>Renatus</em></span> <span class='ocrx_word' id='word_1_197' title='bbox 897 1428 930 1455; x_wconf 87' lang='lat' dir='ltr'><em>in</em></span> <span class='ocrx_word' id='word_1_198' title='bbox 941 1424 1015 1456; x_wconf 85' lang='lat' dir='ltr'><em>Delo</em></span> <span class='ocrx_word' id='word_1_199' title='bbox 1035 1419 1139 1465; x_wconf 79' lang='lat' dir='ltr'><em>Insula</em></span> 
     </span>
     <span class='ocr_line' id='line_1_29' title="bbox 245 1471 1141 1518; baseline -0.002 -10"><span class='ocrx_word' id='word_1_200' title='bbox 245 1483 343 1508; x_wconf 74' lang='lat' dir='ltr'><em>morte</em></span> <span class='ocrx_word' id='word_1_201' title='bbox 351 1482 530 1517; x_wconf 80' lang='lat' dir='ltr'><em>praeventus</em></span> <span class='ocrx_word' id='word_1_202' title='bbox 541 1472 586 1514; x_wconf 83' lang='lat' dir='ltr'><em>est.</em></span> <span class='ocrx_word' id='word_1_203' title='bbox 613 1473 717 1518; x_wconf 83' lang='lat' dir='ltr'><strong>Julius</strong></span> <span class='ocrx_word' id='word_1_204' title='bbox 727 1472 931 1507; x_wconf 88' lang='lat' dir='ltr'><em>Puteolanus</em></span> <span class='ocrx_word' id='word_1_205' title='bbox 944 1471 1141 1516; x_wconf 83' lang='lat' dir='ltr'>Episcopus,</span> 
     </span>
     <span class='ocr_line' id='line_1_30' title="bbox 247 1521 1139 1570; baseline -0.004 -11"><span class='ocrx_word' id='word_1_206' title='bbox 247 1523 454 1570; x_wconf 87' lang='lat' dir='ltr'><em>Legatorum</em></span> <span class='ocrx_word' id='word_1_207' title='bbox 478 1523 626 1566; x_wconf 76' lang='lat' dir='ltr'><em>primas,</em></span> <span class='ocrx_word' id='word_1_208' title='bbox 653 1523 812 1568; x_wconf 71' lang='lat' dir='ltr'><em>quoniam</em></span> <span class='ocrx_word' id='word_1_209' title='bbox 838 1534 899 1558; x_wconf 87' lang='lat' dir='ltr'><em>nec</em></span> <span class='ocrx_word' id='word_1_210' title='bbox 921 1522 955 1556; x_wconf 91' lang='lat' dir='ltr'><em>in</em></span> <span class='ocrx_word' id='word_1_211' title='bbox 976 1521 1139 1566; x_wconf 89' lang='lat' dir='ltr'><em>Synodo,</em></span> 
     </span>
     <span class='ocr_line' id='line_1_31' title="bbox 247 1572 1140 1619; baseline -0.003 -10"><span class='ocrx_word' id='word_1_212' title='bbox 247 1586 311 1609; x_wconf 83' lang='lat' dir='ltr'><em>nec</em></span> <span class='ocrx_word' id='word_1_213' title='bbox 322 1575 394 1618; x_wconf 89' lang='lat' dir='ltr'><em>post</em></span> <span class='ocrx_word' id='word_1_214' title='bbox 406 1576 506 1619; x_wconf 80' lang='lat' dir='ltr'>ipsam</span> <span class='ocrx_word' id='word_1_215' title='bbox 521 1575 677 1619; x_wconf 87' lang='lat' dir='ltr'><em>reperitur</em></span> <span class='ocrx_word' id='word_1_216' title='bbox 687 1574 754 1608; x_wconf 83' lang='lat' dir='ltr'><em>ulla</em></span> <span class='ocrx_word' id='word_1_217' title='bbox 765 1573 835 1617; x_wconf 80' lang='lat' dir='ltr'><em>ejus</em></span> <span class='ocrx_word' id='word_1_218' title='bbox 848 1574 1004 1608; x_wconf 88' lang='lat' dir='ltr'><em>memoria</em></span> <span class='ocrx_word' id='word_1_219' title='bbox 1017 1597 1028 1614; x_wconf 90' lang='lat'>,</span> <span class='ocrx_word' id='word_1_220' title='bbox 1054 1572 1140 1606; x_wconf 88' lang='lat' dir='ltr'><em>vide-</em></span> 
     </span>
     <span class='ocr_line' id='line_1_32' title="bbox 246 1619 1142 1671; baseline -0.003 -12"><span class='ocrx_word' id='word_1_221' title='bbox 246 1624 413 1659; x_wconf 77' lang='lat' dir='ltr'><em>tur-isthic</em></span> <span class='ocrx_word' id='word_1_222' title='bbox 424 1623 557 1660; x_wconf 80' lang='lat' dir='ltr'><em>obiiffe.</em></span> <span class='ocrx_word' id='word_1_223' title='bbox 586 1622 763 1671; x_wconf 84' lang='lat' dir='ltr'><em>Qidquid</em></span> <span class='ocrx_word' id='word_1_224' title='bbox 774 1625 831 1664; x_wconf 83' lang='lat' dir='ltr'><em>fit,</em></span> <span class='ocrx_word' id='word_1_225' title='bbox 859 1635 927 1657; x_wconf 88' lang='lat' dir='ltr'><em>non</em></span> <span class='ocrx_word' id='word_1_226' title='bbox 939 1632 1068 1662; x_wconf 87' lang='lat' dir='ltr'><em>unum,</em></span> <span class='ocrx_word' id='word_1_227' title='bbox 1089 1619 1142 1656; x_wconf 81' lang='lat' dir='ltr'><em>sed</em></span> 
     </span>
     <span class='ocr_line' id='line_1_33' title="bbox 245 1671 1142 1720; baseline -0.003 -12"><span class='ocrx_word' id='word_1_228' title='bbox 245 1676 358 1720; x_wconf 76' lang='lat' dir='ltr'><em>plures</em></span> <span class='ocrx_word' id='word_1_229' title='bbox 373 1675 535 1710; x_wconf 80' lang='lat' dir='ltr'><em>Romanae</em></span> <span class='ocrx_word' id='word_1_230' title='bbox 549 1674 696 1708; x_wconf 77' lang='lat' dir='ltr'><em>Ecelefiae</em></span> <span class='ocrx_word' id='word_1_231' title='bbox 704 1673 849 1719; x_wconf 86' lang='lat' dir='ltr'>Legatos</span> <span class='ocrx_word' id='word_1_232' title='bbox 861 1673 914 1708; x_wconf 84' lang='lat' dir='ltr'><em>isti</em></span> <span class='ocrx_word' id='word_1_233' title='bbox 926 1671 1050 1717; x_wconf 77' lang='lat' dir='ltr'><em>judicio</em></span> <span class='ocrx_word' id='word_1_234' title='bbox 1062 1683 1142 1707; x_wconf 91' lang='lat' dir='ltr'><em>con-</em></span> 
     </span>
     <span class='ocr_line' id='line_1_34' title="bbox 248 1723 1145 1768; baseline -0.004 -8"><span class='ocrx_word' id='word_1_235' title='bbox 248 1724 416 1761; x_wconf 73' lang='lat' dir='ltr'><em>tradixiffe</em></span> <span class='ocrx_word' id='word_1_236' title='bbox 426 1750 437 1766; x_wconf 92' lang='lat'>,</span> <span class='ocrx_word' id='word_1_237' title='bbox 463 1724 599 1759; x_wconf 87' lang='lat' dir='ltr'><em>testatur</em></span> <span class='ocrx_word' id='word_1_238' title='bbox 610 1723 724 1759; x_wconf 68' lang='lat' dir='ltr'><em>Victor</em></span> <span class='ocrx_word' id='word_1_239' title='bbox 734 1724 915 1768; x_wconf 84' lang='lat' dir='ltr'>Episcopus</span> <span class='ocrx_word' id='word_1_240' title='bbox 932 1723 1145 1757; x_wconf 87' lang='lat' dir='ltr'><em>Tonnonen-</em></span> 
     </span>
     <span class='ocr_line' id='line_1_35' title="bbox 247 1772 1143 1818; baseline -0.003 -9"><span class='ocrx_word' id='word_1_241' title='bbox 247 1777 310 1809; x_wconf 75' lang='lat' dir='ltr'><em>sis.</em></span> <span class='ocrx_word' id='word_1_242' title='bbox 339 1774 492 1818; x_wconf 86' lang='lat' dir='ltr'><em>Ejusdem</em></span> <span class='ocrx_word' id='word_1_243' title='bbox 513 1773 787 1809; x_wconf 75' lang='lat' dir='ltr'><em>contradistionis</em></span> <span class='ocrx_word' id='word_1_244' title='bbox 815 1774 968 1808; x_wconf 84' lang='lat' dir='ltr'>meminit</span> <span class='ocrx_word' id='word_1_245' title='bbox 989 1774 1024 1807; x_wconf 89' lang='lat' dir='ltr'><em>in</em></span> <span class='ocrx_word' id='word_1_246' title='bbox 1037 1772 1143 1807; x_wconf 90' lang='lat' dir='ltr'><em>Chro-</em></span> 
     </span>
     <span class='ocr_line' id='line_1_36' title="bbox 247 1822 1145 1868; baseline -0.006 -8"><span class='ocrx_word' id='word_1_247' title='bbox 247 1826 330 1860; x_wconf 86' lang='lat' dir='ltr'><em>nico</em></span> <span class='ocrx_word' id='word_1_248' title='bbox 352 1825 491 1868; x_wconf 84' lang='lat' dir='ltr'>Prosper</span> <span class='ocrx_word' id='word_1_249' title='bbox 510 1823 631 1868; x_wconf 90' lang='lat' dir='ltr'><em>Tyro:</em></span> <span class='ocrx_word' id='word_1_250' title='bbox 659 1829 696 1857; x_wconf 86' lang='lat' dir='ltr'><em>In</em></span> <span class='ocrx_word' id='word_1_251' title='bbox 710 1822 856 1866; x_wconf 83' lang='lat' dir='ltr'><em>prefino</em></span> <span class='ocrx_word' id='word_1_252' title='bbox 878 1825 1008 1858; x_wconf 78' lang='lat' dir='ltr'><em>Concilio</em></span> <span class='ocrx_word' id='word_1_253' title='bbox 1030 1822 1145 1867; x_wconf 88' lang='lat' dir='ltr'><em>Diosco-</em></span> 
     </span>
     <span class='ocr_line' id='line_1_37' title="bbox 252 1872 1144 1917; baseline -0.003 -8"><span class='ocrx_word' id='word_1_254' title='bbox 252 1887 308 1909; x_wconf 75' lang='lat' dir='ltr'><em>rus</em></span> <span class='ocrx_word' id='word_1_255' title='bbox 332 1872 557 1908; x_wconf 69' lang='lat' dir='ltr'><em>Alexandrinus</em></span> <span class='ocrx_word' id='word_1_256' title='bbox 579 1872 763 1917; x_wconf 67' lang='lat' dir='ltr'><em>Episcopus,</em></span> <span class='ocrx_word' id='word_1_257' title='bbox 790 1877 959 1907; x_wconf 85' lang='lat' dir='ltr'><em>Primatum</em></span> <span class='ocrx_word' id='word_1_258' title='bbox 978 1873 1030 1914; x_wconf 79' lang='lat' dir='ltr'><em>fibi</em></span> <span class='ocrx_word' id='word_1_259' title='bbox 1041 1875 1144 1908; x_wconf 76' lang='lat' dir='ltr'><em>vindi-</em></span> 
     </span>
     <span class='ocr_line' id='line_1_38' title="bbox 245 1921 1143 1967; baseline -0.004 -9"><span class='ocrx_word' id='word_1_260' title='bbox 245 1934 344 1963; x_wconf 74' lang='lat' dir='ltr'><em>cans,</em></span> <span class='ocrx_word' id='word_1_261' title='bbox 368 1922 500 1967; x_wconf 75' lang='lat' dir='ltr'><em>abfhluto</em></span> <span class='ocrx_word' id='word_1_262' title='bbox 523 1923 677 1963; x_wconf 71' lang='lat' dir='ltr'><em>Eutyche,</em></span> <span class='ocrx_word' id='word_1_263' title='bbox 704 1929 737 1956; x_wconf 88' lang='lat' dir='ltr'><em>in</em></span> <span class='ocrx_word' id='word_1_264' title='bbox 751 1924 942 1956; x_wconf 83' lang='lat' dir='ltr'><em>Flavianum</em></span> <span class='ocrx_word' id='word_1_265' title='bbox 961 1921 1143 1964; x_wconf 70' lang='lat' dir='ltr'><em>Episcopum</em></span> 
     </span>
     <span class='ocr_line' id='line_1_39' title="bbox 248 1971 1141 2016; baseline -0.006 -7"><span class='ocrx_word' id='word_1_266' title='bbox 248 1974 612 2016; x_wconf 80' lang='lat' dir='ltr'><em>constantinopolitanum</em></span> <span class='ocrx_word' id='word_1_267' title='bbox 629 1974 834 2006; x_wconf 76' lang='lat' dir='ltr'><em>damnationis</em></span> <span class='ocrx_word' id='word_1_268' title='bbox 855 1971 1039 2016; x_wconf 86' lang='lat' dir='ltr'><em>sententiam</em></span> <span class='ocrx_word' id='word_1_269' title='bbox 1049 1974 1141 2012; x_wconf 82' lang='lat' dir='ltr'><em>tulit,</em></span> 
     </span>
     <span class='ocr_line' id='line_1_40' title="bbox 248 2020 1144 2062; baseline -0.007 -3"><span class='ocrx_word' id='word_1_270' title='bbox 248 2027 432 2059; x_wconf 74' lang='lat' dir='ltr'><em>reclamante</em></span> <span class='ocrx_word' id='word_1_271' title='bbox 445 2026 567 2061; x_wconf 82' lang='lat' dir='ltr'><em>Hilaro,</em></span> <span class='ocrx_word' id='word_1_272' title='bbox 593 2027 723 2055; x_wconf 83' lang='lat' dir='ltr'><em>Diacono</em></span> <span class='ocrx_word' id='word_1_273' title='bbox 747 2020 878 2061; x_wconf 84' lang='lat' dir='ltr'><em>Ecclefiae</em></span> <span class='ocrx_word' id='word_1_274' title='bbox 900 2027 1044 2054; x_wconf 80' lang='lat' dir='ltr'><em>Romanae</em></span> <span class='ocrx_word' id='word_1_275' title='bbox 1058 2045 1068 2060; x_wconf 89' lang='lat'><strong>,</strong></span> <span class='ocrx_word' id='word_1_276' title='bbox 1093 2027 1144 2062; x_wconf 89' lang='lat' dir='ltr'><em>qui</em></span> 
     </span>
     <span class='ocr_line' id='line_1_41' title="bbox 248 2069 1144 2114; baseline -0.007 -7"><span class='ocrx_word' id='word_1_277' title='bbox 248 2079 316 2107; x_wconf 64' lang='lat' dir='ltr'><em>vice</em></span> <span class='ocrx_word' id='word_1_278' title='bbox 337 2073 455 2106; x_wconf 69' lang='lat' dir='ltr'><em>Sanllis</em></span> <span class='ocrx_word' id='word_1_279' title='bbox 469 2076 577 2106; x_wconf 88' lang='lat' dir='ltr'><em>Leonis</em></span> <span class='ocrx_word' id='word_1_280' title='bbox 590 2074 686 2113; x_wconf 82' lang='lat' dir='ltr'><em>Papae</em></span> <span class='ocrx_word' id='word_1_281' title='bbox 708 2082 773 2104; x_wconf 88' lang='lat' dir='ltr'><em>cum</em></span> <span class='ocrx_word' id='word_1_282' title='bbox 778 2074 810 2114; x_wconf 86' lang='lat' dir='ltr'><strong><em>J</em></strong></span> <span class='ocrx_word' id='word_1_283' title='bbox 813 2071 871 2103; x_wconf 88' lang='lat' dir='ltr'><em>ulio</em></span> <span class='ocrx_word' id='word_1_284' title='bbox 883 2069 1027 2112; x_wconf 82' lang='lat' dir='ltr'><em>Episcopo</em></span> <span class='ocrx_word' id='word_1_285' title='bbox 1042 2073 1144 2102; x_wconf 89' lang='lat' dir='ltr'><em>Puteo·</em></span> 
     </span>
     <span class='ocr_line' id='line_1_42' title="bbox 250 2120 1144 2165; baseline -0.007 -8"><span class='ocrx_word' id='word_1_286' title='bbox 250 2125 321 2158; x_wconf 83' lang='lat' dir='ltr'><em>lano</em></span> <span class='ocrx_word' id='word_1_287' title='bbox 339 2125 360 2156; x_wconf 77' lang='grc' dir='ltr'><em>ἃ</em></span> <span class='ocrx_word' id='word_1_288' title='bbox 381 2124 454 2156; x_wconf 78' lang='lat' dir='ltr'><em>sede</em></span> <span class='ocrx_word' id='word_1_289' title='bbox 475 2121 632 2165; x_wconf 83' lang='lat' dir='ltr'><em>Apostolica</em></span> <span class='ocrx_word' id='word_1_290' title='bbox 648 2120 755 2162; x_wconf 84' lang='lat' dir='ltr'><em>fuerat</em></span> <span class='ocrx_word' id='word_1_291' title='bbox 767 2120 947 2160; x_wconf 79' lang='lat' dir='ltr'><em>destinatus.</em></span> <span class='ocrx_word' id='word_1_292' title='bbox 974 2123 1062 2152; x_wconf 85' lang='lat' dir='ltr'><em>Nam</em></span> <span class='ocrx_word' id='word_1_293' title='bbox 1079 2129 1144 2152; x_wconf 86' lang='lat' dir='ltr'><em>cum</em></span> 
     </span>
     <span class='ocr_line' id='line_1_43' title="bbox 246 2168 1143 2215; baseline -0.004 -9"><span class='ocrx_word' id='word_1_294' title='bbox 246 2182 351 2207; x_wconf 85' lang='lat' dir='ltr'><em>omnes</em></span> <span class='ocrx_word' id='word_1_295' title='bbox 372 2171 514 2215; x_wconf 78' lang='lat' dir='ltr'><em>Episcopi</em></span> <span class='ocrx_word' id='word_1_296' title='bbox 536 2178 570 2205; x_wconf 78' lang='lat' dir='ltr'><em>in</em></span> <span class='ocrx_word' id='word_1_297' title='bbox 592 2171 721 2204; x_wconf 78' lang='lat' dir='ltr'><em>Concilio</em></span> <span class='ocrx_word' id='word_1_298' title='bbox 749 2168 896 2210; x_wconf 83' lang='lat' dir='ltr'><em>constituti</em></span> <span class='ocrx_word' id='word_1_299' title='bbox 913 2194 924 2210; x_wconf 90' lang='lat'>‚</span> <span class='ocrx_word' id='word_1_300' title='bbox 950 2174 985 2203; x_wconf 85' lang='lat' dir='ltr'><em>vi</em></span> <span class='ocrx_word' id='word_1_301' title='bbox 1010 2170 1045 2203; x_wconf 64' lang='grc' dir='ltr'>Θ</span> <span class='ocrx_word' id='word_1_302' title='bbox 1065 2177 1143 2203; x_wconf 84' lang='lat' dir='ltr'><em>metu</em></span> 
     </span>
     <span class='ocr_line' id='line_1_44' title="bbox 248 2219 1142 2262; baseline -0.003 -7"><span class='ocrx_word' id='word_1_303' title='bbox 248 2227 428 2261; x_wconf 84' lang='lat' dir='ltr'><em>Comitum,</em></span> <span class='ocrx_word' id='word_1_304' title='bbox 453 2224 505 2255; x_wconf 83' lang='lat' dir='ltr'><em>vel</em></span> <span class='ocrx_word' id='word_1_305' title='bbox 525 2223 656 2255; x_wconf 82' lang='lat' dir='ltr'><em>militum</em></span> <span class='ocrx_word' id='word_1_306' title='bbox 672 2231 742 2261; x_wconf 87' lang='lat' dir='ltr'><em>quos</em></span> <span class='ocrx_word' id='word_1_307' title='bbox 769 2219 902 2262; x_wconf 88' lang='lat' dir='ltr'><em>Dioscoro</em></span> <span class='ocrx_word' id='word_1_308' title='bbox 926 2220 1142 2253; x_wconf 75' lang='lat' dir='ltr'><em>Alexandrinae</em></span> 
     </span>
     <span class='ocr_line' id='line_1_45' title="bbox 249 2269 1142 2314; baseline -0.004 -8"><span class='ocrx_word' id='word_1_309' title='bbox 249 2272 334 2307; x_wconf 77' lang='lat' dir='ltr'><em>urbis</em></span> <span class='ocrx_word' id='word_1_310' title='bbox 346 2269 492 2314; x_wconf 82' lang='lat' dir='ltr'><em>Episcopo</em></span> <span class='ocrx_word' id='word_1_311' title='bbox 514 2271 696 2303; x_wconf 77' lang='lat' dir='ltr'><em>attribuerat</em></span> <span class='ocrx_word' id='word_1_312' title='bbox 720 2274 908 2310; x_wconf 82' lang='lat' dir='ltr'><em>Imperator,</em></span> <span class='ocrx_word' id='word_1_313' title='bbox 935 2270 1142 2311; x_wconf 75' lang='lat' dir='ltr'><em>compelleren-</em></span> 
     </span>
     <span class='ocr_line' id='line_1_46' title="bbox 249 2317 1141 2362; baseline -0.004 -7"><span class='ocrx_word' id='word_1_314' title='bbox 249 2330 301 2355; x_wconf 67' lang='lat' dir='ltr'><em>tur</em></span> <span class='ocrx_word' id='word_1_315' title='bbox 312 2319 379 2354; x_wconf 78' lang='lat' dir='ltr'><em>huic</em></span> <span class='ocrx_word' id='word_1_316' title='bbox 403 2320 507 2362; x_wconf 81' lang='lat' dir='ltr'><em>haerefi</em></span> <span class='ocrx_word' id='word_1_317' title='bbox 512 2320 727 2354; x_wconf 84' lang='lat' dir='ltr'><em>accommodare</em></span> <span class='ocrx_word' id='word_1_318' title='bbox 747 2317 935 2362; x_wconf 81' lang='lat' dir='ltr'><em>consensum,</em></span> <span class='ocrx_word' id='word_1_319' title='bbox 961 2328 1141 2352; x_wconf 85' lang='lat' dir='ltr'><em>memoratus</em></span> 
     </span>
     <span class='ocr_line' id='line_1_47' title="bbox 250 2369 1144 2411; baseline -0.002 -7"><span class='ocrx_word' id='word_1_320' title='bbox 250 2375 405 2405; x_wconf 79' lang='lat' dir='ltr'><em>Diaconus</em></span> <span class='ocrx_word' id='word_1_321' title='bbox 419 2393 430 2409; x_wconf 94' lang='lat'>‚</span> <span class='ocrx_word' id='word_1_322' title='bbox 457 2375 537 2403; x_wconf 85' lang='lat' dir='ltr'><em>inter</em></span> <span class='ocrx_word' id='word_1_323' title='bbox 559 2378 601 2401; x_wconf 87' lang='lat' dir='ltr'><em>tot</em></span> <span class='ocrx_word' id='word_1_324' title='bbox 625 2375 701 2403; x_wconf 79' lang='lat' dir='ltr'><em>vitae</em></span> <span class='ocrx_word' id='word_1_325' title='bbox 708 2371 842 2411; x_wconf 84' lang='lat' dir='ltr'><em>pericula</em></span> <span class='ocrx_word' id='word_1_326' title='bbox 853 2369 1049 2409; x_wconf 77' lang='lat' dir='ltr'><em>constitutus,</em></span> <span class='ocrx_word' id='word_1_327' title='bbox 1075 2380 1144 2402; x_wconf 81' lang='lat' dir='ltr'><em>voce</em></span> 
     </span>
     <span class='ocr_line' id='line_1_48' title="bbox 249 2418 1136 2461; baseline -0.003 -7"><span class='ocrx_word' id='word_1_328' title='bbox 249 2419 493 2454; x_wconf 62' lang='lat' dir='ltr'><em>contradictionis</em></span> <span class='ocrx_word' id='word_1_329' title='bbox 505 2418 602 2461; x_wconf 82' lang='lat' dir='ltr'><em>emissa</em></span> <span class='ocrx_word' id='word_1_330' title='bbox 614 2443 624 2458; x_wconf 90' lang='lat'>‚</span> <span class='ocrx_word' id='word_1_331' title='bbox 649 2429 713 2452; x_wconf 89' lang='lat' dir='ltr'><em>eum</em></span> <span class='ocrx_word' id='word_1_332' title='bbox 734 2425 766 2450; x_wconf 89' lang='lat' dir='ltr'><em>in</em></span> <span class='ocrx_word' id='word_1_333' title='bbox 791 2420 856 2458; x_wconf 80' lang='lat' dir='ltr'><em>ejus</em></span> <span class='ocrx_word' id='word_1_334' title='bbox 864 2427 1022 2460; x_wconf 84' lang='lat' dir='ltr'><em>propterea</em></span> <span class='ocrx_word' id='word_1_335' title='bbox 1037 2426 1136 2460; x_wconf 84' lang='lat' dir='ltr'><em>perni-</em></span> 
     </span>
     <span class='ocr_line' id='line_1_49' title="bbox 250 2467 1137 2513; baseline -0.005 -8"><span class='ocrx_word' id='word_1_336' title='bbox 250 2476 323 2505; x_wconf 80' lang='lat' dir='ltr'><em>ciem</em></span> <span class='ocrx_word' id='word_1_337' title='bbox 330 2468 515 2513; x_wconf 61' lang='lat' dir='ltr'><em>savirum,</em></span> <span class='ocrx_word' id='word_1_338' title='bbox 539 2468 650 2502; x_wconf 66' lang='lat' dir='ltr'><em>relictis</em></span> <span class='ocrx_word' id='word_1_339' title='bbox 670 2469 730 2501; x_wconf 84' lang='lat' dir='ltr'><em>illic</em></span> <span class='ocrx_word' id='word_1_340' title='bbox 740 2468 874 2500; x_wconf 71' lang='lat' dir='ltr'><em>omnibus</em></span> <span class='ocrx_word' id='word_1_341' title='bbox 894 2467 980 2510; x_wconf 86' lang='lat' dir='ltr'><em>suis,</em></span> <span class='ocrx_word' id='word_1_342' title='bbox 1008 2470 1137 2502; x_wconf 83' lang='lat' dir='ltr'><em>latenter</em></span> 
     </span>
     <span class='ocr_line' id='line_1_50' title="bbox 250 2518 1141 2563; baseline -0.003 -9"><span class='ocrx_word' id='word_1_343' title='bbox 250 2519 397 2563; x_wconf 80' lang='lat' dir='ltr'><em>absceffit‚</em></span> <span class='ocrx_word' id='word_1_344' title='bbox 422 2527 455 2554; x_wconf 82' lang='lat' dir='ltr'><em>ut</em></span> <span class='ocrx_word' id='word_1_345' title='bbox 471 2518 607 2562; x_wconf 84' lang='lat' dir='ltr'><em>praefato</em></span> <span class='ocrx_word' id='word_1_346' title='bbox 630 2521 749 2560; x_wconf 84' lang='lat' dir='ltr'><em>Papae,</em></span> <span class='ocrx_word' id='word_1_347' title='bbox 775 2519 828 2551; x_wconf 84' lang='lat' dir='ltr'><em>vel</em></span> <span class='ocrx_word' id='word_1_348' title='bbox 836 2523 952 2551; x_wconf 76' lang='lat' dir='ltr'><em>caeteris</em></span> <span class='ocrx_word' id='word_1_349' title='bbox 976 2520 1075 2551; x_wconf 80' lang='lat' dir='ltr'><em>Italiae</em></span> <span class='ocrx_word' id='word_1_350' title='bbox 1086 2521 1141 2551; x_wconf 81' lang='lat' dir='ltr'><em>Sa-</em></span> 
     </span>
     <span class='ocr_line' id='line_1_51' title="bbox 250 2567 1139 2613; baseline -0.002 -9"><span class='ocrx_word' id='word_1_351' title='bbox 250 2571 444 2611; x_wconf 70' lang='lat' dir='ltr'><em>ardoribus,</em></span> <span class='ocrx_word' id='word_1_352' title='bbox 469 2571 599 2613; x_wconf 86' lang='lat' dir='ltr'><em>qualiter</em></span> <span class='ocrx_word' id='word_1_353' title='bbox 611 2568 654 2601; x_wconf 88' lang='lat' dir='ltr'><em>ibi</em></span> <span class='ocrx_word' id='word_1_354' title='bbox 664 2567 820 2601; x_wconf 82' lang='lat' dir='ltr'><em>Catholica</em></span> <span class='ocrx_word' id='word_1_355' title='bbox 838 2568 916 2610; x_wconf 83' lang='lat' dir='ltr'><em>fides</em></span> <span class='ocrx_word' id='word_1_356' title='bbox 929 2568 1039 2610; x_wconf 79' lang='lat' dir='ltr'><em>fuerat</em></span> <span class='ocrx_word' id='word_1_357' title='bbox 1049 2571 1139 2611; x_wconf 59' lang='lat' dir='ltr'><em>violaf</em></span> 
     </span>
     <span class='ocr_line' id='line_1_52' title="bbox 252 2618 1141 2664; baseline -0.002 -9"><span class='ocrx_word' id='word_1_358' title='bbox 252 2630 310 2662; x_wconf 82' lang='lat' dir='ltr'><em>ta,</em></span> <span class='ocrx_word' id='word_1_359' title='bbox 334 2620 391 2664; x_wconf 86' lang='lat' dir='ltr'><em>sua</em></span> <span class='ocrx_word' id='word_1_360' title='bbox 412 2621 560 2654; x_wconf 70' lang='lat' dir='ltr'><em>delatione</em></span> <span class='ocrx_word' id='word_1_361' title='bbox 578 2627 742 2661; x_wconf 80' lang='lat' dir='ltr'><em>promeret.</em></span> <span class='ocrx_word' id='word_1_362' title='bbox 770 2620 900 2654; x_wconf 86' lang='lat' dir='ltr'>Omnes</span> <span class='ocrx_word' id='word_1_363' title='bbox 911 2618 985 2652; x_wconf 89' lang='lat' dir='ltr'><em>suos</em></span> <span class='ocrx_word' id='word_1_364' title='bbox 998 2619 1141 2663; x_wconf 79' lang='lat' dir='ltr'><em>Legatos</em></span> 
     </span>
     <span class='ocr_line' id='line_1_53' title="bbox 252 2668 1138 2712; baseline -0.003 -6"><span class='ocrx_word' id='word_1_365' title='bbox 252 2669 486 2706; x_wconf 78' lang='lat' dir='ltr'><em>contradixiffe</em></span> <span class='ocrx_word' id='word_1_366' title='bbox 512 2670 622 2704; x_wconf 83' lang='lat' dir='ltr'><em>scribit</em></span> <span class='ocrx_word' id='word_1_367' title='bbox 643 2670 678 2703; x_wconf 89' lang='lat' dir='ltr'><em>in</em></span> <span class='ocrx_word' id='word_1_368' title='bbox 703 2668 819 2703; x_wconf 89' lang='lat' dir='ltr'><em>litteris</em></span> <span class='ocrx_word' id='word_1_369' title='bbox 837 2669 878 2703; x_wconf 88' lang='lat' dir='ltr'><em>ad</em></span> <span class='ocrx_word' id='word_1_370' title='bbox 906 2669 1138 2712; x_wconf 86' lang='lat' dir='ltr'><em>Imperatorem</em></span> 
     </span>
     <span class='ocr_line' id='line_1_54' title="bbox 253 2718 1140 2762; baseline -0.001 -6"><span class='ocrx_word' id='word_1_371' title='bbox 253 2721 487 2756; x_wconf 81' lang='lat' dir='ltr'><em>Theodosium</em></span> <span class='ocrx_word' id='word_1_372' title='bbox 504 2742 515 2759; x_wconf 87' lang='lat'><strong>,</strong></span> <span class='ocrx_word' id='word_1_373' title='bbox 542 2731 579 2754; x_wconf 89' lang='lat' dir='ltr'><em>ac</em></span> <span class='ocrx_word' id='word_1_374' title='bbox 601 2720 643 2754; x_wconf 88' lang='lat' dir='ltr'><em>ad</em></span> <span class='ocrx_word' id='word_1_375' title='bbox 669 2719 737 2762; x_wconf 84' lang='lat' dir='ltr'><em>ejus</em></span> <span class='ocrx_word' id='word_1_376' title='bbox 762 2720 907 2754; x_wconf 88' lang='lat' dir='ltr'><em>sororem</em></span> <span class='ocrx_word' id='word_1_377' title='bbox 933 2718 1140 2755; x_wconf 78' lang='lat' dir='ltr'><em>pulcheriam</em></span> 
     </span>
     <span class='ocr_line' id='line_1_55' title="bbox 251 2769 1138 2815; baseline -0.002 -9"><span class='ocrx_word' id='word_1_378' title='bbox 251 2773 354 2807; x_wconf 87' lang='lat' dir='ltr'><em>etiam</em></span> <span class='ocrx_word' id='word_1_379' title='bbox 366 2772 515 2815; x_wconf 80' lang='lat' dir='ltr'><em>Magnus</em></span> <span class='ocrx_word' id='word_1_380' title='bbox 527 2771 597 2805; x_wconf 91' lang='lat' dir='ltr'><em>Leo</em></span> <span class='ocrx_word' id='word_1_381' title='bbox 609 2794 619 2810; x_wconf 95' lang='lat'>‚</span> <span class='ocrx_word' id='word_1_382' title='bbox 645 2770 851 2814; x_wconf 72' lang='lat' dir='ltr'><em>singulariter</em></span> <span class='ocrx_word' id='word_1_383' title='bbox 871 2779 979 2803; x_wconf 88' lang='lat' dir='ltr'><em>tamen</em></span> <span class='ocrx_word' id='word_1_384' title='bbox 1002 2769 1138 2804; x_wconf 87' lang='lat' dir='ltr'><em>laudans</em></span> 
     </span>
     <span class='ocr_line' id='line_1_56' title="bbox 254 2818 1140 2864; baseline -0.002 -8"><span class='ocrx_word' id='word_1_385' title='bbox 254 2822 412 2857; x_wconf 80' lang='lat' dir='ltr'><em>Hilarum</em></span> <span class='ocrx_word' id='word_1_386' title='bbox 423 2821 616 2856; x_wconf 87' lang='lat' dir='ltr'><em>Diaconum</em></span> <span class='ocrx_word' id='word_1_387' title='bbox 630 2845 637 2853; x_wconf 90' lang='lat'><strong>.</strong></span> <span class='ocrx_word' id='word_1_388' title='bbox 665 2818 769 2854; x_wconf 76' lang='lat' dir='ltr'><em>Porro</em></span> <span class='ocrx_word' id='word_1_389' title='bbox 781 2819 946 2864; x_wconf 84' lang='lat' dir='ltr'><em>appellans</em></span> <span class='ocrx_word' id='word_1_390' title='bbox 965 2819 1140 2854; x_wconf 88' lang='lat' dir='ltr'><em>Flavianus</em></span> 
     </span>
     <span class='ocr_line' id='line_1_57' title="bbox 252 2869 1138 2915; baseline -0.001 -9"><span class='ocrx_word' id='word_1_391' title='bbox 252 2883 325 2907; x_wconf 76' lang='lat' dir='ltr'><em>non</em></span> <span class='ocrx_word' id='word_1_392' title='bbox 346 2871 496 2915; x_wconf 75' lang='lat' dir='ltr'><em>expressit</em></span> <span class='ocrx_word' id='word_1_393' title='bbox 520 2871 714 2905; x_wconf 85' lang='lat' dir='ltr'><em>invocatum</em></span> <span class='ocrx_word' id='word_1_394' title='bbox 735 2870 754 2904; x_wconf 74' lang='lat' dir='ltr'><em>a</em></span> <span class='ocrx_word' id='word_1_395' title='bbox 775 2871 805 2903; x_wconf 90' lang='lat' dir='ltr'><em>se</em></span> <span class='ocrx_word' id='word_1_396' title='bbox 831 2869 979 2914; x_wconf 89' lang='lat' dir='ltr'><em>Judicem</em></span> <span class='ocrx_word' id='word_1_397' title='bbox 1004 2895 1010 2902; x_wconf 93' lang='lat'><strong>.</strong></span> <span class='ocrx_word' id='word_1_398' title='bbox 1044 2870 1138 2905; x_wconf 87' lang='lat' dir='ltr'><em>Hinc</em></span> 
     </span>
     <span class='ocr_line' id='line_1_58' title="bbox 255 2919 1139 2965; baseline 0.002 -11"><span class='ocrx_word' id='word_1_399' title='bbox 255 2920 391 2965; x_wconf 84' lang='lat' dir='ltr'><em>quaestio</em></span> <span class='ocrx_word' id='word_1_400' title='bbox 401 2921 470 2962; x_wconf 89' lang='lat' dir='ltr'><em>est,</em></span> <span class='ocrx_word' id='word_1_401' title='bbox 495 2931 537 2955; x_wconf 90' lang='lat' dir='ltr'><em>an</em></span> <span class='ocrx_word' id='word_1_402' title='bbox 560 2921 600 2954; x_wconf 91' lang='lat' dir='ltr'><em>ad</em></span> <span class='ocrx_word' id='word_1_403' title='bbox 614 2919 718 2954; x_wconf 89' lang='lat' dir='ltr'><em>solum</em></span> <span class='ocrx_word' id='word_1_404' title='bbox 741 2919 941 2955; x_wconf 87' lang='lat' dir='ltr'><em>Pontificem</em></span> <span class='ocrx_word' id='word_1_405' title='bbox 962 2920 1139 2963; x_wconf 85' lang='lat' dir='ltr'><em>appellave-</em></span> 
     </span>
     <span class='ocr_line' id='line_1_59' title="bbox 253 2969 1137 3013; baseline 0 -9"><span class='ocrx_word' id='word_1_406' title='bbox 253 2971 300 3005; x_wconf 77' lang='lat' dir='ltr'><em>rit</em></span> <span class='ocrx_word' id='word_1_407' title='bbox 325 2993 338 3011; x_wconf 88' lang='lat'><strong>,</strong></span> <span class='ocrx_word' id='word_1_408' title='bbox 364 2981 407 3004; x_wconf 88' lang='lat' dir='ltr'><em>an</em></span> <span class='ocrx_word' id='word_1_409' title='bbox 428 2969 504 3003; x_wconf 81' lang='lat' dir='ltr'><em>vero</em></span> <span class='ocrx_word' id='word_1_410' title='bbox 524 2969 565 3004; x_wconf 87' lang='lat' dir='ltr'><em>ad</em></span> <span class='ocrx_word' id='word_1_411' title='bbox 586 2970 685 3006; x_wconf 84' lang='lat' dir='ltr'><em>aliam</em></span> <span class='ocrx_word' id='word_1_412' title='bbox 706 2970 903 3005; x_wconf 88' lang='lat' dir='ltr'><em>Generalem</em></span> <span class='ocrx_word' id='word_1_413' title='bbox 940 2970 1137 3013; x_wconf 80' lang='lat' dir='ltr'><em>Synodum?</em></span> 
     </span>
     <span class='ocr_line' id='line_1_60' title="bbox 254 3018 1139 3062; baseline -0.001 -6"><span class='ocrx_word' id='word_1_414' title='bbox 254 3021 338 3056; x_wconf 88' lang='lat' dir='ltr'><em>Hoc</em></span> <span class='ocrx_word' id='word_1_415' title='bbox 365 3019 455 3054; x_wconf 88' lang='lat' dir='ltr'><em>enim</em></span> <span class='ocrx_word' id='word_1_416' title='bbox 483 3019 589 3062; x_wconf 86' lang='lat' dir='ltr'><em>placet</em></span> <span class='ocrx_word' id='word_1_417' title='bbox 614 3021 809 3055; x_wconf 87' lang='lat' dir='ltr'><em>Reverendo</em></span> <span class='ocrx_word' id='word_1_418' title='bbox 841 3021 930 3054; x_wconf 85' lang='lat' dir='ltr'><em>Patri</em></span> <span class='ocrx_word' id='word_1_419' title='bbox 966 3018 1139 3055; x_wconf 86' lang='lat' dir='ltr'><em>Paschafio</em></span> 
     </span>
     <span class='ocr_line' id='line_1_61' title="bbox 253 3069 1138 3119; baseline 0.002 -15"><span class='ocrx_word' id='word_1_420' title='bbox 253 3069 438 3119; x_wconf 78' lang='lat' dir='ltr'><em>Qesnello</em></span> <span class='ocrx_word' id='word_1_421' title='bbox 449 3094 457 3103; x_wconf 90' lang='lat'><strong>.</strong></span> <span class='ocrx_word' id='word_1_422' title='bbox 483 3069 600 3104; x_wconf 84' lang='lat' dir='ltr'><em>Petrus</em></span> <span class='ocrx_word' id='word_1_423' title='bbox 612 3071 653 3105; x_wconf 87' lang='lat' dir='ltr'><em>de</em></span> <span class='ocrx_word' id='word_1_424' title='bbox 665 3070 779 3105; x_wconf 88' lang='lat' dir='ltr'><em>Marca</em></span> <span class='ocrx_word' id='word_1_425' title='bbox 792 3069 845 3104; x_wconf 88' lang='lat' dir='ltr'><em>hic</em></span> <span class='ocrx_word' id='word_1_426' title='bbox 861 3070 1014 3106; x_wconf 87' lang='lat' dir='ltr'><em>deseritur</em></span> <span class='ocrx_word' id='word_1_427' title='bbox 1032 3071 1051 3105; x_wconf 63' lang='grc' dir='ltr'>ὰ</span> <span class='ocrx_word' id='word_1_428' title='bbox 1073 3072 1138 3106; x_wconf 87' lang='lat' dir='ltr'><em>suis</em></span> 
     </span>
     <span class='ocr_line' id='line_1_62' title="bbox 254 3119 461 3165; baseline -0.019 -9"><span class='ocrx_word' id='word_1_429' title='bbox 254 3119 461 3165; x_wconf 83' lang='lat' dir='ltr'><em>Symmistis.</em></span> 
     </span>
    </p>

    <p class='ocr_par' dir='ltr' id='par_1_6' title="bbox 253 3169 1140 3467">
     <span class='ocr_line' id='line_1_63' title="bbox 306 3169 1140 3218; baseline 0.001 -13"><span class='ocrx_word' id='word_1_430' title='bbox 306 3169 505 3218; x_wconf 87' lang='lat' dir='ltr'><em>Respondeo</em></span> <span class='ocrx_word' id='word_1_431' title='bbox 526 3169 680 3204; x_wconf 65' lang='lat' dir='ltr'><em>Sanctum</em></span> <span class='ocrx_word' id='word_1_432' title='bbox 699 3169 893 3205; x_wconf 85' lang='lat' dir='ltr'><em>Flavianum</em></span> <span class='ocrx_word' id='word_1_433' title='bbox 919 3171 1089 3216; x_wconf 72' lang='lat' dir='ltr'><em>appellasse</em></span> <span class='ocrx_word' id='word_1_434' title='bbox 1098 3171 1140 3206; x_wconf 88' lang='lat' dir='ltr'><em>ad</em></span> 
     </span>
     <span class='ocr_line' id='line_1_64' title="bbox 253 3219 1140 3266; baseline 0.001 -10"><span class='ocrx_word' id='word_1_435' title='bbox 253 3221 361 3262; x_wconf 81' lang='lat' dir='ltr'><em>solum</em></span> <span class='ocrx_word' id='word_1_436' title='bbox 384 3220 584 3254; x_wconf 87' lang='lat' dir='ltr'><em>Pontificem</em></span> <span class='ocrx_word' id='word_1_437' title='bbox 603 3219 752 3254; x_wconf 83' lang='lat' dir='ltr'><em>Leonem</em></span> <span class='ocrx_word' id='word_1_438' title='bbox 772 3246 780 3253; x_wconf 94' lang='lat'>.</span> <span class='ocrx_word' id='word_1_439' title='bbox 806 3221 912 3256; x_wconf 89' lang='lat' dir='ltr'><em>Lucet</em></span> <span class='ocrx_word' id='word_1_440' title='bbox 936 3232 977 3256; x_wconf 86' lang='lat' dir='ltr'><em>ex</em></span> <span class='ocrx_word' id='word_1_441' title='bbox 998 3221 1140 3266; x_wconf 73' lang='lat' dir='ltr'><em>ejusdem</em></span> 
     </span>
     <span class='ocr_line' id='line_1_65' title="bbox 253 3268 1138 3318; baseline 0.001 -12"><span class='ocrx_word' id='word_1_442' title='bbox 253 3271 511 3318; x_wconf 84' lang='lat' dir='ltr'><em>MagniLeonis</em></span> <span class='ocrx_word' id='word_1_443' title='bbox 521 3268 712 3304; x_wconf 80' lang='lat' dir='ltr'><em>testimonio</em></span> <span class='ocrx_word' id='word_1_444' title='bbox 732 3270 767 3303; x_wconf 87' lang='lat' dir='ltr'><em>in</em></span> <span class='ocrx_word' id='word_1_445' title='bbox 787 3270 902 3306; x_wconf 84' lang='lat' dir='ltr'><em>litteris</em></span> <span class='ocrx_word' id='word_1_446' title='bbox 912 3272 953 3306; x_wconf 87' lang='lat' dir='ltr'><em>ad</em></span> <span class='ocrx_word' id='word_1_447' title='bbox 964 3272 1138 3316; x_wconf 86' lang='lat' dir='ltr'><em>Imperato-</em></span> 
     </span>
     <span class='ocr_line' id='line_1_66' title="bbox 255 3319 1138 3363; baseline -0.002 -6"><span class='ocrx_word' id='word_1_448' title='bbox 255 3333 326 3357; x_wconf 83' lang='lat' dir='ltr'><em>rem</em></span> <span class='ocrx_word' id='word_1_449' title='bbox 347 3319 601 3356; x_wconf 78' lang='lat' dir='ltr'><em>Theodosium:</em></span> <span class='ocrx_word' id='word_1_450' title='bbox 628 3321 713 3363; x_wconf 73' lang='lat' dir='ltr'><em>,Quia</em></span> <span class='ocrx_word' id='word_1_451' title='bbox 737 3321 898 3356; x_wconf 84' lang='lat' dir='ltr'><em>Dominicae</em></span> <span class='ocrx_word' id='word_1_452' title='bbox 917 3326 1138 3357; x_wconf 67' lang='lat' dir='ltr'><em>,incarnationis</em></span> 
     </span>
     <span class='ocr_line' id='line_1_67' title="bbox 260 3371 1139 3414; baseline 0.001 -9"><span class='ocrx_word' id='word_1_453' title='bbox 260 3375 451 3407; x_wconf 81' lang='lat' dir='ltr'><em>sacramento</em></span> <span class='ocrx_word' id='word_1_454' title='bbox 472 3372 564 3414; x_wconf 70' lang='lat' dir='ltr'><em>impie</em></span> <span class='ocrx_word' id='word_1_455' title='bbox 584 3379 660 3403; x_wconf 84' lang='lat' dir='ltr'><em>nunc</em></span> <span class='ocrx_word' id='word_1_456' title='bbox 684 3371 711 3406; x_wconf 71' lang='grc' dir='ltr'><em>ὰ,</em></span> <span class='ocrx_word' id='word_1_457' title='bbox 723 3376 828 3412; x_wconf 79' lang='lat' dir='ltr'><em>paucis</em></span> <span class='ocrx_word' id='word_1_458' title='bbox 844 3373 1083 3413; x_wconf 65' lang='lat' dir='ltr'><em>vnprudentibus</em></span> <span class='ocrx_word' id='word_1_459' title='bbox 1092 3372 1139 3406; x_wconf 88' lang='lat' dir='ltr'><em>ob·</em></span> 
     </span>
     <span class='ocr_line' id='line_1_68' title="bbox 258 3418 1136 3467; baseline 0.003 -12"><span class='ocrx_word' id='word_1_460' title='bbox 258 3426 386 3467; x_wconf 71' lang='lat' dir='ltr'><em>viatur,</em></span> <span class='ocrx_word' id='word_1_461' title='bbox 409 3432 509 3458; x_wconf 76' lang='lat' dir='ltr'><em>omnes</em></span> <span class='ocrx_word' id='word_1_462' title='bbox 526 3423 663 3466; x_wconf 77' lang='lat' dir='ltr'><em>partium</em></span> <span class='ocrx_word' id='word_1_463' title='bbox 683 3418 844 3461; x_wconf 63' lang='lat' dir='ltr'><em>nostrarum</em></span> <span class='ocrx_word' id='word_1_464' title='bbox 861 3421 1014 3466; x_wconf 74' lang='lat' dir='ltr'><em>Ecdefiae,</em></span> <span class='ocrx_word' id='word_1_465' title='bbox 1038 3432 1136 3458; x_wconf 84' lang='lat' dir='ltr'><em>omnes</em></span> 
     </span>
    </p>
   </div>
   <div class='ocr_carea' id='block_1_6' title="bbox 1190 270 2136 1764">
    <p class='ocr_par' dir='ltr' id='par_1_7' title="bbox 1190 270 2136 1764">
     <span class='ocr_line' id='line_1_69' title="bbox 1190 270 2081 319; baseline 0.013 -17"><span class='ocrx_word' id='word_1_466' title='bbox 1190 271 1309 312; x_wconf 80' lang='lat' dir='ltr'><em>plicant</em></span> <span class='ocrx_word' id='word_1_467' title='bbox 1320 270 1491 304; x_wconf 79' lang='lat' dir='ltr'><em>Sacerdotes</em></span> <span class='ocrx_word' id='word_1_468' title='bbox 1502 293 1515 311; x_wconf 86' lang='lat'><strong><em>,</em></strong></span> <span class='ocrx_word' id='word_1_469' title='bbox 1543 279 1578 304; x_wconf 84' lang='lat' dir='ltr'><em>ut</em></span> <span class='ocrx_word' id='word_1_470' title='bbox 1599 279 1671 314; x_wconf 84' lang='lat' dir='ltr'><em>quia</em></span> <span class='ocrx_word' id='word_1_471' title='bbox 1691 276 1726 310; x_wconf 66' lang='grc'><em>(9</em></span> <span class='ocrx_word' id='word_1_472' title='bbox 1739 275 1827 316; x_wconf 64' lang='lat' dir='ltr'><em>nostri</em></span> <span class='ocrx_word' id='word_1_473' title='bbox 1844 275 1973 319; x_wconf 81' lang='lat' dir='ltr'><em>fideliter</em></span> <span class='ocrx_word' id='word_1_474' title='bbox 1992 281 2081 314; x_wconf 79' lang='lat' dir='ltr'><em>recla-</em></span> 
     </span>
     <span class='ocr_line' id='line_1_70' title="bbox 1194 318 2081 368; baseline 0.014 -16"><span class='ocrx_word' id='word_1_475' title='bbox 1194 329 1336 362; x_wconf 73' lang='lat' dir='ltr'><em>mat-unt,</em></span> <span class='ocrx_word' id='word_1_476' title='bbox 1362 318 1513 364; x_wconf 77' lang='lat' dir='ltr'><em>&amp;eisdem</em></span> <span class='ocrx_word' id='word_1_477' title='bbox 1524 320 1656 355; x_wconf 79' lang='lat' dir='ltr'><em>libellum</em></span> <span class='ocrx_word' id='word_1_478' title='bbox 1677 327 1887 368; x_wconf 70' lang='lat' dir='ltr'><em>appellationi:</em></span> <span class='ocrx_word' id='word_1_479' title='bbox 1908 329 2081 366; x_wconf 65' lang='lat' dir='ltr'><em>Flavianus¹</em></span> 
     </span>
     <span class='ocr_line' id='line_1_71' title="bbox 1196 369 2082 420; baseline 0.012 -16"><span class='ocrx_word' id='word_1_480' title='bbox 1196 369 1360 413; x_wconf 73' lang='lat' dir='ltr'><em>Episcopus</em></span> <span class='ocrx_word' id='word_1_481' title='bbox 1372 372 1458 405; x_wconf 81' lang='lat' dir='ltr'><em>dedit</em></span> <span class='ocrx_word' id='word_1_482' title='bbox 1469 395 1481 412; x_wconf 86' lang='lat'>,</span> <span class='ocrx_word' id='word_1_483' title='bbox 1508 372 1684 406; x_wconf 80' lang='lat' dir='ltr'><em>Generalem</em></span> <span class='ocrx_word' id='word_1_484' title='bbox 1698 376 1975 420; x_wconf 62' lang='lat' dir='ltr'><em>synodnmjubeatis</em></span> <span class='ocrx_word' id='word_1_485' title='bbox 1998 385 2082 415; x_wconf 77' lang='lat' dir='ltr'><em>intra</em></span> 
     </span>
     <span class='ocr_line' id='line_1_72' title="bbox 1195 421 2083 467; baseline 0.012 -14"><span class='ocrx_word' id='word_1_486' title='bbox 1195 421 1320 454; x_wconf 84' lang='lat' dir='ltr'><em>Italiam</em></span> <span class='ocrx_word' id='word_1_487' title='bbox 1341 422 1506 462; x_wconf 83' lang='lat' dir='ltr'><em>celebrari,</em></span> <span class='ocrx_word' id='word_1_488' title='bbox 1530 433 1598 465; x_wconf 80' lang='lat' dir='ltr'><em>quae</em></span> <span class='ocrx_word' id='word_1_489' title='bbox 1617 433 1717 457; x_wconf 82' lang='lat' dir='ltr'><em>omnes</em></span> <span class='ocrx_word' id='word_1_490' title='bbox 1737 425 1899 467; x_wconf 76' lang='lat' dir='ltr'><em>offensiones</em></span> <span class='ocrx_word' id='word_1_491' title='bbox 1911 431 1956 462; x_wconf 70' lang='lat' dir='ltr'><em>itti</em></span> <span class='ocrx_word' id='word_1_492' title='bbox 1968 439 2020 463; x_wconf 81' lang='lat' dir='ltr'><em>aut</em></span> <span class='ocrx_word' id='word_1_493' title='bbox 2030 442 2083 465; x_wconf 87' lang='lat' dir='ltr'><em>re-</em></span> 
     </span>
     <span class='ocr_line' id='line_1_73' title="bbox 1190 470 2084 522; baseline 0.011 -18"><span class='ocrx_word' id='word_1_494' title='bbox 1190 470 1287 513; x_wconf 86' lang='lat' dir='ltr'><em>pellar</em></span> <span class='ocrx_word' id='word_1_495' title='bbox 1308 479 1362 505; x_wconf 85' lang='lat' dir='ltr'><em>aut</em></span> <span class='ocrx_word' id='word_1_496' title='bbox 1382 477 1517 516; x_wconf 64' lang='lat' dir='ltr'><em>mitiga,</em></span> <span class='ocrx_word' id='word_1_497' title='bbox 1543 484 1581 507; x_wconf 90' lang='lat' dir='ltr'><em>ne</em></span> <span class='ocrx_word' id='word_1_498' title='bbox 1597 474 1680 507; x_wconf 85' lang='lat' dir='ltr'><em>ultra</em></span> <span class='ocrx_word' id='word_1_499' title='bbox 1703 474 1884 519; x_wconf 81' lang='lat' dir='ltr'><em>aliquidfit,</em></span> <span class='ocrx_word' id='word_1_500' title='bbox 1908 481 1963 513; x_wconf 83' lang='lat' dir='ltr'><em>vel</em></span> <span class='ocrx_word' id='word_1_501' title='bbox 1980 486 2012 513; x_wconf 85' lang='lat' dir='ltr'><em>in</em></span> <span class='ocrx_word' id='word_1_502' title='bbox 2020 479 2084 522; x_wconf 81' lang='lat' dir='ltr'><em>fide</em></span> 
     </span>
     <span class='ocr_line' id='line_1_74' title="bbox 1196 521 2085 569; baseline 0.012 -16"><span class='ocrx_word' id='word_1_503' title='bbox 1196 521 1319 555; x_wconf 86' lang='lat' dir='ltr'><em>dubium</em></span> <span class='ocrx_word' id='word_1_504' title='bbox 1343 546 1354 563; x_wconf 90' lang='lat'><strong>,</strong></span> <span class='ocrx_word' id='word_1_505' title='bbox 1383 523 1432 556; x_wconf 80' lang='lat' dir='ltr'><em>vel</em></span> <span class='ocrx_word' id='word_1_506' title='bbox 1447 529 1480 555; x_wconf 83' lang='lat' dir='ltr'><em>in</em></span> <span class='ocrx_word' id='word_1_507' title='bbox 1500 521 1650 557; x_wconf 82' lang='lat' dir='ltr'><em>charitate</em></span> <span class='ocrx_word' id='word_1_508' title='bbox 1670 521 1803 567; x_wconf 79' lang='lat' dir='ltr'><em>divisum</em></span> <span class='ocrx_word' id='word_1_509' title='bbox 1826 548 1835 557; x_wconf 94' lang='lat'>.</span> <span class='ocrx_word' id='word_1_510' title='bbox 1860 527 1962 569; x_wconf 75' lang='lat' dir='ltr'><em>,Quam</em></span> <span class='ocrx_word' id='word_1_511' title='bbox 1983 539 2085 564; x_wconf 84' lang='lat' dir='ltr'><em>autem</em></span> 
     </span>
     <span class='ocr_line' id='line_1_75' title="bbox 1193 571 2088 619; baseline 0.011 -16"><span class='ocrx_word' id='word_1_512' title='bbox 1193 571 1255 613; x_wconf 81' lang='lat' dir='ltr'><em>post</em></span> <span class='ocrx_word' id='word_1_513' title='bbox 1277 572 1507 614; x_wconf 76' lang='lat' dir='ltr'><em>appellationem</em></span> <span class='ocrx_word' id='word_1_514' title='bbox 1529 571 1729 616; x_wconf 83' lang='lat' dir='ltr'><em>iuterpofitam</em></span> <span class='ocrx_word' id='word_1_515' title='bbox 1747 573 1961 619; x_wconf 83' lang='lat' dir='ltr'><em>hocneceffario</em></span> <span class='ocrx_word' id='word_1_516' title='bbox 1968 578 2088 619; x_wconf 68' lang='lat' dir='ltr'><em>postule-</em></span> 
     </span>
     <span class='ocr_line' id='line_1_76' title="bbox 1197 623 2087 668; baseline 0.009 -15"><span class='ocrx_word' id='word_1_517' title='bbox 1197 630 1265 660; x_wconf 88' lang='lat' dir='ltr'><em>tur,</em></span> <span class='ocrx_word' id='word_1_518' title='bbox 1292 626 1446 657; x_wconf 84' lang='lat' dir='ltr'><em>Canonum</em></span> <span class='ocrx_word' id='word_1_519' title='bbox 1456 627 1572 657; x_wconf 81' lang='lat' dir='ltr'><em>Nicaeae</em></span> <span class='ocrx_word' id='word_1_520' title='bbox 1595 623 1763 658; x_wconf 81' lang='lat' dir='ltr'><em>habitorum</em></span> <span class='ocrx_word' id='word_1_521' title='bbox 1774 628 1901 660; x_wconf 80' lang='lat' dir='ltr'><em>Decreta</em></span> <span class='ocrx_word' id='word_1_522' title='bbox 1923 626 2087 668; x_wconf 79' lang='lat' dir='ltr'><em>testantur.</em></span> 
     </span>
     <span class='ocr_line' id='line_1_77' title="bbox 1200 671 2089 718; baseline 0.007 -14"><span class='ocrx_word' id='word_1_523' title='bbox 1200 671 1326 706; x_wconf 86' lang='lat' dir='ltr'><em>Eadem</em></span> <span class='ocrx_word' id='word_1_524' title='bbox 1339 672 1434 707; x_wconf 89' lang='lat' dir='ltr'><em>verba</em></span> <span class='ocrx_word' id='word_1_525' title='bbox 1445 673 1517 708; x_wconf 89' lang='lat' dir='ltr'><em>Leo</em></span> <span class='ocrx_word' id='word_1_526' title='bbox 1527 674 1644 718; x_wconf 82' lang='lat' dir='ltr'><em>repetit</em></span> <span class='ocrx_word' id='word_1_527' title='bbox 1653 675 1689 709; x_wconf 88' lang='lat' dir='ltr'><em>in</em></span> <span class='ocrx_word' id='word_1_528' title='bbox 1701 675 1766 709; x_wconf 86' lang='lat' dir='ltr'><em>alia</em></span> <span class='ocrx_word' id='word_1_529' title='bbox 1788 675 1831 710; x_wconf 90' lang='lat' dir='ltr'><em>ad</em></span> <span class='ocrx_word' id='word_1_530' title='bbox 1841 676 1981 711; x_wconf 86' lang='lat' dir='ltr'><em>eundem</em></span> <span class='ocrx_word' id='word_1_531' title='bbox 1996 677 2089 710; x_wconf 83' lang='lat' dir='ltr'><em>Priu-</em></span> 
     </span>
     <span class='ocr_line' id='line_1_78' title="bbox 1197 721 2090 769; baseline 0.008 -15"><span class='ocrx_word' id='word_1_532' title='bbox 1197 721 1304 764; x_wconf 88' lang='lat' dir='ltr'><em>cipem</em></span> <span class='ocrx_word' id='word_1_533' title='bbox 1324 722 1459 766; x_wconf 82' lang='lat' dir='ltr'><em>epistola</em></span> <span class='ocrx_word' id='word_1_534' title='bbox 1470 748 1481 765; x_wconf 89' lang='lat'><em>,</em></span> <span class='ocrx_word' id='word_1_535' title='bbox 1507 724 1710 769; x_wconf 79' lang='lat' dir='ltr'><em>&amp;adjungit</em></span> <span class='ocrx_word' id='word_1_536' title='bbox 1723 725 1765 760; x_wconf 87' lang='lat' dir='ltr'><em>de</em></span> <span class='ocrx_word' id='word_1_537' title='bbox 1785 725 1930 761; x_wconf 78' lang='lat' dir='ltr'><em>Nicaenis</em></span> <span class='ocrx_word' id='word_1_538' title='bbox 1943 727 2090 761; x_wconf 81' lang='lat' dir='ltr'><em>Canoni-</em></span> 
     </span>
     <span class='ocr_line' id='line_1_79' title="bbox 1201 771 2092 818; baseline 0.008 -14"><span class='ocrx_word' id='word_1_539' title='bbox 1201 771 1260 805; x_wconf 91' lang='lat' dir='ltr'><em>bus</em></span> <span class='ocrx_word' id='word_1_540' title='bbox 1275 784 1281 804; x_wconf 92' lang='lat'>:</span> <span class='ocrx_word' id='word_1_541' title='bbox 1309 775 1390 818; x_wconf 59' lang='grc' dir='ltr'><em>,ραι</em></span> <span class='ocrx_word' id='word_1_542' title='bbox 1396 771 1499 816; x_wconf 84' lang='lat' dir='ltr'><em>subter</em></span> <span class='ocrx_word' id='word_1_543' title='bbox 1510 775 1633 809; x_wconf 75' lang='lat' dir='ltr'><em>adnexa</em></span> <span class='ocrx_word' id='word_1_544' title='bbox 1642 774 1733 818; x_wconf 77' lang='lat' dir='ltr'><em>sunt.</em></span> <span class='ocrx_word' id='word_1_545' title='bbox 1759 775 1804 810; x_wconf 85' lang='lat' dir='ltr'><em>Et</em></span> <span class='ocrx_word' id='word_1_546' title='bbox 1815 775 1922 811; x_wconf 86' lang='lat' dir='ltr'><em>subter</em></span> <span class='ocrx_word' id='word_1_547' title='bbox 1932 777 2092 812; x_wconf 78' lang='lat' dir='ltr'><em>adnexuit</em></span> 
     </span>
     <span class='ocr_line' id='line_1_80' title="bbox 1201 822 2136 879; baseline 0.007 -24"><span class='ocrx_word' id='word_1_548' title='bbox 1201 822 1424 857; x_wconf 80' lang='lat' dir='ltr'><em>SardIcensem</em></span> <span class='ocrx_word' id='word_1_549' title='bbox 1447 824 1622 860; x_wconf 88' lang='lat' dir='ltr'><em>Canouem</em></span> <span class='ocrx_word' id='word_1_550' title='bbox 1632 825 1674 859; x_wconf 91' lang='lat' dir='ltr'><em>de</em></span> <span class='ocrx_word' id='word_1_551' title='bbox 1684 825 1848 861; x_wconf 84' lang='lat' dir='ltr'><em>Romanis</em></span> <span class='ocrx_word' id='word_1_552' title='bbox 1868 827 2093 872; x_wconf 76' lang='lat' dir='ltr'><em>appellationi·</em></span> <span class='ocrx_word' id='word_1_553' title='bbox 2107 850 2136 879; x_wconf 71' lang='lat'><em>3,</em></span> 
     </span>
     <span class='ocr_line' id='line_1_81' title="bbox 1200 871 2094 921; baseline 0.009 -16"><span class='ocrx_word' id='word_1_554' title='bbox 1200 871 1260 905; x_wconf 90' lang='lat' dir='ltr'><em>bus</em></span> <span class='ocrx_word' id='word_1_555' title='bbox 1274 872 1507 908; x_wconf 86' lang='lat' dir='ltr'><em>damnatorum</em></span> <span class='ocrx_word' id='word_1_556' title='bbox 1517 874 1774 919; x_wconf 86' lang='lat' dir='ltr'><em>Episcoporum.</em></span> <span class='ocrx_word' id='word_1_557' title='bbox 1803 875 1863 910; x_wconf 88' lang='lat' dir='ltr'><em>Per</em></span> <span class='ocrx_word' id='word_1_558' title='bbox 1874 889 1972 921; x_wconf 90' lang='lat' dir='ltr'><em>quam</em></span> <span class='ocrx_word' id='word_1_559' title='bbox 1993 877 2094 913; x_wconf 86' lang='lat' dir='ltr'><em>adne-</em></span> 
     </span>
     <span class='ocr_line' id='line_1_82' title="bbox 1200 922 2096 972; baseline 0.008 -17"><span class='ocrx_word' id='word_1_560' title='bbox 1200 922 1337 957; x_wconf 83' lang='lat' dir='ltr'><em>xionem</em></span> <span class='ocrx_word' id='word_1_561' title='bbox 1350 923 1413 958; x_wconf 78' lang='lat' dir='ltr'><em>alre</em></span> <span class='ocrx_word' id='word_1_562' title='bbox 1425 924 1580 960; x_wconf 83' lang='lat' dir='ltr'><em>clamavit</em></span> <span class='ocrx_word' id='word_1_563' title='bbox 1601 926 1756 960; x_wconf 68' lang='lat' dir='ltr'><em>Sanctum</em></span> <span class='ocrx_word' id='word_1_564' title='bbox 1767 926 1962 962; x_wconf 84' lang='lat' dir='ltr'><em>Flavianum</em></span> <span class='ocrx_word' id='word_1_565' title='bbox 1985 927 2096 972; x_wconf 88' lang='lat' dir='ltr'><em>appel-</em></span> 
     </span>
     <span class='ocr_line' id='line_1_83' title="bbox 1202 971 2095 1029; baseline 0.009 -25"><span class='ocrx_word' id='word_1_566' title='bbox 1202 972 1275 1005; x_wconf 76' lang='lat' dir='ltr'><em>lasse</em></span> <span class='ocrx_word' id='word_1_567' title='bbox 1287 971 1328 1006; x_wconf 86' lang='lat' dir='ltr'><em>ad</em></span> <span class='ocrx_word' id='word_1_568' title='bbox 1341 974 1432 1008; x_wconf 88' lang='lat' dir='ltr'><em>suam</em></span> <span class='ocrx_word' id='word_1_569' title='bbox 1442 973 1557 1010; x_wconf 85' lang='lat' dir='ltr'><em>Sedem</em></span> <span class='ocrx_word' id='word_1_570' title='bbox 1571 1000 1579 1008; x_wconf 87' lang='lat'><strong><em>.</em></strong></span> <span class='ocrx_word' id='word_1_571' title='bbox 1608 975 1798 1029; x_wconf 61' lang='lat' dir='ltr'><em>Affirmavit</em></span> <span class='ocrx_word' id='word_1_572' title='bbox 1809 977 1901 1012; x_wconf 87' lang='lat' dir='ltr'><em>enim</em></span> <span class='ocrx_word' id='word_1_573' title='bbox 1925 977 2031 1020; x_wconf 87' lang='lat' dir='ltr'><em>ipsum</em></span> <span class='ocrx_word' id='word_1_574' title='bbox 2041 989 2095 1021; x_wconf 82' lang='lat' dir='ltr'><em>ap-</em></span> 
     </span>
     <span class='ocr_line' id='line_1_84' title="bbox 1201 1019 2096 1070; baseline 0.008 -17"><span class='ocrx_word' id='word_1_575' title='bbox 1201 1021 1276 1055; x_wconf 80' lang='lat' dir='ltr'><em>laffe</em></span> <span class='ocrx_word' id='word_1_576' title='bbox 1295 1021 1355 1057; x_wconf 85' lang='lat' dir='ltr'><em>ista</em></span> <span class='ocrx_word' id='word_1_577' title='bbox 1376 1023 1599 1067; x_wconf 76' lang='lat' dir='ltr'><em>appellatione</em></span> <span class='ocrx_word' id='word_1_578' title='bbox 1618 1049 1630 1067; x_wconf 88' lang='lat'><em>‚</em></span> <span class='ocrx_word' id='word_1_579' title='bbox 1658 1036 1759 1070; x_wconf 90' lang='lat' dir='ltr'><em>quam</em></span> <span class='ocrx_word' id='word_1_580' title='bbox 1779 1019 1916 1062; x_wconf 72' lang='lat' dir='ltr'><em>lindam</em></span> <span class='ocrx_word' id='word_1_581' title='bbox 1936 1026 1972 1060; x_wconf 73' lang='grc' dir='ltr'><em>δε</em></span> <span class='ocrx_word' id='word_1_582' title='bbox 1993 1026 2096 1061; x_wconf 89' lang='lat' dir='ltr'><em>stabi-</em></span> 
     </span>
     <span class='ocr_line' id='line_1_85' title="bbox 1201 1068 2095 1120; baseline 0.009 -16"><span class='ocrx_word' id='word_1_583' title='bbox 1201 1068 1309 1112; x_wconf 89' lang='lat' dir='ltr'><em>liunt,</em></span> <span class='ocrx_word' id='word_1_584' title='bbox 1333 1072 1368 1107; x_wconf 85' lang='lat'>&amp;</span> <span class='ocrx_word' id='word_1_585' title='bbox 1387 1073 1479 1117; x_wconf 85' lang='lat' dir='ltr'><em>cujus</em></span> <span class='ocrx_word' id='word_1_586' title='bbox 1497 1076 1728 1120; x_wconf 68' lang='lat' dir='ltr'><em>prosequendae</em></span> <span class='ocrx_word' id='word_1_587' title='bbox 1748 1087 1788 1112; x_wconf 87' lang='lat' dir='ltr'><em>ae</em></span> <span class='ocrx_word' id='word_1_588' title='bbox 1807 1076 2005 1120; x_wconf 82' lang='lat' dir='ltr'><em>exequendae</em></span> <span class='ocrx_word' id='word_1_589' title='bbox 2025 1087 2095 1111; x_wconf 88' lang='lat' dir='ltr'><em>mo-</em></span> 
     </span>
     <span class='ocr_line' id='line_1_86' title="bbox 1202 1120 2097 1165; baseline 0.007 -10"><span class='ocrx_word' id='word_1_590' title='bbox 1202 1120 1283 1155; x_wconf 90' lang='lat' dir='ltr'><em>dum</em></span> <span class='ocrx_word' id='word_1_591' title='bbox 1305 1123 1515 1165; x_wconf 82' lang='lat' dir='ltr'><em>praescribunt</em></span> <span class='ocrx_word' id='word_1_592' title='bbox 1533 1125 1586 1159; x_wconf 86' lang='lat' dir='ltr'><em>isti</em></span> <span class='ocrx_word' id='word_1_593' title='bbox 1610 1125 1784 1161; x_wconf 85' lang='lat' dir='ltr'><em>Canones.</em></span> <span class='ocrx_word' id='word_1_594' title='bbox 1811 1127 1861 1162; x_wconf 81' lang='lat' dir='ltr'><em>At</em></span> <span class='ocrx_word' id='word_1_595' title='bbox 1871 1125 2097 1162; x_wconf 80' lang='lat' dir='ltr'><em>veroistorum</em></span> 
     </span>
     <span class='ocr_line' id='line_1_87' title="bbox 1202 1170 2098 1212; baseline 0.008 -8"><span class='ocrx_word' id='word_1_596' title='bbox 1202 1170 1458 1206; x_wconf 82' lang='lat' dir='ltr'><em>fundamentalis</em></span> <span class='ocrx_word' id='word_1_597' title='bbox 1467 1183 1534 1207; x_wconf 84' lang='lat' dir='ltr'><em>vox</em></span> <span class='ocrx_word' id='word_1_598' title='bbox 1545 1174 1614 1208; x_wconf 73' lang='lat' dir='ltr'><em>estz</em></span> <span class='ocrx_word' id='word_1_599' title='bbox 1640 1175 1741 1210; x_wconf 65' lang='lat' dir='ltr'><em>San&amp;</em></span> <span class='ocrx_word' id='word_1_600' title='bbox 1761 1179 1845 1210; x_wconf 84' lang='lat' dir='ltr'><em>Petri</em></span> <span class='ocrx_word' id='word_1_601' title='bbox 1864 1176 2098 1212; x_wconf 82' lang='lat' dir='ltr'><em>memoriambo·</em></span> 
     </span>
     <span class='ocr_line' id='line_1_88' title="bbox 1204 1221 2098 1271; baseline 0.008 -16"><span class='ocrx_word' id='word_1_602' title='bbox 1204 1232 1339 1256; x_wconf 79' lang='lat' dir='ltr'><em>notemus</em></span> <span class='ocrx_word' id='word_1_603' title='bbox 1351 1246 1359 1254; x_wconf 93' lang='lat'>.</span> <span class='ocrx_word' id='word_1_604' title='bbox 1386 1221 1505 1257; x_wconf 88' lang='lat' dir='ltr'><em>Palam</em></span> <span class='ocrx_word' id='word_1_605' title='bbox 1515 1222 1651 1257; x_wconf 83' lang='lat' dir='ltr'><em>laudant</em></span> <span class='ocrx_word' id='word_1_606' title='bbox 1665 1235 1704 1258; x_wconf 86' lang='lat' dir='ltr'><em>ac</em></span> <span class='ocrx_word' id='word_1_607' title='bbox 1715 1224 1887 1261; x_wconf 86' lang='lat' dir='ltr'><em>stabiliunt</em></span> <span class='ocrx_word' id='word_1_608' title='bbox 1908 1227 2098 1271; x_wconf 82' lang='lat' dir='ltr'><em>appellatio-</em></span> 
     </span>
     <span class='ocr_line' id='line_1_89' title="bbox 1204 1271 2099 1317; baseline 0.007 -12"><span class='ocrx_word' id='word_1_609' title='bbox 1204 1282 1263 1306; x_wconf 85' lang='lat' dir='ltr'><em>nes</em></span> <span class='ocrx_word' id='word_1_610' title='bbox 1285 1271 1455 1305; x_wconf 86' lang='lat' dir='ltr'><em>Romanas</em></span> <span class='ocrx_word' id='word_1_611' title='bbox 1469 1295 1477 1303; x_wconf 92' lang='lat'><strong>.</strong></span> <span class='ocrx_word' id='word_1_612' title='bbox 1499 1272 1580 1306; x_wconf 77' lang='lat' dir='ltr'><em>Alia</em></span> <span class='ocrx_word' id='word_1_613' title='bbox 1591 1273 1739 1316; x_wconf 86' lang='lat' dir='ltr'><em>ipsorum</em></span> <span class='ocrx_word' id='word_1_614' title='bbox 1752 1273 1904 1317; x_wconf 80' lang='lat' dir='ltr'><em>palmaris</em></span> <span class='ocrx_word' id='word_1_615' title='bbox 1914 1286 1981 1310; x_wconf 79' lang='lat' dir='ltr'><em>vox</em></span> <span class='ocrx_word' id='word_1_616' title='bbox 1992 1277 2037 1310; x_wconf 84' lang='lat' dir='ltr'><em>est</em></span> <span class='ocrx_word' id='word_1_617' title='bbox 2056 1274 2099 1311; x_wconf 87' lang='lat' dir='ltr'><em>de</em></span> 
     </span>
     <span class='ocr_line' id='line_1_90' title="bbox 1205 1321 2098 1369; baseline 0.004 -13"><span class='ocrx_word' id='word_1_618' title='bbox 1205 1322 1362 1356; x_wconf 88' lang='lat' dir='ltr'><em>invocato</em></span> <span class='ocrx_word' id='word_1_619' title='bbox 1385 1331 1440 1365; x_wconf 85' lang='lat' dir='ltr'><em>per</em></span> <span class='ocrx_word' id='word_1_620' title='bbox 1464 1321 1685 1366; x_wconf 80' lang='lat' dir='ltr'><em>appellantem</em></span> <span class='ocrx_word' id='word_1_621' title='bbox 1717 1323 1876 1359; x_wconf 89' lang='lat' dir='ltr'><em>Romano</em></span> <span class='ocrx_word' id='word_1_622' title='bbox 1904 1325 2098 1369; x_wconf 81' lang='lat' dir='ltr'><em>Episcopo.-</em></span> 
     </span>
     <span class='ocr_line' id='line_1_91' title="bbox 1207 1369 2100 1416; baseline 0.003 -10"><span class='ocrx_word' id='word_1_623' title='bbox 1207 1375 1313 1406; x_wconf 84' lang='lat' dir='ltr'><em>Faciet</em></span> <span class='ocrx_word' id='word_1_624' title='bbox 1332 1372 1415 1414; x_wconf 85' lang='lat' dir='ltr'><em>quod</em></span> <span class='ocrx_word' id='word_1_625' title='bbox 1426 1369 1636 1415; x_wconf 82' lang='lat' dir='ltr'><em>sapientifflmo</em></span> <span class='ocrx_word' id='word_1_626' title='bbox 1657 1370 1768 1414; x_wconf 72' lang='lat' dir='ltr'><em>consilio</em></span> <span class='ocrx_word' id='word_1_627' title='bbox 1782 1374 1975 1416; x_wconf 78' lang='lat' dir='ltr'><em>judicaverit</em></span> <span class='ocrx_word' id='word_1_628' title='bbox 1993 1399 2001 1407; x_wconf 88' lang='lat'><strong>.</strong></span> <span class='ocrx_word' id='word_1_629' title='bbox 2027 1375 2100 1409; x_wconf 87' lang='lat' dir='ltr'><em>Leo</em></span> 
     </span>
     <span class='ocr_line' id='line_1_92' title="bbox 1207 1421 2100 1468; baseline 0.004 -13"><span class='ocrx_word' id='word_1_630' title='bbox 1207 1422 1377 1465; x_wconf 86' lang='lat' dir='ltr'><em>permanfit</em></span> <span class='ocrx_word' id='word_1_631' title='bbox 1388 1421 1542 1461; x_wconf 78' lang='lat' dir='ltr'><em>constans</em></span> <span class='ocrx_word' id='word_1_632' title='bbox 1554 1424 1589 1457; x_wconf 86' lang='lat' dir='ltr'><em>in</em></span> <span class='ocrx_word' id='word_1_633' title='bbox 1602 1423 1661 1457; x_wconf 88' lang='lat' dir='ltr'><em>suo</em></span> <span class='ocrx_word' id='word_1_634' title='bbox 1671 1447 1683 1464; x_wconf 93' lang='lat'><strong>,</strong></span> <span class='ocrx_word' id='word_1_635' title='bbox 1708 1424 1798 1467; x_wconf 87' lang='lat' dir='ltr'><em>quod</em></span> <span class='ocrx_word' id='word_1_636' title='bbox 1809 1433 1886 1459; x_wconf 88' lang='lat' dir='ltr'><em>ante</em></span> <span class='ocrx_word' id='word_1_637' title='bbox 1899 1422 2100 1468; x_wconf 84' lang='lat' dir='ltr'><em>Ephefinum</em></span> 
     </span>
     <span class='ocr_line' id='line_1_93' title="bbox 1209 1471 2101 1516; baseline 0.003 -10"><span class='ocrx_word' id='word_1_638' title='bbox 1209 1472 1441 1507; x_wconf 88' lang='lat' dir='ltr'><em>Latrocinium</em></span> <span class='ocrx_word' id='word_1_639' title='bbox 1454 1471 1640 1516; x_wconf 85' lang='lat' dir='ltr'><em>placuerat,</em></span> <span class='ocrx_word' id='word_1_640' title='bbox 1667 1473 1825 1508; x_wconf 80' lang='lat' dir='ltr'><em>confilio.</em></span> <span class='ocrx_word' id='word_1_641' title='bbox 1855 1474 2014 1510; x_wconf 81' lang='lat' dir='ltr'><em>Utitunc</em></span> <span class='ocrx_word' id='word_1_642' title='bbox 2026 1485 2101 1509; x_wconf 85' lang='lat' dir='ltr'><em>cen-</em></span> 
     </span>
     <span class='ocr_line' id='line_1_94' title="bbox 1208 1522 2099 1569; baseline 0.002 -13"><span class='ocrx_word' id='word_1_643' title='bbox 1208 1524 1313 1556; x_wconf 88' lang='lat' dir='ltr'><em>suerat</em></span> <span class='ocrx_word' id='word_1_644' title='bbox 1338 1522 1596 1558; x_wconf 74' lang='lat' dir='ltr'><em>retrastatorium</em></span> <span class='ocrx_word' id='word_1_645' title='bbox 1619 1522 1838 1567; x_wconf 79' lang='lat' dir='ltr'><em>Eutychianae</em></span> <span class='ocrx_word' id='word_1_646' title='bbox 1867 1524 2099 1569; x_wconf 76' lang='lat' dir='ltr'><em>appellationis</em></span> 
     </span>
     <span class='ocr_line' id='line_1_95' title="bbox 1209 1572 2102 1618; baseline 0.002 -12"><span class='ocrx_word' id='word_1_647' title='bbox 1209 1573 1374 1617; x_wconf 79' lang='lat' dir='ltr'><em>Iudicium</em></span> <span class='ocrx_word' id='word_1_648' title='bbox 1387 1572 1503 1607; x_wconf 90' lang='lat' dir='ltr'><em>debere</em></span> <span class='ocrx_word' id='word_1_649' title='bbox 1515 1573 1584 1608; x_wconf 87' lang='lat' dir='ltr'><em>fieri</em></span> <span class='ocrx_word' id='word_1_650' title='bbox 1597 1574 1632 1607; x_wconf 90' lang='lat' dir='ltr'><em>in</em></span> <span class='ocrx_word' id='word_1_651' title='bbox 1641 1573 1797 1609; x_wconf 73' lang='lat' dir='ltr'><em>Genereli</em></span> <span class='ocrx_word' id='word_1_652' title='bbox 1806 1574 1893 1610; x_wconf 87' lang='lat' dir='ltr'><em>intra</em></span> <span class='ocrx_word' id='word_1_653' title='bbox 1902 1575 2031 1609; x_wconf 89' lang='lat' dir='ltr'><em>ltaliam</em></span> <span class='ocrx_word' id='word_1_654' title='bbox 2042 1574 2102 1618; x_wconf 87' lang='lat' dir='ltr'><em>Sy·</em></span> 
     </span>
     <span class='ocr_line' id='line_1_96' title="bbox 1209 1623 2100 1669; baseline 0.002 -12"><span class='ocrx_word' id='word_1_655' title='bbox 1209 1623 1301 1657; x_wconf 88' lang='lat' dir='ltr'><em>nodo</em></span> <span class='ocrx_word' id='word_1_656' title='bbox 1316 1647 1327 1664; x_wconf 94' lang='lat'>‚</span> <span class='ocrx_word' id='word_1_657' title='bbox 1355 1623 1399 1657; x_wconf 71' lang='lat' dir='ltr'><em>ita</em></span> <span class='ocrx_word' id='word_1_658' title='bbox 1423 1634 1512 1657; x_wconf 89' lang='lat' dir='ltr'><em>nune</em></span> <span class='ocrx_word' id='word_1_659' title='bbox 1534 1623 1620 1658; x_wconf 89' lang='lat' dir='ltr'><em>istud</em></span> <span class='ocrx_word' id='word_1_660' title='bbox 1643 1625 1750 1667; x_wconf 87' lang='lat' dir='ltr'><em>ipsum</em></span> <span class='ocrx_word' id='word_1_661' title='bbox 1763 1626 1872 1659; x_wconf 90' lang='lat' dir='ltr'><em>censet</em></span> <span class='ocrx_word' id='word_1_662' title='bbox 1882 1624 1924 1659; x_wconf 87' lang='lat' dir='ltr'><em>de</em></span> <span class='ocrx_word' id='word_1_663' title='bbox 1935 1624 2100 1669; x_wconf 77' lang='lat' dir='ltr'><em>appellata</em></span> 
     </span>
     <span class='ocr_line' id='line_1_97' title="bbox 1213 1672 2100 1719; baseline 0.002 -12"><span class='ocrx_word' id='word_1_664' title='bbox 1213 1675 1307 1708; x_wconf 87' lang='lat' dir='ltr'><em>causa</em></span> <span class='ocrx_word' id='word_1_665' title='bbox 1317 1673 1426 1708; x_wconf 64' lang='lat' dir='ltr'><em>Sancti</em></span> <span class='ocrx_word' id='word_1_666' title='bbox 1439 1672 1608 1708; x_wconf 86' lang='lat' dir='ltr'><em>Flaviani.</em></span> <span class='ocrx_word' id='word_1_667' title='bbox 1637 1674 1745 1709; x_wconf 85' lang='lat' dir='ltr'><em>Addit</em></span> <span class='ocrx_word' id='word_1_668' title='bbox 1765 1673 1823 1710; x_wconf 88' lang='lat' dir='ltr'><em>has</em></span> <span class='ocrx_word' id='word_1_669' title='bbox 1833 1676 1904 1709; x_wconf 88' lang='lat' dir='ltr'><em>suas</em></span> <span class='ocrx_word' id='word_1_670' title='bbox 1916 1685 2024 1719; x_wconf 87' lang='lat' dir='ltr'><em>preces</em></span> <span class='ocrx_word' id='word_1_671' title='bbox 2035 1675 2100 1709; x_wconf 78' lang='lat' dir='ltr'><em>effe</em></span> 
     </span>
     <span class='ocr_line' id='line_1_98' title="bbox 1210 1722 2102 1764; baseline 0.002 -7"><span class='ocrx_word' id='word_1_672' title='bbox 1210 1722 1363 1758; x_wconf 82' lang='lat' dir='ltr'><em>fundatas</em></span> <span class='ocrx_word' id='word_1_673' title='bbox 1373 1722 1407 1756; x_wconf 84' lang='lat' dir='ltr'><em>in</em></span> <span class='ocrx_word' id='word_1_674' title='bbox 1420 1723 1587 1764; x_wconf 88' lang='lat' dir='ltr'><em>Nicaenis,</em></span> <span class='ocrx_word' id='word_1_675' title='bbox 1613 1724 1667 1759; x_wconf 89' lang='lat' dir='ltr'><em>seu</em></span> <span class='ocrx_word' id='word_1_676' title='bbox 1689 1724 1931 1759; x_wconf 86' lang='lat' dir='ltr'><em>Sardicenfibus</em></span> <span class='ocrx_word' id='word_1_677' title='bbox 1950 1724 2102 1759; x_wconf 87' lang='lat' dir='ltr'><em>Canoni-</em></span> 
     </span>
    </p>
   </div>
   <div class='ocr_carea' id='block_1_7' title="bbox 1186 1773 2101 1820">
    <p class='ocr_par' dir='ltr' id='par_1_8' title="bbox 1186 1773 2101 1820">
     <span class='ocr_line' id='line_1_99' title="bbox 1186 1773 2101 1820; baseline 0.001 -12"><span class='ocrx_word' id='word_1_678' title='bbox 1186 1786 1190 1790; x_wconf 89' lang='lat'><strong>·</strong></span> <span class='ocrx_word' id='word_1_679' title='bbox 1211 1773 1272 1812; x_wconf 85' lang='lat' dir='ltr'><em>bus</em></span> <span class='ocrx_word' id='word_1_680' title='bbox 1292 1798 1304 1815; x_wconf 91' lang='lat'><strong>‚</strong></span> <span class='ocrx_word' id='word_1_681' title='bbox 1330 1773 1472 1814; x_wconf 86' lang='lat' dir='ltr'><em>ideoque</em></span> <span class='ocrx_word' id='word_1_682' title='bbox 1493 1773 1552 1807; x_wconf 85' lang='lat' dir='ltr'><em>fibi</em></span> <span class='ocrx_word' id='word_1_683' title='bbox 1580 1785 1649 1808; x_wconf 90' lang='lat' dir='ltr'><em>non</em></span> <span class='ocrx_word' id='word_1_684' title='bbox 1677 1775 1768 1818; x_wconf 82' lang='lat' dir='ltr'><em>posse</em></span> <span class='ocrx_word' id='word_1_685' title='bbox 1787 1773 1942 1820; x_wconf 87' lang='lat' dir='ltr'><em>denegari</em></span> <span class='ocrx_word' id='word_1_686' title='bbox 1962 1799 1969 1806; x_wconf 93' lang='lat'><strong>.</strong></span> <span class='ocrx_word' id='word_1_687' title='bbox 1995 1773 2101 1820; x_wconf 80' lang='lat' dir='ltr'><em>Qod</em></span> 
     </span>
    </p>
   </div>
   <div class='ocr_carea' id='block_1_8' title="bbox 1210 1821 2102 2017">
    <p class='ocr_par' dir='ltr' id='par_1_9' title="bbox 1210 1821 2102 2017">
     <span class='ocr_line' id='line_1_100' title="bbox 1211 1821 2100 1868; baseline 0 -10"><span class='ocrx_word' id='word_1_688' title='bbox 1211 1835 1329 1868; x_wconf 88' lang='lat' dir='ltr'><em>nempe</em></span> <span class='ocrx_word' id='word_1_689' title='bbox 1351 1821 1391 1857; x_wconf 84' lang='lat' dir='ltr'><em>ad</em></span> <span class='ocrx_word' id='word_1_690' title='bbox 1413 1825 1443 1857; x_wconf 92' lang='lat' dir='ltr'><em>se</em></span> <span class='ocrx_word' id='word_1_691' title='bbox 1464 1823 1542 1858; x_wconf 74' lang='lat' dir='ltr'><em>effer</em></span> <span class='ocrx_word' id='word_1_692' title='bbox 1564 1825 1647 1859; x_wconf 69' lang='lat' dir='ltr'><em>fasta</em></span> <span class='ocrx_word' id='word_1_693' title='bbox 1674 1824 1871 1868; x_wconf 86' lang='lat' dir='ltr'><em>appellatio,</em></span> <span class='ocrx_word' id='word_1_694' title='bbox 1902 1825 2045 1868; x_wconf 87' lang='lat' dir='ltr'><em>ideoque</em></span> <span class='ocrx_word' id='word_1_695' title='bbox 2062 1825 2100 1858; x_wconf 79' lang='lat' dir='ltr'><em>in</em></span> 
     </span>
     <span class='ocr_line' id='line_1_101' title="bbox 1211 1872 2100 1919; baseline 0.001 -11"><span class='ocrx_word' id='word_1_696' title='bbox 1211 1875 1272 1908; x_wconf 89' lang='lat' dir='ltr'><em>suo</em></span> <span class='ocrx_word' id='word_1_697' title='bbox 1292 1896 1303 1913; x_wconf 92' lang='lat'><strong>,</strong></span> <span class='ocrx_word' id='word_1_698' title='bbox 1330 1872 1422 1917; x_wconf 90' lang='lat' dir='ltr'><em>quod</em></span> <span class='ocrx_word' id='word_1_699' title='bbox 1446 1873 1499 1907; x_wconf 86' lang='lat' dir='ltr'><em>isti</em></span> <span class='ocrx_word' id='word_1_700' title='bbox 1521 1873 1676 1908; x_wconf 86' lang='lat' dir='ltr'><em>Canones</em></span> <span class='ocrx_word' id='word_1_701' title='bbox 1699 1874 1968 1918; x_wconf 86' lang='lat' dir='ltr'><em>sapientiffimum</em></span> <span class='ocrx_word' id='word_1_702' title='bbox 1989 1874 2100 1919; x_wconf 83' lang='lat' dir='ltr'><em>praedi-</em></span> 
     </span>
     <span class='ocr_line' id='line_1_102' title="bbox 1210 1922 2101 1964; baseline 0.003 -8"><span class='ocrx_word' id='word_1_703' title='bbox 1210 1932 1289 1956; x_wconf 88' lang='lat' dir='ltr'><em>cant</em></span> <span class='ocrx_word' id='word_1_704' title='bbox 1312 1922 1525 1964; x_wconf 84' lang='lat' dir='ltr'><em>Beneplacito</em></span> <span class='ocrx_word' id='word_1_705' title='bbox 1547 1923 1678 1957; x_wconf 87' lang='lat' dir='ltr'><em>haberet</em></span> <span class='ocrx_word' id='word_1_706' title='bbox 1700 1925 1833 1960; x_wconf 89' lang='lat' dir='ltr'><em>omnia.</em></span> <span class='ocrx_word' id='word_1_707' title='bbox 1861 1925 1946 1959; x_wconf 80' lang='lat' dir='ltr'><em>Sane</em></span> <span class='ocrx_word' id='word_1_708' title='bbox 1968 1934 2037 1959; x_wconf 87' lang='lat' dir='ltr'><em>non</em></span> <span class='ocrx_word' id='word_1_709' title='bbox 2057 1923 2101 1959; x_wconf 79' lang='lat' dir='ltr'><em>ad</em></span> 
     </span>
     <span class='ocr_line' id='line_1_103' title="bbox 1210 1971 2102 2017; baseline 0.004 -12"><span class='ocrx_word' id='word_1_710' title='bbox 1210 1972 1278 2015; x_wconf 84' lang='lat' dir='ltr'><em>ejus</em></span> <span class='ocrx_word' id='word_1_711' title='bbox 1298 1971 1414 2006; x_wconf 88' lang='lat' dir='ltr'><em>Sedem</em></span> <span class='ocrx_word' id='word_1_712' title='bbox 1429 1995 1439 2011; x_wconf 92' lang='lat'><em>,</em></span> <span class='ocrx_word' id='word_1_713' title='bbox 1465 1971 1518 2005; x_wconf 88' lang='lat' dir='ltr'><em>sed</em></span> <span class='ocrx_word' id='word_1_714' title='bbox 1538 1972 1579 2006; x_wconf 90' lang='lat' dir='ltr'><em>ad</em></span> <span class='ocrx_word' id='word_1_715' title='bbox 1593 1973 1790 2007; x_wconf 90' lang='lat' dir='ltr'><em>Generalem</em></span> <span class='ocrx_word' id='word_1_716' title='bbox 1807 1973 1979 2017; x_wconf 86' lang='lat' dir='ltr'><em>Synodum</em></span> <span class='ocrx_word' id='word_1_717' title='bbox 2002 1975 2102 2009; x_wconf 86' lang='lat' dir='ltr'><em>inter·</em></span> 
     </span>
    </p>
   </div>
   <div class='ocr_carea' id='block_1_9' title="bbox 1210 2020 2102 2104">
    <p class='ocr_par' dir='ltr' id='par_1_10' title="bbox 1210 2020 2102 2104">
     <span class='ocr_line' id='line_1_104' title="bbox 1210 2020 2102 2070; baseline 0.006 -16"><span class='ocrx_word' id='word_1_718' title='bbox 1210 2022 1288 2063; x_wconf 63' lang='lat' dir='ltr'><em>jecta</em></span> <span class='ocrx_word' id='word_1_719' title='bbox 1301 2020 1475 2063; x_wconf 86' lang='lat' dir='ltr'><em>appellatio</em></span> <span class='ocrx_word' id='word_1_720' title='bbox 1496 2020 1527 2054; x_wconf 89' lang='lat' dir='ltr'><em>ei</em></span> <span class='ocrx_word' id='word_1_721' title='bbox 1538 2032 1607 2056; x_wconf 90' lang='lat' dir='ltr'><em>non</em></span> <span class='ocrx_word' id='word_1_722' title='bbox 1618 2022 1759 2058; x_wconf 84' lang='lat' dir='ltr'><em>faciebat</em></span> <span class='ocrx_word' id='word_1_723' title='bbox 1776 2024 1871 2058; x_wconf 84' lang='lat' dir='ltr'><em>istam</em></span> <span class='ocrx_word' id='word_1_724' title='bbox 1893 2023 2102 2070; x_wconf 86' lang='lat' dir='ltr'><em>expostulan-</em></span> 
     </span>
     <span class='ocr_line' id='line_1_105' title="bbox 1210 2067 1448 2104; baseline -0.013 0"><span class='ocrx_word' id='word_1_725' title='bbox 1210 2069 1244 2104; x_wconf 89' lang='lat' dir='ltr'><em>di</em></span> <span class='ocrx_word' id='word_1_726' title='bbox 1272 2067 1427 2103; x_wconf 81' lang='lat' dir='ltr'><em>fiduciam</em></span> <span class='ocrx_word' id='word_1_727' title='bbox 1440 2093 1448 2101; x_wconf 93' lang='lat'>.</span> 
     </span>
    </p>
   </div>
   <div class='ocr_carea' id='block_1_10' title="bbox 1203 2117 2101 3514">
    <p class='ocr_par' dir='ltr' id='par_1_11' title="bbox 1203 2117 2101 3467">
     <span class='ocr_line' id='line_1_106' title="bbox 1260 2117 2101 2164; baseline 0.006 -12"><span class='ocrx_word' id='word_1_728' title='bbox 1260 2117 1405 2153; x_wconf 79' lang='lat' dir='ltr'><em>Affertio</em></span> <span class='ocrx_word' id='word_1_729' title='bbox 1417 2118 1504 2152; x_wconf 92' lang='lat' dir='ltr'><em>lucet</em></span> <span class='ocrx_word' id='word_1_730' title='bbox 1529 2118 1628 2154; x_wconf 84' lang='lat' dir='ltr'><em>etiam</em></span> <span class='ocrx_word' id='word_1_731' title='bbox 1639 2130 1680 2153; x_wconf 78' lang='lat' dir='ltr'><em>ex</em></span> <span class='ocrx_word' id='word_1_732' title='bbox 1692 2118 1743 2155; x_wconf 88' lang='lat' dir='ltr'><em>his</em></span> <span class='ocrx_word' id='word_1_733' title='bbox 1755 2121 1879 2156; x_wconf 83' lang='lat' dir='ltr'><em>verbis:</em></span> <span class='ocrx_word' id='word_1_734' title='bbox 1908 2120 2036 2164; x_wconf 77' lang='lat' dir='ltr'><em>Etsdem</em></span> <span class='ocrx_word' id='word_1_735' title='bbox 2056 2123 2101 2157; x_wconf 81' lang='lat' dir='ltr'><em>li·</em></span> 
     </span>
     <span class='ocr_line' id='line_1_107' title="bbox 1209 2168 2098 2215; baseline 0.004 -13"><span class='ocrx_word' id='word_1_736' title='bbox 1209 2168 1315 2202; x_wconf 85' lang='lat' dir='ltr'><em>bellum</em></span> <span class='ocrx_word' id='word_1_737' title='bbox 1340 2169 1552 2211; x_wconf 80' lang='lat' dir='ltr'><em>appellationis</em></span> <span class='ocrx_word' id='word_1_738' title='bbox 1588 2170 1763 2204; x_wconf 80' lang='lat' dir='ltr'><em>Flavianus</em></span> <span class='ocrx_word' id='word_1_739' title='bbox 1799 2170 1965 2215; x_wconf 85' lang='lat' dir='ltr'><em>Episcopus</em></span> <span class='ocrx_word' id='word_1_740' title='bbox 1991 2173 2098 2207; x_wconf 83' lang='lat' dir='ltr'><em>dedit.</em></span> 
     </span>
     <span class='ocr_line' id='line_1_108' title="bbox 1213 2218 2100 2265; baseline 0.005 -12"><span class='ocrx_word' id='word_1_741' title='bbox 1213 2218 1357 2253; x_wconf 88' lang='lat' dir='ltr'><em>Proinde</em></span> <span class='ocrx_word' id='word_1_742' title='bbox 1371 2229 1440 2253; x_wconf 88' lang='lat' dir='ltr'><em>non</em></span> <span class='ocrx_word' id='word_1_743' title='bbox 1463 2218 1529 2252; x_wconf 89' lang='lat' dir='ltr'><em>sola</em></span> <span class='ocrx_word' id='word_1_744' title='bbox 1543 2230 1623 2254; x_wconf 90' lang='lat' dir='ltr'><em>voce</em></span> <span class='ocrx_word' id='word_1_745' title='bbox 1633 2220 1808 2263; x_wconf 87' lang='lat' dir='ltr'><em>appellavit</em></span> <span class='ocrx_word' id='word_1_746' title='bbox 1820 2222 2018 2265; x_wconf 86' lang='lat' dir='ltr'><em>Flavianus,</em></span> <span class='ocrx_word' id='word_1_747' title='bbox 2045 2223 2100 2258; x_wconf 78' lang='lat' dir='ltr'><em>sed</em></span> 
     </span>
     <span class='ocr_line' id='line_1_109' title="bbox 1210 2267 2100 2317; baseline 0.004 -14"><span class='ocrx_word' id='word_1_748' title='bbox 1210 2270 1310 2303; x_wconf 79' lang='lat' dir='ltr'><em>etiam</em></span> <span class='ocrx_word' id='word_1_749' title='bbox 1322 2279 1375 2312; x_wconf 86' lang='lat' dir='ltr'><em>per</em></span> <span class='ocrx_word' id='word_1_750' title='bbox 1387 2267 1550 2302; x_wconf 84' lang='lat' dir='ltr'><em>libellum.</em></span> <span class='ocrx_word' id='word_1_751' title='bbox 1581 2269 1713 2314; x_wconf 74' lang='lat' dir='ltr'><em>Utique</em></span> <span class='ocrx_word' id='word_1_752' title='bbox 1733 2272 1801 2314; x_wconf 88' lang='lat' dir='ltr'><em>post</em></span> <span class='ocrx_word' id='word_1_753' title='bbox 1824 2273 2034 2308; x_wconf 88' lang='lat' dir='ltr'><em>Latrocinale</em></span> <span class='ocrx_word' id='word_1_754' title='bbox 2045 2274 2100 2317; x_wconf 88' lang='lat' dir='ltr'><em>Ju-</em></span> 
     </span>
     <span class='ocr_line' id='line_1_110' title="bbox 1208 2318 2099 2362; baseline 0.006 -10"><span class='ocrx_word' id='word_1_755' title='bbox 1208 2319 1334 2353; x_wconf 88' lang='lat' dir='ltr'><em>dicium</em></span> <span class='ocrx_word' id='word_1_756' title='bbox 1347 2341 1357 2357; x_wconf 88' lang='lat'><strong>,</strong></span> <span class='ocrx_word' id='word_1_757' title='bbox 1383 2318 1554 2361; x_wconf 72' lang='lat' dir='ltr'><em>antequam</em></span> <span class='ocrx_word' id='word_1_758' title='bbox 1568 2320 1782 2361; x_wconf 80' lang='lat' dir='ltr'><em>conjiceretur</em></span> <span class='ocrx_word' id='word_1_759' title='bbox 1793 2323 1827 2355; x_wconf 89' lang='lat' dir='ltr'><em>in</em></span> <span class='ocrx_word' id='word_1_760' title='bbox 1839 2334 2000 2357; x_wconf 86' lang='lat' dir='ltr'><em>carcerem</em></span> <span class='ocrx_word' id='word_1_761' title='bbox 2013 2347 2023 2362; x_wconf 94' lang='lat'><em>,</em></span> <span class='ocrx_word' id='word_1_762' title='bbox 2045 2322 2099 2357; x_wconf 82' lang='lat' dir='ltr'><em>vel</em></span> 
     </span>
     <span class='ocr_line' id='line_1_111' title="bbox 1208 2368 2098 2417; baseline 0.006 -14"><span class='ocrx_word' id='word_1_763' title='bbox 1208 2369 1293 2403; x_wconf 80' lang='lat' dir='ltr'><em>certe</em></span> <span class='ocrx_word' id='word_1_764' title='bbox 1303 2377 1475 2413; x_wconf 83' lang='lat' dir='ltr'><em>antequam</em></span> <span class='ocrx_word' id='word_1_765' title='bbox 1489 2368 1522 2401; x_wconf 87' lang='lat' dir='ltr'><em>in</em></span> <span class='ocrx_word' id='word_1_766' title='bbox 1533 2369 1671 2404; x_wconf 85' lang='lat' dir='ltr'><em>exilium</em></span> <span class='ocrx_word' id='word_1_767' title='bbox 1686 2371 1918 2414; x_wconf 83' lang='lat' dir='ltr'><em>propelleretur</em></span> <span class='ocrx_word' id='word_1_768' title='bbox 1932 2397 1939 2404; x_wconf 90' lang='lat'><strong><em>.</em></strong></span> <span class='ocrx_word' id='word_1_769' title='bbox 1965 2372 2004 2406; x_wconf 89' lang='lat' dir='ltr'><em>In</em></span> <span class='ocrx_word' id='word_1_770' title='bbox 2027 2373 2098 2417; x_wconf 87' lang='lat' dir='ltr'><em>ipso</em></span> 
     </span>
     <span class='ocr_line' id='line_1_112' title="bbox 1208 2418 2097 2465; baseline 0.006 -12"><span class='ocrx_word' id='word_1_771' title='bbox 1208 2419 1334 2463; x_wconf 83' lang='lat' dir='ltr'><em>judicio</em></span> <span class='ocrx_word' id='word_1_772' title='bbox 1345 2418 1522 2461; x_wconf 84' lang='lat' dir='ltr'><em>appellavit</em></span> <span class='ocrx_word' id='word_1_773' title='bbox 1534 2430 1614 2453; x_wconf 86' lang='lat' dir='ltr'><em>voce</em></span> <span class='ocrx_word' id='word_1_774' title='bbox 1626 2443 1635 2458; x_wconf 86' lang='lat'><em>,</em></span> <span class='ocrx_word' id='word_1_775' title='bbox 1654 2421 1831 2461; x_wconf 77' lang='lat' dir='ltr'><em>postmodo</em></span> <span class='ocrx_word' id='word_1_776' title='bbox 1841 2421 2097 2465; x_wconf 82' lang='lat' dir='ltr'><em>appellationem</em></span> 
     </span>
     <span class='ocr_line' id='line_1_113' title="bbox 1210 2466 2097 2515; baseline 0.003 -12"><span class='ocrx_word' id='word_1_777' title='bbox 1210 2469 1333 2512; x_wconf 84' lang='lat' dir='ltr'><em>redegit</em></span> <span class='ocrx_word' id='word_1_778' title='bbox 1347 2468 1382 2501; x_wconf 89' lang='lat' dir='ltr'><em>in</em></span> <span class='ocrx_word' id='word_1_779' title='bbox 1395 2466 1541 2501; x_wconf 86' lang='lat' dir='ltr'><em>libellum</em></span> <span class='ocrx_word' id='word_1_780' title='bbox 1552 2492 1562 2507; x_wconf 91' lang='lat'>,</span> <span class='ocrx_word' id='word_1_781' title='bbox 1588 2468 1621 2501; x_wconf 75' lang='grc' dir='ltr'><em>δε</em></span> <span class='ocrx_word' id='word_1_782' title='bbox 1635 2469 1768 2502; x_wconf 85' lang='lat' dir='ltr'><em>tradidit</em></span> <span class='ocrx_word' id='word_1_783' title='bbox 1778 2471 1913 2515; x_wconf 88' lang='lat' dir='ltr'><em>Legatis</em></span> <span class='ocrx_word' id='word_1_784' title='bbox 1925 2472 2097 2514; x_wconf 79' lang='lat' dir='ltr'><em>Apostoli-</em></span> 
     </span>
     <span class='ocr_line' id='line_1_114' title="bbox 1207 2516 2094 2564; baseline 0.003 -11"><span class='ocrx_word' id='word_1_785' title='bbox 1207 2522 1254 2553; x_wconf 91' lang='lat' dir='ltr'><em>cis</em></span> <span class='ocrx_word' id='word_1_786' title='bbox 1266 2543 1273 2551; x_wconf 95' lang='lat'><strong>.</strong></span> <span class='ocrx_word' id='word_1_787' title='bbox 1299 2516 1431 2560; x_wconf 77' lang='lat' dir='ltr'><em>Nempe</em></span> <span class='ocrx_word' id='word_1_788' title='bbox 1444 2517 1642 2561; x_wconf 88' lang='lat' dir='ltr'><em>portandum</em></span> <span class='ocrx_word' id='word_1_789' title='bbox 1654 2519 1894 2555; x_wconf 87' lang='lat' dir='ltr'><em>&amp;tradendum</em></span> <span class='ocrx_word' id='word_1_790' title='bbox 1913 2521 2094 2564; x_wconf 89' lang='lat' dir='ltr'><em>Pontifici,</em></span> 
     </span>
     <span class='ocr_line' id='line_1_115' title="bbox 1207 2565 2093 2614; baseline 0.002 -11"><span class='ocrx_word' id='word_1_791' title='bbox 1207 2571 1241 2603; x_wconf 88' lang='lat'>&amp;</span> <span class='ocrx_word' id='word_1_792' title='bbox 1261 2568 1303 2602; x_wconf 90' lang='lat' dir='ltr'><em>ab</em></span> <span class='ocrx_word' id='word_1_793' title='bbox 1323 2568 1393 2611; x_wconf 89' lang='lat' dir='ltr'><em>ipso</em></span> <span class='ocrx_word' id='word_1_794' title='bbox 1404 2565 1646 2602; x_wconf 85' lang='lat' dir='ltr'><em>discutiendum</em></span> <span class='ocrx_word' id='word_1_795' title='bbox 1660 2569 1692 2602; x_wconf 91' lang='lat' dir='ltr'><em>in</em></span> <span class='ocrx_word' id='word_1_796' title='bbox 1706 2571 1923 2605; x_wconf 68' lang='lat' dir='ltr'><em>retraaatorio</em></span> <span class='ocrx_word' id='word_1_797' title='bbox 1943 2571 2093 2614; x_wconf 76' lang='lat' dir='ltr'><em>Iudicio.</em></span> 
     </span>
     <span class='ocr_line' id='line_1_116' title="bbox 1208 2616 2095 2666; baseline 0.007 -15"><span class='ocrx_word' id='word_1_798' title='bbox 1208 2619 1301 2666; x_wconf 83' lang='lat' dir='ltr'><em>Qin</em></span> <span class='ocrx_word' id='word_1_799' title='bbox 1315 2618 1385 2652; x_wconf 91' lang='lat' dir='ltr'><em>Leo</em></span> <span class='ocrx_word' id='word_1_800' title='bbox 1398 2616 1562 2652; x_wconf 82' lang='lat' dir='ltr'><em>Pontifex</em></span> <span class='ocrx_word' id='word_1_801' title='bbox 1574 2642 1585 2658; x_wconf 92' lang='lat'>,</span> <span class='ocrx_word' id='word_1_802' title='bbox 1612 2618 1646 2659; x_wconf 65' lang='lat' dir='ltr'><em>r&amp;</em></span> <span class='ocrx_word' id='word_1_803' title='bbox 1669 2617 1862 2662; x_wconf 82' lang='lat' dir='ltr'><em>Apostolica</em></span> <span class='ocrx_word' id='word_1_804' title='bbox 1884 2622 1991 2656; x_wconf 61' lang='lat' dir='ltr'><em>saneti</em></span> <span class='ocrx_word' id='word_1_805' title='bbox 2002 2622 2095 2661; x_wconf 79' lang='lat' dir='ltr'><em>Petri</em></span> 
     </span>
     <span class='ocr_line' id='line_1_117' title="bbox 1207 2668 2095 2713; baseline 0.002 -9"><span class='ocrx_word' id='word_1_806' title='bbox 1207 2670 1303 2704; x_wconf 86' lang='lat' dir='ltr'><em>Sedes</em></span> <span class='ocrx_word' id='word_1_807' title='bbox 1319 2669 1441 2702; x_wconf 85' lang='lat' dir='ltr'><em>fuerint</em></span> <span class='ocrx_word' id='word_1_808' title='bbox 1463 2668 1497 2702; x_wconf 89' lang='lat' dir='ltr'><em>in</em></span> <span class='ocrx_word' id='word_1_809' title='bbox 1520 2668 1741 2712; x_wconf 81' lang='lat' dir='ltr'><em>ipsoexpreffa</em></span> <span class='ocrx_word' id='word_1_810' title='bbox 1755 2695 1767 2713; x_wconf 92' lang='lat'>‚</span> <span class='ocrx_word' id='word_1_811' title='bbox 1792 2672 1920 2705; x_wconf 87' lang='lat' dir='ltr'><em>nonest</em></span> <span class='ocrx_word' id='word_1_812' title='bbox 1942 2670 2095 2706; x_wconf 83' lang='lat' dir='ltr'><em>dubitan-</em></span> 
     </span>
     <span class='ocr_line' id='line_1_118' title="bbox 1206 2717 2094 2762; baseline 0.002 -8"><span class='ocrx_word' id='word_1_813' title='bbox 1206 2720 1307 2754; x_wconf 90' lang='lat' dir='ltr'><em>dum:</em></span> <span class='ocrx_word' id='word_1_814' title='bbox 1335 2718 1495 2753; x_wconf 82' lang='lat' dir='ltr'><em>Attamen</em></span> <span class='ocrx_word' id='word_1_815' title='bbox 1507 2717 1584 2762; x_wconf 88' lang='lat' dir='ltr'><em>quia</em></span> <span class='ocrx_word' id='word_1_816' title='bbox 1596 2719 1719 2754; x_wconf 87' lang='lat' dir='ltr'><em>sacrum</em></span> <span class='ocrx_word' id='word_1_817' title='bbox 1732 2719 1817 2755; x_wconf 84' lang='lat' dir='ltr'><em>istud</em></span> <span class='ocrx_word' id='word_1_818' title='bbox 1839 2721 2094 2756; x_wconf 87' lang='lat' dir='ltr'><em>instrumentum</em></span> 
     </span>
     <span class='ocr_line' id='line_1_119' title="bbox 1205 2768 2100 2816; baseline 0.002 -12"><span class='ocrx_word' id='word_1_819' title='bbox 1205 2770 1249 2804; x_wconf 90' lang='lat' dir='ltr'><em>est</em></span> <span class='ocrx_word' id='word_1_820' title='bbox 1271 2769 1289 2803; x_wconf 72' lang='lat' dir='ltr'><em>a</em></span> <span class='ocrx_word' id='word_1_821' title='bbox 1308 2768 1407 2803; x_wconf 88' lang='lat' dir='ltr'><em>nobis</em></span> <span class='ocrx_word' id='word_1_822' title='bbox 1427 2768 1614 2812; x_wconf 83' lang='lat' dir='ltr'><em>perditum,</em></span> <span class='ocrx_word' id='word_1_823' title='bbox 1640 2780 1697 2812; x_wconf 85' lang='lat' dir='ltr'><em>per</em></span> <span class='ocrx_word' id='word_1_824' title='bbox 1718 2770 1822 2814; x_wconf 84' lang='lat' dir='ltr'><em>ipsum</em></span> <span class='ocrx_word' id='word_1_825' title='bbox 1843 2783 1912 2805; x_wconf 87' lang='lat' dir='ltr'><em>non</em></span> <span class='ocrx_word' id='word_1_826' title='bbox 1925 2774 2100 2816; x_wconf 71' lang='lat' dir='ltr'><em>possumus</em></span> 
     </span>
     <span class='ocr_line' id='line_1_120' title="bbox 1205 2819 2093 2866; baseline 0.002 -12"><span class='ocrx_word' id='word_1_827' title='bbox 1205 2819 1371 2854; x_wconf 78' lang='lat' dir='ltr'><em>obstruere</em></span> <span class='ocrx_word' id='word_1_828' title='bbox 1387 2829 1426 2853; x_wconf 90' lang='lat' dir='ltr'><em>os</em></span> <span class='ocrx_word' id='word_1_829' title='bbox 1447 2819 1800 2864; x_wconf 81' lang='lat' dir='ltr'><em>loquentiuminiqna.</em></span> <span class='ocrx_word' id='word_1_830' title='bbox 1826 2821 1935 2866; x_wconf 80' lang='lat' dir='ltr'><em>Ipsum</em></span> <span class='ocrx_word' id='word_1_831' title='bbox 1954 2821 2093 2857; x_wconf 82' lang='lat' dir='ltr'><em>obstruit</em></span> 
     </span>
     <span class='ocr_line' id='line_1_121' title="bbox 1206 2868 2092 2915; baseline 0.002 -11"><span class='ocrx_word' id='word_1_832' title='bbox 1206 2871 1353 2914; x_wconf 81' lang='lat' dir='ltr'><em>Magnus</em></span> <span class='ocrx_word' id='word_1_833' title='bbox 1370 2868 1441 2904; x_wconf 90' lang='lat' dir='ltr'><em>Leo</em></span> <span class='ocrx_word' id='word_1_834' title='bbox 1462 2869 1497 2903; x_wconf 90' lang='lat' dir='ltr'><em>in</em></span> <span class='ocrx_word' id='word_1_835' title='bbox 1512 2869 1626 2903; x_wconf 87' lang='lat' dir='ltr'><em>litteris</em></span> <span class='ocrx_word' id='word_1_836' title='bbox 1636 2869 1675 2904; x_wconf 89' lang='lat' dir='ltr'><em>ad</em></span> <span class='ocrx_word' id='word_1_837' title='bbox 1688 2869 1930 2915; x_wconf 77' lang='lat' dir='ltr'><em>imperatricem</em></span> <span class='ocrx_word' id='word_1_838' title='bbox 1952 2871 2092 2906; x_wconf 88' lang='lat' dir='ltr'><em>Pulche-</em></span> 
     </span>
     <span class='ocr_line' id='line_1_122' title="bbox 1205 2917 2091 2966; baseline 0.002 -12"><span class='ocrx_word' id='word_1_839' title='bbox 1205 2921 1285 2954; x_wconf 86' lang='lat' dir='ltr'><em>tiam</em></span> <span class='ocrx_word' id='word_1_840' title='bbox 1301 2933 1311 2952; x_wconf 91' lang='grc'><em>.-</em></span> <span class='ocrx_word' id='word_1_841' title='bbox 1337 2917 1509 2961; x_wconf 79' lang='lat' dir='ltr'><em>Scripfimus</em></span> <span class='ocrx_word' id='word_1_842' title='bbox 1531 2920 1568 2953; x_wconf 86' lang='lat' dir='ltr'><em>de</em></span> <span class='ocrx_word' id='word_1_843' title='bbox 1588 2918 1643 2953; x_wconf 88' lang='lat' dir='ltr'><em>bac</em></span> <span class='ocrx_word' id='word_1_844' title='bbox 1664 2931 1718 2961; x_wconf 88' lang='lat' dir='ltr'><em>re,</em></span> <span class='ocrx_word' id='word_1_845' title='bbox 1745 2921 1838 2955; x_wconf 65' lang='lat' dir='ltr'><em>Astis</em></span> <span class='ocrx_word' id='word_1_846' title='bbox 1861 2921 2091 2966; x_wconf 79' lang='lat' dir='ltr'><em>EphesmiLa-</em></span> 
     </span>
     <span class='ocr_line' id='line_1_123' title="bbox 1204 2969 2090 3017; baseline 0.003 -13"><span class='ocrx_word' id='word_1_847' title='bbox 1204 2969 1337 3004; x_wconf 88' lang='lat' dir='ltr'><em>trocinii</em></span> <span class='ocrx_word' id='word_1_848' title='bbox 1347 2992 1358 3008; x_wconf 89' lang='lat'>,</span> <span class='ocrx_word' id='word_1_849' title='bbox 1381 2970 1416 3004; x_wconf 78' lang='grc' dir='ltr'><em>δε</em></span> <span class='ocrx_word' id='word_1_850' title='bbox 1427 2969 1648 3014; x_wconf 85' lang='lat' dir='ltr'><em>appellatione</em></span> <span class='ocrx_word' id='word_1_851' title='bbox 1660 2970 1767 3005; x_wconf 72' lang='lat' dir='ltr'><em>Sansti</em></span> <span class='ocrx_word' id='word_1_852' title='bbox 1778 2970 1951 3013; x_wconf 85' lang='lat' dir='ltr'><em>Flaviani,</em></span> <span class='ocrx_word' id='word_1_853' title='bbox 1976 2974 2023 3006; x_wconf 82' lang='lat' dir='ltr'><em>ad</em></span> <span class='ocrx_word' id='word_1_854' title='bbox 2026 2975 2090 3017; x_wconf 86' lang='lat' dir='ltr'><em>glo-</em></span> 
     </span>
     <span class='ocr_line' id='line_1_124' title="bbox 1204 3019 2089 3066; baseline 0.006 -14"><span class='ocrx_word' id='word_1_855' title='bbox 1204 3019 1375 3062; x_wconf 83' lang='lat' dir='ltr'><em>riofiffimum</em></span> <span class='ocrx_word' id='word_1_856' title='bbox 1387 3022 1556 3061; x_wconf 81' lang='lat' dir='ltr'><em>Principem</em></span> <span class='ocrx_word' id='word_1_857' title='bbox 1566 3043 1577 3060; x_wconf 88' lang='lat'><strong>,</strong></span> <span class='ocrx_word' id='word_1_858' title='bbox 1602 3028 1635 3052; x_wconf 87' lang='lat' dir='ltr'><em>ut</em></span> <span class='ocrx_word' id='word_1_859' title='bbox 1641 3019 1735 3062; x_wconf 80' lang='lat' dir='ltr'><em>fidem</em></span> <span class='ocrx_word' id='word_1_860' title='bbox 1746 3045 1757 3062; x_wconf 91' lang='lat'>,</span> <span class='ocrx_word' id='word_1_861' title='bbox 1783 3027 1816 3054; x_wconf 83' lang='lat' dir='ltr'><em>in</em></span> <span class='ocrx_word' id='word_1_862' title='bbox 1826 3033 1886 3066; x_wconf 87' lang='lat' dir='ltr'><em>qua</em></span> <span class='ocrx_word' id='word_1_863' title='bbox 1895 3030 2017 3057; x_wconf 85' lang='lat' dir='ltr'><em>renatus</em></span> <span class='ocrx_word' id='word_1_864' title='bbox 2031 3031 2089 3064; x_wconf 88' lang='lat' dir='ltr'><em>per</em></span> 
     </span>
     <span class='ocr_line' id='line_1_125' title="bbox 1206 3068 2088 3115; baseline 0.002 -11"><span class='ocrx_word' id='word_1_865' title='bbox 1206 3075 1263 3104; x_wconf 80' lang='lat' dir='ltr'><em>Dei</em></span> <span class='ocrx_word' id='word_1_866' title='bbox 1272 3075 1407 3114; x_wconf 80' lang='lat' dir='ltr'><em>gratiam</em></span> <span class='ocrx_word' id='word_1_867' title='bbox 1418 3077 1524 3114; x_wconf 87' lang='lat' dir='ltr'><em>regnat</em></span> <span class='ocrx_word' id='word_1_868' title='bbox 1537 3091 1548 3108; x_wconf 94' lang='lat'>‚</span> <span class='ocrx_word' id='word_1_869' title='bbox 1573 3069 1657 3102; x_wconf 87' lang='lat' dir='ltr'><em>nulla</em></span> <span class='ocrx_word' id='word_1_870' title='bbox 1663 3068 1742 3111; x_wconf 65' lang='lat' dir='ltr'><em>linat</em></span> <span class='ocrx_word' id='word_1_871' title='bbox 1763 3076 1900 3106; x_wconf 80' lang='lat' dir='ltr'><em>novitate</em></span> <span class='ocrx_word' id='word_1_872' title='bbox 1919 3080 2088 3115; x_wconf 85' lang='lat' dir='ltr'><em>corrumpi,</em></span> 
     </span>
     <span class='ocr_line' id='line_1_126' title="bbox 1205 3118 2088 3164; baseline 0.001 -10"><span class='ocrx_word' id='word_1_873' title='bbox 1205 3121 1342 3164; x_wconf 61' lang='lat' dir='ltr'><em>quamnim</em></span> <span class='ocrx_word' id='word_1_874' title='bbox 1352 3119 1523 3153; x_wconf 82' lang='lat' dir='ltr'><em>Flavianus</em></span> <span class='ocrx_word' id='word_1_875' title='bbox 1533 3118 1696 3163; x_wconf 81' lang='lat' dir='ltr'><em>Episcopus</em></span> <span class='ocrx_word' id='word_1_876' title='bbox 1706 3126 1741 3155; x_wconf 84' lang='lat' dir='ltr'><em>in</em></span> <span class='ocrx_word' id='word_1_877' title='bbox 1752 3121 1848 3162; x_wconf 81' lang='lat' dir='ltr'><em>nostra</em></span> <span class='ocrx_word' id='word_1_878' title='bbox 1869 3128 1997 3157; x_wconf 84' lang='lat' dir='ltr'><em>omnium</em></span> <span class='ocrx_word' id='word_1_879' title='bbox 2016 3134 2088 3156; x_wconf 87' lang='lat' dir='ltr'><em>com-</em></span> 
     </span>
     <span class='ocr_line' id='line_1_127' title="bbox 1204 3168 2086 3215; baseline 0.003 -11"><span class='ocrx_word' id='word_1_880' title='bbox 1204 3176 1337 3205; x_wconf 86' lang='lat' dir='ltr'><em>munione</em></span> <span class='ocrx_word' id='word_1_881' title='bbox 1353 3168 1477 3212; x_wconf 68' lang='lat' dir='ltr'><em>persdlit</em></span> <span class='ocrx_word' id='word_1_882' title='bbox 1489 3193 1500 3209; x_wconf 90' lang='lat'>,</span> <span class='ocrx_word' id='word_1_883' title='bbox 1524 3177 1616 3213; x_wconf 85' lang='lat' dir='ltr'><em>atque</em></span> <span class='ocrx_word' id='word_1_884' title='bbox 1637 3170 1709 3213; x_wconf 88' lang='lat' dir='ltr'><em>boc,</em></span> <span class='ocrx_word' id='word_1_885' title='bbox 1735 3173 1821 3214; x_wconf 84' lang='lat' dir='ltr'><em>quod.</em></span> <span class='ocrx_word' id='word_1_886' title='bbox 1824 3172 1948 3215; x_wconf 56' lang='lat' dir='ltr'><em>fadum</em></span> <span class='ocrx_word' id='word_1_887' title='bbox 1968 3173 2006 3212; x_wconf 87' lang='lat' dir='ltr'><em>est</em></span> <span class='ocrx_word' id='word_1_888' title='bbox 2021 3171 2086 3214; x_wconf 83' lang='lat' dir='ltr'><em>fine</em></span> 
     </span>
     <span class='ocr_line' id='line_1_128' title="bbox 1203 3219 2085 3262; baseline 0.002 -8"><span class='ocrx_word' id='word_1_889' title='bbox 1203 3220 1422 3262; x_wconf 84' lang='lat' dir='ltr'><em>consideratione</em></span> <span class='ocrx_word' id='word_1_890' title='bbox 1430 3219 1558 3262; x_wconf 67' lang='lat' dir='ltr'><em>justitia</em></span> <span class='ocrx_word' id='word_1_891' title='bbox 1577 3243 1589 3260; x_wconf 86' lang='lat'>,</span> <span class='ocrx_word' id='word_1_892' title='bbox 1613 3221 1648 3255; x_wconf 67' lang='grc' dir='ltr'><strong><em>Θ</em></strong></span> <span class='ocrx_word' id='word_1_893' title='bbox 1667 3229 1770 3257; x_wconf 79' lang='lat' dir='ltr'><em>contra</em></span> <span class='ocrx_word' id='word_1_894' title='bbox 1789 3234 1904 3257; x_wconf 81' lang='lat' dir='ltr'><em>omnem</em></span> <span class='ocrx_word' id='word_1_895' title='bbox 1927 3228 2085 3257; x_wconf 78' lang='lat' dir='ltr'><em>eanonum</em></span> 
     </span>
     <span class='ocr_line' id='line_1_129' title="bbox 1205 3269 2083 3316; baseline -0.001 -11"><span class='ocrx_word' id='word_1_896' title='bbox 1205 3270 1393 3316; x_wconf 83' lang='lat' dir='ltr'><em>disciplinam</em></span> <span class='ocrx_word' id='word_1_897' title='bbox 1411 3294 1423 3312; x_wconf 91' lang='lat'>,</span> <span class='ocrx_word' id='word_1_898' title='bbox 1447 3279 1548 3303; x_wconf 87' lang='lat' dir='ltr'><em>ratum</em></span> <span class='ocrx_word' id='word_1_899' title='bbox 1568 3269 1672 3305; x_wconf 84' lang='lat' dir='ltr'><em>baberi</em></span> <span class='ocrx_word' id='word_1_900' title='bbox 1693 3274 1882 3307; x_wconf 65' lang='lat' dir='ltr'><em>rationalia</em></span> <span class='ocrx_word' id='word_1_901' title='bbox 1907 3279 2083 3315; x_wconf 86' lang='lat' dir='ltr'><em>permittit.</em></span> 
     </span>
     <span class='ocr_line' id='line_1_130' title="bbox 1205 3316 2084 3366; baseline 0.001 -13"><span class='ocrx_word' id='word_1_902' title='bbox 1205 3326 1250 3356; x_wconf 74' lang='lat' dir='ltr'><em>Et</em></span> <span class='ocrx_word' id='word_1_903' title='bbox 1260 3326 1329 3366; x_wconf 88' lang='lat' dir='ltr'><em>quia</em></span> <span class='ocrx_word' id='word_1_904' title='bbox 1351 3318 1707 3364; x_wconf 71' lang='lat' dir='ltr'><em>diffenfionisfi‘andalum</em></span> <span class='ocrx_word' id='word_1_905' title='bbox 1724 3333 1783 3358; x_wconf 79' lang='lat' dir='ltr'><em>non</em></span> <span class='ocrx_word' id='word_1_906' title='bbox 1794 3316 1947 3366; x_wconf 81' lang='lat' dir='ltr'><em>abstulisset</em></span> <span class='ocrx_word' id='word_1_907' title='bbox 1957 3320 2084 3364; x_wconf 72' lang='lat' dir='ltr'><em>Ephesi-</em></span> 
     </span>
     <span class='ocr_line' id='line_1_131' title="bbox 1205 3369 2082 3414; baseline -0.008 -3"><span class='ocrx_word' id='word_1_908' title='bbox 1205 3385 1246 3407; x_wconf 73' lang='grc' dir='ltr'><em>πα</em></span> <span class='ocrx_word' id='word_1_909' title='bbox 1265 3372 1390 3410; x_wconf 71' lang='lat' dir='ltr'><em>sinodus</em></span> <span class='ocrx_word' id='word_1_910' title='bbox 1407 3394 1419 3411; x_wconf 83' lang='lat'>‚</span> <span class='ocrx_word' id='word_1_911' title='bbox 1439 3369 1498 3414; x_wconf 75' lang='lat' dir='ltr'><em>sed</em></span> <span class='ocrx_word' id='word_1_912' title='bbox 1516 3371 1639 3414; x_wconf 72' lang='lat' dir='ltr'><em>auxtffet</em></span> <span class='ocrx_word' id='word_1_913' title='bbox 1659 3395 1672 3412; x_wconf 92' lang='lat'>‚</span> <span class='ocrx_word' id='word_1_914' title='bbox 1699 3371 1834 3407; x_wconf 79' lang='lat' dir='ltr'><em>habendo</em></span> <span class='ocrx_word' id='word_1_915' title='bbox 1851 3379 1938 3406; x_wconf 75' lang='lat' dir='ltr'><em>intra</em></span> <span class='ocrx_word' id='word_1_916' title='bbox 1960 3374 2082 3406; x_wconf 75' lang='lat' dir='ltr'><em>ltaliam</em></span> 
     </span>
     <span class='ocr_line' id='line_1_132' title="bbox 1205 3421 2082 3467; baseline 0.001 -10"><span class='ocrx_word' id='word_1_917' title='bbox 1205 3424 1332 3459; x_wconf 79' lang='lat' dir='ltr'><em>concilio</em></span> <span class='ocrx_word' id='word_1_918' title='bbox 1350 3423 1385 3458; x_wconf 72' lang='lat' dir='ltr'><em>es</em></span> <span class='ocrx_word' id='word_1_919' title='bbox 1403 3421 1482 3459; x_wconf 82' lang='lat' dir='ltr'><em>locus</em></span> <span class='ocrx_word' id='word_1_920' title='bbox 1505 3421 1722 3464; x_wconf 81' lang='lat' dir='ltr'><em>constitueretur</em></span> <span class='ocrx_word' id='word_1_921' title='bbox 1740 3424 1898 3467; x_wconf 73' lang='lat' dir='ltr'><em>&amp;tempus</em></span> <span class='ocrx_word' id='word_1_922' title='bbox 1909 3445 1921 3464; x_wconf 89' lang='lat'>‚</span> <span class='ocrx_word' id='word_1_923' title='bbox 1946 3421 2082 3455; x_wconf 74' lang='lat' dir='ltr'><em>mnibus</em></span> 
     </span>
    </p>

    <p class='ocr_par' dir='ltr' id='par_1_12' title="bbox 1965 3480 2033 3514">
     <span class='ocr_line' id='line_1_133' title="bbox 1965 3480 2033 3514; baseline 0 0"><span class='ocrx_word' id='word_1_924' title='bbox 1965 3480 2033 3514; x_wconf 60' lang='lat' dir='ltr'><em>qm·</em></span> 
     </span>
    </p>
   </div>
   <div class='ocr_carea' id='block_1_11' title="bbox 2069 801 2261 840">
    <p class='ocr_par' dir='ltr' id='par_1_13' title="bbox 2069 801 2261 840">
     <span class='ocr_line' id='line_1_134' title="bbox 2069 801 2261 840; baseline -0.01 -5"><span class='ocrx_word' id='word_1_925' title='bbox 2069 827 2078 835; x_wconf 88' lang='lat'>.</span> <span class='ocrx_word' id='word_1_926' title='bbox 2108 801 2158 840; x_wconf 80' lang='lat' dir='ltr'><em>Ep.</em></span> <span class='ocrx_word' id='word_1_927' title='bbox 2170 801 2261 839; x_wconf 56' lang='grc' dir='ltr'><strong>,ιο-Ε.</strong></span> 
     </span>
    </p>
   </div>
   <div class='ocr_carea' id='block_1_12' title="bbox 2108 2950 2261 2991">
    <p class='ocr_par' dir='ltr' id='par_1_14' title="bbox 2108 2950 2261 2991">
     <span class='ocr_line' id='line_1_135' title="bbox 2108 2950 2261 2991; baseline 0.013 -8"><span class='ocrx_word' id='word_1_928' title='bbox 2108 2950 2195 2991; x_wconf 73' lang='lat' dir='ltr'><em>Epist·</em></span> <span class='ocrx_word' id='word_1_929' title='bbox 2214 2964 2261 2989; x_wconf 65' lang='grc' dir='ltr'><em>μ.</em></span> 
     </span>
    </p>
   </div>
  </div>
 </body>
</html>
