<?xml version="1.0" encoding="UTF-8"?>
<!DOCTYPE html PUBLIC "-//W3C//DTD XHTML 1.0 Transitional//EN"
    "http://www.w3.org/TR/xhtml1/DTD/xhtml1-transitional.dtd">
<html xmlns="http://www.w3.org/1999/xhtml" xml:lang="en" lang="en">
 <head>
  <title>
</title>
<meta http-equiv="Content-Type" content="text/html;charset=utf-8" />
  <meta name='ocr-system' content='tesseract 3.04.00' />
  <meta name='ocr-capabilities' content='ocr_page ocr_carea ocr_par ocr_line ocrx_word'/>
</head>
<body>
  <div class='ocr_page' id='page_1' title='image "./operaomniastudio08lupuuoft_0164.png"; bbox 0 0 2326 3718; ppageno 0'>
   <div class='ocr_carea' id='block_1_1' title="bbox 373 120 464 179">
    <p class='ocr_par' dir='ltr' id='par_1_1' title="bbox 373 120 464 179">
     <span class='ocr_line' id='line_1_1' title="bbox 373 120 464 179; baseline 0.011 -13"><span class='ocrx_word' id='word_1_1' title='bbox 373 120 464 179; x_wconf 86' lang='lat'>158</span> 
     </span>
    </p>
   </div>
   <div class='ocr_carea' id='block_1_2' title="bbox 282 398 1178 443">
    <p class='ocr_par' dir='ltr' id='par_1_2' title="bbox 282 398 1178 443">
     <span class='ocr_line' id='line_1_2' title="bbox 282 398 1178 443; baseline -0.003 -8"><span class='ocrx_word' id='word_1_2' title='bbox 282 401 328 437; x_wconf 83' lang='lat' dir='ltr'>tis</span> <span class='ocrx_word' id='word_1_3' title='bbox 340 401 423 436; x_wconf 70' lang='lat' dir='ltr'>adeo</span> <span class='ocrx_word' id='word_1_4' title='bbox 433 410 563 436; x_wconf 82' lang='lat' dir='ltr'>tenaces</span> <span class='ocrx_word' id='word_1_5' title='bbox 574 426 586 442; x_wconf 91' lang='lat'>,</span> <span class='ocrx_word' id='word_1_6' title='bbox 617 412 653 437; x_wconf 90' lang='lat' dir='ltr'>ut</span> <span class='ocrx_word' id='word_1_7' title='bbox 666 402 701 435; x_wconf 89' lang='lat' dir='ltr'>in</span> <span class='ocrx_word' id='word_1_8' title='bbox 714 398 962 443; x_wconf 79' lang='lat' dir='ltr'>Carthaginensi</span> <span class='ocrx_word' id='word_1_9' title='bbox 976 424 987 441; x_wconf 91' lang='lat'>,</span> <span class='ocrx_word' id='word_1_10' title='bbox 1013 400 1083 442; x_wconf 86' lang='lat' dir='ltr'>post</span> <span class='ocrx_word' id='word_1_11' title='bbox 1098 401 1178 434; x_wconf 89' lang='lat' dir='ltr'>duo-</span> 
     </span>
    </p>
   </div>
   <div class='ocr_carea' id='block_1_3' title="bbox 282 447 1180 487">
    <p class='ocr_par' dir='ltr' id='par_1_3' title="bbox 282 447 1180 487">
     <span class='ocr_line' id='line_1_3' title="bbox 282 447 1180 487; baseline -0.003 -1"><span class='ocrx_word' id='word_1_12' title='bbox 282 451 449 487; x_wconf 84' lang='lat' dir='ltr'>decimum</span> <span class='ocrx_word' id='word_1_13' title='bbox 466 452 614 487; x_wconf 85' lang='lat' dir='ltr'>Honotii</span> <span class='ocrx_word' id='word_1_14' title='bbox 640 453 674 486; x_wconf 77' lang='grc' dir='ltr'>ἀ</span> <span class='ocrx_word' id='word_1_15' title='bbox 689 453 837 485; x_wconf 67' lang='lat' dir='ltr'>octavum</span> <span class='ocrx_word' id='word_1_16' title='bbox 854 447 1038 484; x_wconf 82' lang='lat' dir='ltr'>Theodosii</span> <span class='ocrx_word' id='word_1_17' title='bbox 1051 450 1180 485; x_wconf 89' lang='lat' dir='ltr'>Consu-</span> 
     </span>
    </p>
   </div>
   <div class='ocr_carea' id='block_1_4' title="bbox 834 111 1640 163">
    <p class='ocr_par' dir='ltr' id='par_1_4' title="bbox 834 111 1640 163">
     <span class='ocr_line' id='line_1_4' title="bbox 834 111 1640 163; baseline 0.001 -1"><span class='ocrx_word' id='word_1_18' title='bbox 834 111 926 162; x_wconf 65' lang='lat' dir='ltr'>DE</span> <span class='ocrx_word' id='word_1_19' title='bbox 959 116 1287 163; x_wconf 54' lang='lat' dir='ltr'>Armenian</span> <span class='ocrx_word' id='word_1_20' title='bbox 1335 112 1640 163; x_wconf 72' lang='lat' dir='ltr'>Ecctnsrnt</span> 
     </span>
    </p>
   </div>
   <div class='ocr_carea' id='block_1_5' title="bbox 283 195 1203 396">
    <p class='ocr_par' dir='ltr' id='par_1_5' title="bbox 283 195 1203 396">
     <span class='ocr_line' id='line_1_5' title="bbox 287 195 1203 244; baseline -0.007 -7"><span class='ocrx_word' id='word_1_21' title='bbox 287 202 372 238; x_wconf 71' lang='lat' dir='ltr'>nobis</span> <span class='ocrx_word' id='word_1_22' title='bbox 388 227 400 243; x_wconf 94' lang='lat'>,</span> <span class='ocrx_word' id='word_1_23' title='bbox 425 205 488 235; x_wconf 85' lang='lat' dir='ltr'>Deo</span> <span class='ocrx_word' id='word_1_24' title='bbox 504 201 657 241; x_wconf 73' lang='lat' dir='ltr'>propino,</span> <span class='ocrx_word' id='word_1_25' title='bbox 678 195 874 242; x_wconf 76' lang='lat' dir='ltr'>servabitur,</span> <span class='ocrx_word' id='word_1_26' title='bbox 895 198 987 244; x_wconf 85' lang='lat' dir='ltr'>salvo</span> <span class='ocrx_word' id='word_1_27' title='bbox 1010 206 1100 232; x_wconf 82' lang='lat' dir='ltr'>etiam</span> <span class='ocrx_word' id='word_1_28' title='bbox 1111 200 1203 240; x_wconf 83' lang='lat' dir='ltr'>jure·</span> 
     </span>
     <span class='ocr_line' id='line_1_6' title="bbox 286 247 1182 287; baseline -0.003 0"><span class='ocrx_word' id='word_1_29' title='bbox 286 252 436 287; x_wconf 66' lang='lat' dir='ltr'>&#39;Primatis</span> <span class='ocrx_word' id='word_1_30' title='bbox 450 251 611 286; x_wconf 80' lang='lat' dir='ltr'>Numidiae</span> <span class='ocrx_word' id='word_1_31' title='bbox 636 251 670 285; x_wconf 63' lang='grc' dir='ltr'><strong><em>Θ</em></strong></span> <span class='ocrx_word' id='word_1_32' title='bbox 683 253 878 285; x_wconf 65' lang='lat' dir='ltr'>Mauritania</span> <span class='ocrx_word' id='word_1_33' title='bbox 892 274 899 281; x_wconf 89' lang='lat'>.</span> <span class='ocrx_word' id='word_1_34' title='bbox 926 249 1028 285; x_wconf 79' lang='lat' dir='ltr'>Hisce</span> <span class='ocrx_word' id='word_1_35' title='bbox 1053 247 1182 284; x_wconf 85' lang='lat' dir='ltr'>duobus</span> 
     </span>
     <span class='ocr_line' id='line_1_7' title="bbox 287 297 1180 346; baseline -0.006 -9"><span class='ocrx_word' id='word_1_36' title='bbox 287 303 409 345; x_wconf 84' lang='lat' dir='ltr'>semper</span> <span class='ocrx_word' id='word_1_37' title='bbox 428 301 491 334; x_wconf 87' lang='lat' dir='ltr'>fuit</span> <span class='ocrx_word' id='word_1_38' title='bbox 504 300 626 344; x_wconf 85' lang='lat' dir='ltr'>primus</span> <span class='ocrx_word' id='word_1_39' title='bbox 637 300 730 336; x_wconf 88' lang='lat' dir='ltr'>locus</span> <span class='ocrx_word' id='word_1_40' title='bbox 741 300 813 346; x_wconf 86' lang='lat' dir='ltr'>post</span> <span class='ocrx_word' id='word_1_41' title='bbox 827 300 1009 335; x_wconf 86' lang='lat' dir='ltr'>Primatem</span> <span class='ocrx_word' id='word_1_42' title='bbox 1035 297 1180 333; x_wconf 85' lang='lat' dir='ltr'>Cartha-</span> 
     </span>
     <span class='ocr_line' id='line_1_8' title="bbox 283 348 1179 396; baseline -0.003 -11"><span class='ocrx_word' id='word_1_43' title='bbox 283 351 458 396; x_wconf 85' lang='lat' dir='ltr'>ginensem</span> <span class='ocrx_word' id='word_1_44' title='bbox 472 376 480 384; x_wconf 84' lang='lat'><em>.</em></span> <span class='ocrx_word' id='word_1_45' title='bbox 509 351 553 387; x_wconf 89' lang='lat' dir='ltr'>Et</span> <span class='ocrx_word' id='word_1_46' title='bbox 567 350 771 388; x_wconf 84' lang='lat' dir='ltr'>hiPrimates</span> <span class='ocrx_word' id='word_1_47' title='bbox 782 353 911 384; x_wconf 88' lang='lat' dir='ltr'>fuerunt</span> <span class='ocrx_word' id='word_1_48' title='bbox 927 349 1018 384; x_wconf 85' lang='lat' dir='ltr'>islius</span> <span class='ocrx_word' id='word_1_49' title='bbox 1037 348 1179 395; x_wconf 88' lang='lat' dir='ltr'>dignita·</span> 
     </span>
    </p>
   </div>
   <div class='ocr_carea' id='block_1_6' title="bbox 1239 196 2128 497">
    <p class='ocr_par' dir='ltr' id='par_1_6' title="bbox 1239 196 2128 497">
     <span class='ocr_line' id='line_1_9' title="bbox 1242 196 2125 245; baseline 0.008 -13"><span class='ocrx_word' id='word_1_50' title='bbox 1242 196 1466 234; x_wconf 80' lang='lat' dir='ltr'>VVandalina</span> <span class='ocrx_word' id='word_1_51' title='bbox 1478 200 1669 244; x_wconf 77' lang='lat' dir='ltr'>captivitate</span> <span class='ocrx_word' id='word_1_52' title='bbox 1683 196 1837 245; x_wconf 80' lang='lat' dir='ltr'>Africana</span> <span class='ocrx_word' id='word_1_53' title='bbox 1846 201 2042 238; x_wconf 87' lang='lat' dir='ltr'>Hierarchia</span> <span class='ocrx_word' id='word_1_54' title='bbox 2057 204 2125 239; x_wconf 89' lang='lat' dir='ltr'>fue·</span> 
     </span>
     <span class='ocr_line' id='line_1_10' title="bbox 1241 247 2128 298; baseline 0.008 -17"><span class='ocrx_word' id='word_1_55' title='bbox 1241 249 1282 281; x_wconf 90' lang='lat' dir='ltr'>rit</span> <span class='ocrx_word' id='word_1_56' title='bbox 1296 247 1429 286; x_wconf 86' lang='lat' dir='ltr'>alterata</span> <span class='ocrx_word' id='word_1_57' title='bbox 1439 248 1471 283; x_wconf 79' lang='lat' dir='ltr'>in</span> <span class='ocrx_word' id='word_1_58' title='bbox 1482 252 1580 298; x_wconf 60' lang='lat' dir='ltr'>pariis</span> <span class='ocrx_word' id='word_1_59' title='bbox 1596 250 1757 292; x_wconf 79' lang='lat' dir='ltr'>articulis,</span> <span class='ocrx_word' id='word_1_60' title='bbox 1769 263 1807 286; x_wconf 86' lang='lat' dir='ltr'>ac</span> <span class='ocrx_word' id='word_1_61' title='bbox 1819 253 1959 288; x_wconf 87' lang='lat' dir='ltr'>sauciata</span> <span class='ocrx_word' id='word_1_62' title='bbox 1975 279 1982 286; x_wconf 90' lang='lat'>.</span> <span class='ocrx_word' id='word_1_63' title='bbox 2008 255 2128 288; x_wconf 89' lang='lat' dir='ltr'>Secun-</span> 
     </span>
     <span class='ocr_line' id='line_1_11' title="bbox 1240 296 2128 343; baseline 0.008 -13"><span class='ocrx_word' id='word_1_64' title='bbox 1240 296 1304 337; x_wconf 75' lang='lat' dir='ltr'>do,</span> <span class='ocrx_word' id='word_1_65' title='bbox 1330 296 1419 343; x_wconf 85' lang='lat' dir='ltr'>quod</span> <span class='ocrx_word' id='word_1_66' title='bbox 1432 296 1548 335; x_wconf 77' lang='lat' dir='ltr'>horum</span> <span class='ocrx_word' id='word_1_67' title='bbox 1574 300 1788 337; x_wconf 78' lang='lat' dir='ltr'>articulorum</span> <span class='ocrx_word' id='word_1_68' title='bbox 1815 314 1898 338; x_wconf 89' lang='lat' dir='ltr'>unus</span> <span class='ocrx_word' id='word_1_69' title='bbox 1924 303 2022 340; x_wconf 86' lang='lat' dir='ltr'>fuerit</span> <span class='ocrx_word' id='word_1_70' title='bbox 2044 305 2128 338; x_wconf 82' lang='lat' dir='ltr'>anti·</span> 
     </span>
     <span class='ocr_line' id='line_1_12' title="bbox 1240 348 2126 397; baseline 0.009 -16"><span class='ocrx_word' id='word_1_71' title='bbox 1240 359 1340 392; x_wconf 89' lang='lat' dir='ltr'>quum</span> <span class='ocrx_word' id='word_1_72' title='bbox 1354 348 1626 395; x_wconf 76' lang='lat' dir='ltr'>praecedentiaejus</span> <span class='ocrx_word' id='word_1_73' title='bbox 1639 376 1651 392; x_wconf 94' lang='lat'>,</span> <span class='ocrx_word' id='word_1_74' title='bbox 1676 352 1767 392; x_wconf 89' lang='lat' dir='ltr'>quod</span> <span class='ocrx_word' id='word_1_75' title='bbox 1782 353 1816 386; x_wconf 87' lang='lat' dir='ltr'>in</span> <span class='ocrx_word' id='word_1_76' title='bbox 1837 353 2126 397; x_wconf 81' lang='lat' dir='ltr'>generalibusistic</span> 
     </span>
     <span class='ocr_line' id='line_1_13' title="bbox 1239 398 2126 445; baseline 0.008 -12"><span class='ocrx_word' id='word_1_77' title='bbox 1239 399 1383 445; x_wconf 84' lang='lat' dir='ltr'>Synodis</span> <span class='ocrx_word' id='word_1_78' title='bbox 1396 398 1558 439; x_wconf 80' lang='lat' dir='ltr'>habebant</span> <span class='ocrx_word' id='word_1_79' title='bbox 1571 402 1696 441; x_wconf 82' lang='lat' dir='ltr'>Primas</span> <span class='ocrx_word' id='word_1_80' title='bbox 1720 401 1912 445; x_wconf 65' lang='lat' dir='ltr'>Numidia,</span> <span class='ocrx_word' id='word_1_81' title='bbox 1941 416 1981 440; x_wconf 84' lang='lat' dir='ltr'>ac</span> <span class='ocrx_word' id='word_1_82' title='bbox 1998 404 2126 440; x_wconf 86' lang='lat' dir='ltr'>Primas</span> 
     </span>
     <span class='ocr_line' id='line_1_14' title="bbox 1239 449 2125 497; baseline 0.008 -14"><span class='ocrx_word' id='word_1_83' title='bbox 1239 449 1449 485; x_wconf 82' lang='lat' dir='ltr'>Caesaraeensis</span> <span class='ocrx_word' id='word_1_84' title='bbox 1461 449 1684 489; x_wconf 80' lang='lat' dir='ltr'>Mauritaniae.</span> <span class='ocrx_word' id='word_1_85' title='bbox 1710 452 1830 497; x_wconf 78' lang='lat' dir='ltr'>Tertio</span> <span class='ocrx_word' id='word_1_86' title='bbox 1842 475 1854 492; x_wconf 95' lang='lat'>,</span> <span class='ocrx_word' id='word_1_87' title='bbox 1873 455 1962 497; x_wconf 86' lang='lat' dir='ltr'>quod</span> <span class='ocrx_word' id='word_1_88' title='bbox 1975 456 2042 490; x_wconf 87' lang='lat' dir='ltr'>sola</span> <span class='ocrx_word' id='word_1_89' title='bbox 2053 455 2088 490; x_wconf 89' lang='lat' dir='ltr'>N</span> <span class='ocrx_word' id='word_1_90' title='bbox 2092 467 2125 490; x_wconf 88' lang='lat' dir='ltr'>u-</span> 
     </span>
    </p>
   </div>
   <div class='ocr_carea' id='block_1_7' title="bbox 1217 208 1236 474">
    <p class='ocr_par' dir='ltr' id='par_1_7' title="bbox 1217 208 1236 474">
     <span class='ocr_line' id='line_1_15' title="bbox 1217 208 1236 474; baseline 0 -206"><span class='ocrx_word' id='word_1_91' title='bbox 1217 208 1236 474; x_wconf 95' lang='lat' dir='ltr'>  </span> 
     </span>
    </p>
   </div>
   <div class='ocr_carea' id='block_1_8' title="bbox 281 498 2125 547">
    <p class='ocr_par' dir='ltr' id='par_1_8' title="bbox 281 498 2125 547">
     <span class='ocr_line' id='line_1_16' title="bbox 281 498 2125 547; baseline 0.001 -10"><span class='ocrx_word' id='word_1_92' title='bbox 281 500 385 537; x_wconf 76' lang='lat' dir='ltr'>latum</span> <span class='ocrx_word' id='word_1_93' title='bbox 406 502 592 545; x_wconf 87' lang='lat' dir='ltr'>celebrata,</span> <span class='ocrx_word' id='word_1_94' title='bbox 617 501 755 544; x_wconf 88' lang='lat' dir='ltr'>synodo</span> <span class='ocrx_word' id='word_1_95' title='bbox 782 498 980 534; x_wconf 82' lang='lat' dir='ltr'>Valentinus</span> <span class='ocrx_word' id='word_1_96' title='bbox 1002 499 1177 534; x_wconf 88' lang='lat' dir='ltr'>Numidiae</span> <span class='ocrx_word' id='word_1_97' title='bbox 1238 501 1339 534; x_wconf 86' lang='lat' dir='ltr'>midia</span> <span class='ocrx_word' id='word_1_98' title='bbox 1352 498 1532 537; x_wconf 75' lang='lat' dir='ltr'>reclamari:</span> <span class='ocrx_word' id='word_1_99' title='bbox 1543 504 1637 545; x_wconf 71' lang='lat' dir='ltr'>sunm</span> <span class='ocrx_word' id='word_1_100' title='bbox 1649 503 1719 547; x_wconf 88' lang='lat' dir='ltr'>jus,</span> <span class='ocrx_word' id='word_1_101' title='bbox 1749 502 1917 546; x_wconf 88' lang='lat' dir='ltr'>postulans</span> <span class='ocrx_word' id='word_1_102' title='bbox 1942 504 2125 541; x_wconf 83' lang='lat' dir='ltr'>restaurati.</span> 
     </span>
    </p>
   </div>
   <div class='ocr_carea' id='block_1_9' title="bbox 259 548 1177 3451">
    <p class='ocr_par' dir='ltr' id='par_1_9' title="bbox 259 548 1177 3451">
     <span class='ocr_line' id='line_1_17' title="bbox 281 548 1177 590; baseline -0.004 -2"><span class='ocrx_word' id='word_1_103' title='bbox 281 552 411 590; x_wconf 66' lang='lat' dir='ltr'>Primae</span> <span class='ocrx_word' id='word_1_104' title='bbox 431 553 546 589; x_wconf 80' lang='lat' dir='ltr'>sederit</span> <span class='ocrx_word' id='word_1_105' title='bbox 568 561 645 586; x_wconf 92' lang='lat' dir='ltr'>ante</span> <span class='ocrx_word' id='word_1_106' title='bbox 660 548 852 586; x_wconf 87' lang='lat' dir='ltr'>Faustinum</span> <span class='ocrx_word' id='word_1_107' title='bbox 866 572 877 589; x_wconf 89' lang='lat'>‚</span> <span class='ocrx_word' id='word_1_108' title='bbox 905 549 1091 585; x_wconf 80' lang='lat' dir='ltr'>Potentinae</span> <span class='ocrx_word' id='word_1_109' title='bbox 1114 550 1177 584; x_wconf 89' lang='lat' dir='ltr'>Ec-</span> 
     </span>
     <span class='ocr_line' id='line_1_18' title="bbox 279 597 1171 648; baseline -0.003 -10"><span class='ocrx_word' id='word_1_110' title='bbox 279 602 378 640; x_wconf 80' lang='lat' dir='ltr'>clefiae</span> <span class='ocrx_word' id='word_1_111' title='bbox 390 604 587 648; x_wconf 83' lang='lat' dir='ltr'>Episcopum</span> <span class='ocrx_word' id='word_1_112' title='bbox 604 625 615 641; x_wconf 92' lang='lat'>‚</span> <span class='ocrx_word' id='word_1_113' title='bbox 640 599 805 644; x_wconf 82' lang='lat' dir='ltr'>Legatum</span> <span class='ocrx_word' id='word_1_114' title='bbox 818 600 979 634; x_wconf 76' lang='lat' dir='ltr'>Romanae</span> <span class='ocrx_word' id='word_1_115' title='bbox 1003 597 1171 636; x_wconf 77' lang='lat' dir='ltr'>Ecclesiae‚</span> 
     </span>
     <span class='ocr_line' id='line_1_19' title="bbox 279 648 1173 694; baseline -0.008 -5"><span class='ocrx_word' id='word_1_116' title='bbox 279 652 405 690; x_wconf 80' lang='lat' dir='ltr'>Eadem</span> <span class='ocrx_word' id='word_1_117' title='bbox 427 654 462 687; x_wconf 89' lang='lat' dir='ltr'>in</span> <span class='ocrx_word' id='word_1_118' title='bbox 478 650 617 694; x_wconf 86' lang='lat' dir='ltr'>Synodo</span> <span class='ocrx_word' id='word_1_119' title='bbox 633 650 749 694; x_wconf 79' lang='lat' dir='ltr'>Legati</span> <span class='ocrx_word' id='word_1_120' title='bbox 775 650 954 694; x_wconf 74' lang='lat' dir='ltr'>Byzacena:</span> <span class='ocrx_word' id='word_1_121' title='bbox 971 648 1173 689; x_wconf 63' lang='lat' dir='ltr'>Provinciae,</span> 
     </span>
     <span class='ocr_line' id='line_1_20' title="bbox 277 699 1173 746; baseline -0.003 -8"><span class='ocrx_word' id='word_1_122' title='bbox 277 703 421 746; x_wconf 78' lang='lat' dir='ltr'>itemque</span> <span class='ocrx_word' id='word_1_123' title='bbox 444 702 599 735; x_wconf 90' lang='lat' dir='ltr'>Novatus</span> <span class='ocrx_word' id='word_1_124' title='bbox 618 699 777 735; x_wconf 79' lang='lat' dir='ltr'>Sitifensis</span> <span class='ocrx_word' id='word_1_125' title='bbox 805 700 1010 745; x_wconf 83' lang='lat' dir='ltr'>Episcopus,</span> <span class='ocrx_word' id='word_1_126' title='bbox 1035 710 1074 734; x_wconf 88' lang='lat' dir='ltr'>ac</span> <span class='ocrx_word' id='word_1_127' title='bbox 1094 699 1173 743; x_wconf 84' lang='lat' dir='ltr'>ejus-</span> 
     </span>
     <span class='ocr_line' id='line_1_21' title="bbox 275 749 1169 796; baseline -0.002 -8"><span class='ocrx_word' id='word_1_128' title='bbox 275 754 352 791; x_wconf 84' lang='lat' dir='ltr'>dem</span> <span class='ocrx_word' id='word_1_129' title='bbox 364 751 546 786; x_wconf 71' lang='lat' dir='ltr'>Provincia:</span> <span class='ocrx_word' id='word_1_130' title='bbox 567 750 738 796; x_wconf 88' lang='lat' dir='ltr'>Legatus,</span> <span class='ocrx_word' id='word_1_131' title='bbox 765 750 878 787; x_wconf 83' lang='lat' dir='ltr'>sedent</span> <span class='ocrx_word' id='word_1_132' title='bbox 903 752 938 787; x_wconf 84' lang='lat'>&amp;</span> <span class='ocrx_word' id='word_1_133' title='bbox 964 749 1169 787; x_wconf 90' lang='lat' dir='ltr'>subscribunt</span> 
     </span>
     <span class='ocr_line' id='line_1_22' title="bbox 274 799 1168 847; baseline -0.004 -8"><span class='ocrx_word' id='word_1_134' title='bbox 274 811 351 839; x_wconf 74' lang='lat' dir='ltr'>ante</span> <span class='ocrx_word' id='word_1_135' title='bbox 373 803 519 847; x_wconf 83' lang='lat' dir='ltr'>Legatos</span> <span class='ocrx_word' id='word_1_136' title='bbox 542 801 759 839; x_wconf 74' lang='lat' dir='ltr'>Caeraraenfis</span> <span class='ocrx_word' id='word_1_137' title='bbox 781 799 990 838; x_wconf 66' lang='lat' dir='ltr'>Mauritania</span> <span class='ocrx_word' id='word_1_138' title='bbox 1009 825 1015 836; x_wconf 84' lang='lat'>.</span> <span class='ocrx_word' id='word_1_139' title='bbox 1048 800 1168 845; x_wconf 78' lang='lat' dir='ltr'>Legati</span> 
     </span>
     <span class='ocr_line' id='line_1_23' title="bbox 274 851 1167 896; baseline 0 -9"><span class='ocrx_word' id='word_1_140' title='bbox 274 862 391 887; x_wconf 89' lang='lat' dir='ltr'>omnes</span> <span class='ocrx_word' id='word_1_141' title='bbox 410 851 524 890; x_wconf 87' lang='lat' dir='ltr'>sedent</span> <span class='ocrx_word' id='word_1_142' title='bbox 544 851 627 887; x_wconf 89' lang='lat' dir='ltr'>inter</span> <span class='ocrx_word' id='word_1_143' title='bbox 648 853 681 886; x_wconf 87' lang='lat' dir='ltr'>se</span> <span class='ocrx_word' id='word_1_144' title='bbox 693 851 884 896; x_wconf 84' lang='lat' dir='ltr'>permixtim</span> <span class='ocrx_word' id='word_1_145' title='bbox 897 864 909 887; x_wconf 79' lang='lat'>.·</span> <span class='ocrx_word' id='word_1_146' title='bbox 935 852 1063 888; x_wconf 85' lang='lat' dir='ltr'>Omnes</span> <span class='ocrx_word' id='word_1_147' title='bbox 1089 851 1167 894; x_wconf 76' lang='lat' dir='ltr'>ejus-</span> 
     </span>
     <span class='ocr_line' id='line_1_24' title="bbox 273 900 1166 948; baseline 0.002 -11"><span class='ocrx_word' id='word_1_148' title='bbox 273 901 349 937; x_wconf 86' lang='lat' dir='ltr'>dem</span> <span class='ocrx_word' id='word_1_149' title='bbox 370 901 556 940; x_wconf 68' lang='lat' dir='ltr'>Provinciae</span> <span class='ocrx_word' id='word_1_150' title='bbox 578 902 695 948; x_wconf 80' lang='lat' dir='ltr'>Legati</span> <span class='ocrx_word' id='word_1_151' title='bbox 719 901 779 937; x_wconf 85' lang='lat' dir='ltr'>fibi</span> <span class='ocrx_word' id='word_1_152' title='bbox 796 900 915 937; x_wconf 74' lang='lat' dir='ltr'>mutuo</span> <span class='ocrx_word' id='word_1_153' title='bbox 928 912 997 939; x_wconf 84' lang='lat' dir='ltr'>non</span> <span class='ocrx_word' id='word_1_154' title='bbox 1010 901 1166 939; x_wconf 76' lang='lat' dir='ltr'>assident.</span> 
     </span>
     <span class='ocr_line' id='line_1_25' title="bbox 272 951 1167 998; baseline 0 -9"><span class='ocrx_word' id='word_1_155' title='bbox 272 953 406 998; x_wconf 81' lang='lat' dir='ltr'>Nempe</span> <span class='ocrx_word' id='word_1_156' title='bbox 419 953 603 988; x_wconf 83' lang='lat' dir='ltr'>Primatum</span> <span class='ocrx_word' id='word_1_157' title='bbox 614 951 826 997; x_wconf 88' lang='lat' dir='ltr'>privilegium</span> <span class='ocrx_word' id='word_1_158' title='bbox 839 962 911 987; x_wconf 87' lang='lat' dir='ltr'>non·</span> <span class='ocrx_word' id='word_1_159' title='bbox 931 951 1043 989; x_wconf 81' lang='lat' dir='ltr'>exibat</span> <span class='ocrx_word' id='word_1_160' title='bbox 1064 954 1167 997; x_wconf 72' lang='lat' dir='ltr'>perso-¹</span> 
     </span>
     <span class='ocr_line' id='line_1_26' title="bbox 271 1001 1166 1052; baseline 0 -14"><span class='ocrx_word' id='word_1_161' title='bbox 271 1014 354 1039; x_wconf 81' lang='lat' dir='ltr'>nas;</span> <span class='ocrx_word' id='word_1_162' title='bbox 381 1003 571 1052; x_wconf 86' lang='lat' dir='ltr'>Nequidem</span> <span class='ocrx_word' id='word_1_163' title='bbox 582 1002 892 1039; x_wconf 71' lang='lat' dir='ltr'>communicabatur</span> <span class='ocrx_word' id='word_1_164' title='bbox 904 1001 1085 1038; x_wconf 69' lang='lat' dir='ltr'>Provinciae</span> <span class='ocrx_word' id='word_1_165' title='bbox 1107 1003 1166 1038; x_wconf 89' lang='lat' dir='ltr'>Vi·</span> 
     </span>
     <span class='ocr_line' id='line_1_27' title="bbox 268 1051 1165 1099; baseline -0.004 -8"><span class='ocrx_word' id='word_1_166' title='bbox 268 1054 367 1091; x_wconf 86' lang='lat' dir='ltr'>cariis</span> <span class='ocrx_word' id='word_1_167' title='bbox 392 1066 432 1089; x_wconf 86' lang='lat' dir='ltr'>ac</span> <span class='ocrx_word' id='word_1_168' title='bbox 457 1053 592 1098; x_wconf 86' lang='lat' dir='ltr'>Legatis</span> <span class='ocrx_word' id='word_1_169' title='bbox 617 1076 625 1088; x_wconf 88' lang='lat'><em>.</em></span> <span class='ocrx_word' id='word_1_170' title='bbox 662 1052 721 1096; x_wconf 69' lang='lat' dir='ltr'>An</span> <span class='ocrx_word' id='word_1_171' title='bbox 747 1053 783 1089; x_wconf 86' lang='lat' dir='ltr'>in</span> <span class='ocrx_word' id='word_1_172' title='bbox 809 1051 997 1089; x_wconf 82' lang='lat' dir='ltr'>Primatum</span> <span class='ocrx_word' id='word_1_173' title='bbox 1021 1053 1165 1099; x_wconf 79' lang='lat' dir='ltr'>Legatos</span> 
     </span>
     <span class='ocr_line' id='line_1_28' title="bbox 268 1102 1166 1147; baseline 0 -9"><span class='ocrx_word' id='word_1_174' title='bbox 268 1104 448 1144; x_wconf 76' lang='lat' dir='ltr'>transierit,</span> <span class='ocrx_word' id='word_1_175' title='bbox 476 1114 548 1141; x_wconf 88' lang='lat' dir='ltr'>non</span> <span class='ocrx_word' id='word_1_176' title='bbox 568 1102 684 1147; x_wconf 84' lang='lat' dir='ltr'>poffitn</span> <span class='ocrx_word' id='word_1_177' title='bbox 706 1102 887 1139; x_wconf 77' lang='lat' dir='ltr'>affirmare.</span> <span class='ocrx_word' id='word_1_178' title='bbox 909 1102 1078 1139; x_wconf 82' lang='lat' dir='ltr'>Existimo</span> <span class='ocrx_word' id='word_1_179' title='bbox 1093 1102 1166 1139; x_wconf 81' lang='lat' dir='ltr'>Pri-</span> 
     </span>
     <span class='ocr_line' id='line_1_29' title="bbox 267 1151 1164 1198; baseline -0.002 -8"><span class='ocrx_word' id='word_1_180' title='bbox 267 1164 372 1190; x_wconf 82' lang='lat' dir='ltr'>mates</span> <span class='ocrx_word' id='word_1_181' title='bbox 394 1163 510 1190; x_wconf 84' lang='lat' dir='ltr'>omnes</span> <span class='ocrx_word' id='word_1_182' title='bbox 524 1152 606 1197; x_wconf 71' lang='lat' dir='ltr'>post</span> <span class='ocrx_word' id='word_1_183' title='bbox 629 1151 926 1198; x_wconf 75' lang='lat' dir='ltr'>Carthaginensem</span> <span class='ocrx_word' id='word_1_184' title='bbox 949 1153 1062 1190; x_wconf 83' lang='lat' dir='ltr'>sediffe</span> <span class='ocrx_word' id='word_1_185' title='bbox 1087 1164 1164 1190; x_wconf 91' lang='lat' dir='ltr'>ante</span> 
     </span>
     <span class='ocr_line' id='line_1_30' title="bbox 265 1202 1164 1248; baseline -0.001 -9"><span class='ocrx_word' id='word_1_186' title='bbox 265 1202 492 1241; x_wconf 84' lang='lat' dir='ltr'>Provincialcs</span> <span class='ocrx_word' id='word_1_187' title='bbox 503 1203 683 1247; x_wconf 78' lang='lat' dir='ltr'>Episcopus</span> <span class='ocrx_word' id='word_1_188' title='bbox 698 1227 704 1235; x_wconf 94' lang='lat'>.</span> <span class='ocrx_word' id='word_1_189' title='bbox 734 1203 868 1239; x_wconf 85' lang='lat' dir='ltr'>Etenim</span> <span class='ocrx_word' id='word_1_190' title='bbox 883 1203 917 1239; x_wconf 88' lang='lat' dir='ltr'>in</span> <span class='ocrx_word' id='word_1_191' title='bbox 929 1204 1043 1248; x_wconf 87' lang='lat' dir='ltr'>quinta</span> <span class='ocrx_word' id='word_1_192' title='bbox 1058 1204 1164 1248; x_wconf 86' lang='lat' dir='ltr'>Syno-</span> 
     </span>
     <span class='ocr_line' id='line_1_31' title="bbox 262 1251 1163 1300; baseline -0.004 -10"><span class='ocrx_word' id='word_1_193' title='bbox 262 1251 312 1290; x_wconf 78' lang='lat' dir='ltr'>do</span> <span class='ocrx_word' id='word_1_194' title='bbox 324 1252 565 1300; x_wconf 74' lang='lat' dir='ltr'>Pompeianus,</span> <span class='ocrx_word' id='word_1_195' title='bbox 592 1251 850 1288; x_wconf 67' lang='lat' dir='ltr'>victorianensis</span> <span class='ocrx_word' id='word_1_196' title='bbox 870 1253 907 1286; x_wconf 88' lang='lat' dir='ltr'>in</span> <span class='ocrx_word' id='word_1_197' title='bbox 925 1253 1072 1295; x_wconf 88' lang='lat' dir='ltr'>Byzacio</span> <span class='ocrx_word' id='word_1_198' title='bbox 1086 1253 1163 1295; x_wconf 86' lang='lat' dir='ltr'>Epi-</span> 
     </span>
     <span class='ocr_line' id='line_1_32' title="bbox 266 1300 1160 1348; baseline -0.002 -9"><span class='ocrx_word' id='word_1_199' title='bbox 266 1304 383 1348; x_wconf 63' lang='lat' dir='ltr'>scopus</span> <span class='ocrx_word' id='word_1_200' title='bbox 396 1327 408 1345; x_wconf 90' lang='lat'>,</span> <span class='ocrx_word' id='word_1_201' title='bbox 433 1305 467 1340; x_wconf 86' lang='lat'>&amp;</span> <span class='ocrx_word' id='word_1_202' title='bbox 479 1300 567 1339; x_wconf 87' lang='lat' dir='ltr'>haud</span> <span class='ocrx_word' id='word_1_203' title='bbox 580 1302 682 1339; x_wconf 78' lang='lat' dir='ltr'>dubie</span> <span class='ocrx_word' id='word_1_204' title='bbox 694 1303 819 1338; x_wconf 84' lang='lat' dir='ltr'>Primas</span> <span class='ocrx_word' id='word_1_205' title='bbox 830 1326 842 1342; x_wconf 87' lang='lat'>‚</span> <span class='ocrx_word' id='word_1_206' title='bbox 869 1301 951 1338; x_wconf 80' lang='lat' dir='ltr'>sedit</span> <span class='ocrx_word' id='word_1_207' title='bbox 976 1313 1016 1339; x_wconf 81' lang='lat' dir='ltr'>ae</span> <span class='ocrx_word' id='word_1_208' title='bbox 1027 1301 1160 1338; x_wconf 79' lang='lat' dir='ltr'>subscri·</span> 
     </span>
     <span class='ocr_line' id='line_1_33' title="bbox 263 1351 1158 1399; baseline 0 -11"><span class='ocrx_word' id='word_1_209' title='bbox 263 1355 323 1399; x_wconf 75' lang='lat' dir='ltr'>pfit</span> <span class='ocrx_word' id='word_1_210' title='bbox 344 1355 430 1388; x_wconf 86' lang='lat' dir='ltr'>inter</span> <span class='ocrx_word' id='word_1_211' title='bbox 450 1353 701 1394; x_wconf 80' lang='lat' dir='ltr'>Metropolitas.</span> <span class='ocrx_word' id='word_1_212' title='bbox 731 1351 837 1399; x_wconf 76' lang='lat' dir='ltr'>Qiod</span> <span class='ocrx_word' id='word_1_213' title='bbox 861 1360 981 1397; x_wconf 81' lang='lat' dir='ltr'>nempe</span> <span class='ocrx_word' id='word_1_214' title='bbox 1000 1351 1100 1388; x_wconf 87' lang='lat' dir='ltr'>etiam</span> <span class='ocrx_word' id='word_1_215' title='bbox 1123 1351 1158 1388; x_wconf 85' lang='lat' dir='ltr'>in</span> 
     </span>
     <span class='ocr_line' id='line_1_34' title="bbox 262 1401 1160 1449; baseline -0.003 -10"><span class='ocrx_word' id='word_1_216' title='bbox 262 1405 326 1439; x_wconf 83' lang='lat' dir='ltr'>suae</span> <span class='ocrx_word' id='word_1_217' title='bbox 351 1403 532 1449; x_wconf 87' lang='lat' dir='ltr'>Dioecesios</span> <span class='ocrx_word' id='word_1_218' title='bbox 554 1402 693 1445; x_wconf 90' lang='lat' dir='ltr'>Synodo</span> <span class='ocrx_word' id='word_1_219' title='bbox 715 1401 881 1439; x_wconf 85' lang='lat' dir='ltr'>obtineret</span> <span class='ocrx_word' id='word_1_220' title='bbox 905 1402 1004 1438; x_wconf 88' lang='lat' dir='ltr'>istum</span> <span class='ocrx_word' id='word_1_221' title='bbox 1024 1402 1136 1438; x_wconf 84' lang='lat' dir='ltr'>locum</span> <span class='ocrx_word' id='word_1_222' title='bbox 1152 1427 1160 1437; x_wconf 85' lang='lat'>.</span> 
     </span>
     <span class='ocr_line' id='line_1_35' title="bbox 263 1451 1161 1496; baseline -0.004 -6"><span class='ocrx_word' id='word_1_223' title='bbox 263 1454 462 1490; x_wconf 77' lang='lat' dir='ltr'>Sextilianus</span> <span class='ocrx_word' id='word_1_224' title='bbox 484 1453 664 1488; x_wconf 71' lang='lat' dir='ltr'>Tunienfis</span> <span class='ocrx_word' id='word_1_225' title='bbox 685 1452 868 1496; x_wconf 82' lang='lat' dir='ltr'>Episcopus</span> <span class='ocrx_word' id='word_1_226' title='bbox 884 1473 896 1493; x_wconf 75' lang='lat'><em>2</em></span> <span class='ocrx_word' id='word_1_227' title='bbox 921 1451 1060 1489; x_wconf 74' lang='lat' dir='ltr'>primosi</span> <span class='ocrx_word' id='word_1_228' title='bbox 1084 1453 1161 1487; x_wconf 89' lang='lat' dir='ltr'>Car-</span> 
     </span>
     <span class='ocr_line' id='line_1_36' title="bbox 262 1500 1158 1550; baseline -0.006 -9"><span class='ocrx_word' id='word_1_229' title='bbox 262 1504 467 1550; x_wconf 56' lang='lat' dir='ltr'>maginensis</span> <span class='ocrx_word' id='word_1_230' title='bbox 493 1502 648 1541; x_wconf 85' lang='lat' dir='ltr'>Vicarius</span> <span class='ocrx_word' id='word_1_231' title='bbox 673 1514 712 1537; x_wconf 87' lang='lat' dir='ltr'>ac</span> <span class='ocrx_word' id='word_1_232' title='bbox 735 1502 903 1549; x_wconf 83' lang='lat' dir='ltr'>Legatus,</span> <span class='ocrx_word' id='word_1_233' title='bbox 928 1502 1053 1539; x_wconf 83' lang='lat' dir='ltr'>ibidem</span> <span class='ocrx_word' id='word_1_234' title='bbox 1073 1500 1158 1537; x_wconf 88' lang='lat' dir='ltr'>obti-</span> 
     </span>
     <span class='ocr_line' id='line_1_37' title="bbox 259 1551 1160 1599; baseline -0.003 -8"><span class='ocrx_word' id='word_1_235' title='bbox 259 1554 337 1591; x_wconf 80' lang='lat' dir='ltr'>nuit</span> <span class='ocrx_word' id='word_1_236' title='bbox 356 1555 405 1590; x_wconf 84' lang='lat' dir='ltr'>sui</span> <span class='ocrx_word' id='word_1_237' title='bbox 420 1553 625 1597; x_wconf 80' lang='lat' dir='ltr'>Principalis</span> <span class='ocrx_word' id='word_1_238' title='bbox 638 1551 774 1592; x_wconf 81' lang='lat' dir='ltr'>iocum,</span> <span class='ocrx_word' id='word_1_239' title='bbox 801 1551 946 1599; x_wconf 72' lang='lat' dir='ltr'>idedque</span> <span class='ocrx_word' id='word_1_240' title='bbox 970 1551 1031 1588; x_wconf 86' lang='lat' dir='ltr'>ista</span> <span class='ocrx_word' id='word_1_241' title='bbox 1047 1552 1160 1598; x_wconf 86' lang='lat' dir='ltr'>regula</span> 
     </span>
     <span class='ocr_line' id='line_1_38' title="bbox 262 1601 1135 1646; baseline -0.003 -6"><span class='ocrx_word' id='word_1_242' title='bbox 262 1602 392 1641; x_wconf 84' lang='lat' dir='ltr'>videtur</span> <span class='ocrx_word' id='word_1_243' title='bbox 401 1602 584 1639; x_wconf 70' lang='lat' dir='ltr'>obtinuisse</span> <span class='ocrx_word' id='word_1_244' title='bbox 602 1601 639 1636; x_wconf 89' lang='lat' dir='ltr'>in</span> <span class='ocrx_word' id='word_1_245' title='bbox 650 1601 833 1638; x_wconf 81' lang='lat' dir='ltr'>domestica</span> <span class='ocrx_word' id='word_1_246' title='bbox 846 1602 947 1637; x_wconf 89' lang='lat' dir='ltr'>etiam</span> <span class='ocrx_word' id='word_1_247' title='bbox 972 1602 1112 1646; x_wconf 82' lang='lat' dir='ltr'>Synodo</span> <span class='ocrx_word' id='word_1_248' title='bbox 1122 1627 1135 1637; x_wconf 71' lang='grc'><strong><em>,</em></strong></span> 
     </span>
     <span class='ocr_line' id='line_1_39' title="bbox 311 1651 1158 1693; baseline -0.004 -4"><span class='ocrx_word' id='word_1_249' title='bbox 311 1653 352 1689; x_wconf 88' lang='lat' dir='ltr'>In</span> <span class='ocrx_word' id='word_1_250' title='bbox 374 1654 534 1689; x_wconf 82' lang='lat' dir='ltr'>Romana</span> <span class='ocrx_word' id='word_1_251' title='bbox 547 1652 655 1688; x_wconf 66' lang='lat' dir='ltr'>Sandis</span> <span class='ocrx_word' id='word_1_252' title='bbox 679 1652 820 1687; x_wconf 88' lang='lat' dir='ltr'>Martini</span> <span class='ocrx_word' id='word_1_253' title='bbox 831 1651 1006 1688; x_wconf 80' lang='lat' dir='ltr'>Pontificis</span> <span class='ocrx_word' id='word_1_254' title='bbox 1018 1652 1158 1693; x_wconf 80' lang='lat' dir='ltr'>synodo</span> 
     </span>
     <span class='ocr_line' id='line_1_40' title="bbox 260 1700 1160 1748; baseline -0.004 -9"><span class='ocrx_word' id='word_1_255' title='bbox 260 1704 363 1743; x_wconf 72' lang='lat' dir='ltr'>exstat</span> <span class='ocrx_word' id='word_1_256' title='bbox 375 1703 552 1747; x_wconf 85' lang='lat' dir='ltr'>Synodalis</span> <span class='ocrx_word' id='word_1_257' title='bbox 563 1701 701 1748; x_wconf 85' lang='lat' dir='ltr'>epistola</span> <span class='ocrx_word' id='word_1_258' title='bbox 723 1701 765 1736; x_wconf 86' lang='lat' dir='ltr'>ab</span> <span class='ocrx_word' id='word_1_259' title='bbox 776 1700 934 1736; x_wconf 87' lang='lat' dir='ltr'>Africana</span> <span class='ocrx_word' id='word_1_260' title='bbox 957 1701 1058 1736; x_wconf 86' lang='lat' dir='ltr'>trium</span> <span class='ocrx_word' id='word_1_261' title='bbox 1081 1702 1160 1738; x_wconf 86' lang='lat' dir='ltr'>Pro·</span> 
     </span>
     <span class='ocr_line' id='line_1_41' title="bbox 260 1749 1157 1795; baseline -0.004 -5"><span class='ocrx_word' id='word_1_262' title='bbox 260 1755 443 1790; x_wconf 83' lang='lat' dir='ltr'>vinciarurn</span> <span class='ocrx_word' id='word_1_263' title='bbox 466 1752 604 1795; x_wconf 86' lang='lat' dir='ltr'>Synodo</span> <span class='ocrx_word' id='word_1_264' title='bbox 624 1751 666 1787; x_wconf 90' lang='lat' dir='ltr'>ad</span> <span class='ocrx_word' id='word_1_265' title='bbox 687 1749 911 1787; x_wconf 77' lang='lat' dir='ltr'>Theodorum</span> <span class='ocrx_word' id='word_1_266' title='bbox 933 1750 1132 1787; x_wconf 84' lang='lat' dir='ltr'>Pontificem</span> <span class='ocrx_word' id='word_1_267' title='bbox 1145 1775 1157 1793; x_wconf 90' lang='lat'>,</span> 
     </span>
     <span class='ocr_line' id='line_1_42' title="bbox 260 1800 1156 1847; baseline -0.007 -7"><span class='ocrx_word' id='word_1_268' title='bbox 260 1806 296 1840; x_wconf 75' lang='grc' dir='ltr'>ὅ(</span> <span class='ocrx_word' id='word_1_269' title='bbox 308 1803 407 1838; x_wconf 92' lang='lat' dir='ltr'>habet</span> <span class='ocrx_word' id='word_1_270' title='bbox 420 1802 505 1838; x_wconf 85' lang='lat' dir='ltr'>hanc</span> <span class='ocrx_word' id='word_1_271' title='bbox 517 1800 738 1847; x_wconf 73' lang='lat' dir='ltr'>epigraphen:</span> <span class='ocrx_word' id='word_1_272' title='bbox 764 1800 925 1837; x_wconf 78' lang='lat' dir='ltr'>columbus</span> <span class='ocrx_word' id='word_1_273' title='bbox 938 1806 1049 1844; x_wconf 80' lang='lat' dir='ltr'>primae</span> <span class='ocrx_word' id='word_1_274' title='bbox 1069 1803 1156 1836; x_wconf 78' lang='lat' dir='ltr'>sedis</span> 
     </span>
     <span class='ocr_line' id='line_1_43' title="bbox 260 1850 1157 1898; baseline -0.004 -8"><span class='ocrx_word' id='word_1_275' title='bbox 260 1852 425 1898; x_wconf 79' lang='lat' dir='ltr'>Episcopus</span> <span class='ocrx_word' id='word_1_276' title='bbox 451 1855 575 1887; x_wconf 86' lang='lat' dir='ltr'>Concilii</span> <span class='ocrx_word' id='word_1_277' title='bbox 597 1852 777 1893; x_wconf 66' lang='lat' dir='ltr'>Numidia,</span> <span class='ocrx_word' id='word_1_278' title='bbox 803 1853 839 1887; x_wconf 62' lang='grc' dir='ltr'><strong><em>Θ</em></strong></span> <span class='ocrx_word' id='word_1_279' title='bbox 855 1850 1024 1896; x_wconf 74' lang='lat' dir='ltr'>stephanus</span> <span class='ocrx_word' id='word_1_280' title='bbox 1044 1857 1157 1894; x_wconf 79' lang='lat' dir='ltr'>primae</span> 
     </span>
     <span class='ocr_line' id='line_1_44' title="bbox 260 1902 1156 1949; baseline -0.004 -9"><span class='ocrx_word' id='word_1_281' title='bbox 260 1907 348 1942; x_wconf 60' lang='lat' dir='ltr'>sedis</span> <span class='ocrx_word' id='word_1_282' title='bbox 369 1902 536 1949; x_wconf 80' lang='lat' dir='ltr'>Episcopus</span> <span class='ocrx_word' id='word_1_283' title='bbox 561 1903 685 1938; x_wconf 70' lang='lat' dir='ltr'>concilii</span> <span class='ocrx_word' id='word_1_284' title='bbox 709 1905 858 1940; x_wconf 73' lang='lat' dir='ltr'>Byzacenr</span> <span class='ocrx_word' id='word_1_285' title='bbox 882 1926 896 1943; x_wconf 88' lang='lat'>,</span> <span class='ocrx_word' id='word_1_286' title='bbox 928 1904 963 1938; x_wconf 71' lang='grc'>6·</span> <span class='ocrx_word' id='word_1_287' title='bbox 982 1905 1156 1945; x_wconf 77' lang='lat' dir='ltr'>Reparatus</span> 
     </span>
     <span class='ocr_line' id='line_1_45' title="bbox 261 1952 1159 1999; baseline -0.002 -10"><span class='ocrx_word' id='word_1_288' title='bbox 261 1953 428 1999; x_wconf 70' lang='lat' dir='ltr'>Episcopus</span> <span class='ocrx_word' id='word_1_289' title='bbox 437 1960 548 1997; x_wconf 85' lang='lat' dir='ltr'>primae</span> <span class='ocrx_word' id='word_1_290' title='bbox 557 1955 644 1987; x_wconf 75' lang='lat' dir='ltr'>sedis</span> <span class='ocrx_word' id='word_1_291' title='bbox 661 1954 786 1988; x_wconf 81' lang='lat' dir='ltr'>concilii</span> <span class='ocrx_word' id='word_1_292' title='bbox 807 1955 1007 1987; x_wconf 56' lang='lat' dir='ltr'>Mauritaniae</span> <span class='ocrx_word' id='word_1_293' title='bbox 1019 1976 1027 1984; x_wconf 90' lang='lat'><strong>.</strong></span> <span class='ocrx_word' id='word_1_294' title='bbox 1054 1952 1159 1996; x_wconf 84' lang='lat' dir='ltr'>Byza-</span> 
     </span>
     <span class='ocr_line' id='line_1_46' title="bbox 260 2001 1154 2043; baseline -0.008 -1"><span class='ocrx_word' id='word_1_295' title='bbox 260 2005 307 2042; x_wconf 81' lang='lat' dir='ltr'>eii</span> <span class='ocrx_word' id='word_1_296' title='bbox 320 2005 447 2042; x_wconf 87' lang='lat' dir='ltr'>Primas</span> <span class='ocrx_word' id='word_1_297' title='bbox 459 2003 631 2039; x_wconf 85' lang='lat' dir='ltr'>subscribit</span> <span class='ocrx_word' id='word_1_298' title='bbox 643 2013 720 2038; x_wconf 89' lang='lat' dir='ltr'>ante</span> <span class='ocrx_word' id='word_1_299' title='bbox 736 2001 915 2038; x_wconf 75' lang='lat' dir='ltr'>primatem</span> <span class='ocrx_word' id='word_1_300' title='bbox 927 2002 1154 2043; x_wconf 82' lang='lat' dir='ltr'>Mauritaniae‚</span> 
     </span>
     <span class='ocr_line' id='line_1_47' title="bbox 259 2052 1154 2100; baseline -0.008 -8"><span class='ocrx_word' id='word_1_301' title='bbox 259 2054 404 2100; x_wconf 77' lang='lat' dir='ltr'>ideoque</span> <span class='ocrx_word' id='word_1_302' title='bbox 419 2056 586 2099; x_wconf 74' lang='lat' dir='ltr'>praefatum</span> <span class='ocrx_word' id='word_1_303' title='bbox 599 2053 808 2097; x_wconf 87' lang='lat' dir='ltr'>privilegium</span> <span class='ocrx_word' id='word_1_304' title='bbox 833 2052 960 2088; x_wconf 85' lang='lat' dir='ltr'>videtur</span> <span class='ocrx_word' id='word_1_305' title='bbox 976 2052 1135 2097; x_wconf 85' lang='lat' dir='ltr'>cespitare</span> <span class='ocrx_word' id='word_1_306' title='bbox 1146 2077 1154 2084; x_wconf 92' lang='lat'><strong><em>.</em></strong></span> 
     </span>
     <span class='ocr_line' id='line_1_48' title="bbox 260 2101 1157 2151; baseline -0.007 -10"><span class='ocrx_word' id='word_1_307' title='bbox 260 2104 469 2151; x_wconf 74' lang='lat' dir='ltr'>Responderi</span> <span class='ocrx_word' id='word_1_308' title='bbox 488 2104 654 2148; x_wconf 77' lang='lat' dir='ltr'>cespitasse</span> <span class='ocrx_word' id='word_1_309' title='bbox 671 2128 680 2137; x_wconf 84' lang='lat'><strong>.</strong></span> <span class='ocrx_word' id='word_1_310' title='bbox 708 2103 799 2138; x_wconf 89' lang='lat' dir='ltr'>Nam</span> <span class='ocrx_word' id='word_1_311' title='bbox 824 2102 861 2138; x_wconf 72' lang='grc' dir='ltr'>ἀ</span> <span class='ocrx_word' id='word_1_312' title='bbox 881 2101 923 2136; x_wconf 83' lang='lat' dir='ltr'>ad</span> <span class='ocrx_word' id='word_1_313' title='bbox 944 2102 1157 2136; x_wconf 86' lang='lat' dir='ltr'>Bonifacinm</span> 
     </span>
     <span class='ocr_line' id='line_1_49' title="bbox 260 2150 1158 2198; baseline -0.007 -6"><span class='ocrx_word' id='word_1_314' title='bbox 260 2157 445 2193; x_wconf 80' lang='lat' dir='ltr'>Primatem</span> <span class='ocrx_word' id='word_1_315' title='bbox 454 2180 467 2198; x_wconf 91' lang='lat'>‚</span> <span class='ocrx_word' id='word_1_316' title='bbox 494 2156 557 2189; x_wconf 83' lang='lat' dir='ltr'>suae</span> <span class='ocrx_word' id='word_1_317' title='bbox 570 2150 821 2198; x_wconf 76' lang='lat' dir='ltr'>Carthaginensi</span> <span class='ocrx_word' id='word_1_318' title='bbox 840 2151 981 2196; x_wconf 84' lang='lat' dir='ltr'>synodo</span> <span class='ocrx_word' id='word_1_319' title='bbox 993 2151 1158 2196; x_wconf 69' lang='lat' dir='ltr'>praefiden-</span> 
     </span>
     <span class='ocr_line' id='line_1_50' title="bbox 261 2202 1157 2248; baseline -0.006 -6"><span class='ocrx_word' id='word_1_320' title='bbox 261 2207 332 2244; x_wconf 74' lang='lat' dir='ltr'>tem</span> <span class='ocrx_word' id='word_1_321' title='bbox 342 2231 354 2248; x_wconf 91' lang='lat'>,</span> <span class='ocrx_word' id='word_1_322' title='bbox 365 2206 454 2241; x_wconf 82' lang='lat' dir='ltr'>dixit</span> <span class='ocrx_word' id='word_1_323' title='bbox 466 2205 561 2239; x_wconf 90' lang='lat' dir='ltr'>Felix</span> <span class='ocrx_word' id='word_1_324' title='bbox 574 2204 767 2238; x_wconf 74' lang='lat' dir='ltr'>Zastarenfis</span> <span class='ocrx_word' id='word_1_325' title='bbox 783 2203 981 2246; x_wconf 80' lang='lat' dir='ltr'>Episcopus,</span> <span class='ocrx_word' id='word_1_326' title='bbox 1012 2202 1157 2248; x_wconf 88' lang='lat' dir='ltr'>Legatus</span> 
     </span>
     <span class='ocr_line' id='line_1_51' title="bbox 262 2252 1158 2298; baseline -0.011 -4"><span class='ocrx_word' id='word_1_327' title='bbox 262 2256 454 2294; x_wconf 69' lang='lat' dir='ltr'>Numidiae:</span> <span class='ocrx_word' id='word_1_328' title='bbox 483 2259 515 2290; x_wconf 90' lang='lat' dir='ltr'><strong><em>E</em></strong></span> <span class='ocrx_word' id='word_1_329' title='bbox 517 2264 654 2289; x_wconf 76' lang='lat' dir='ltr'>xtremus</span> <span class='ocrx_word' id='word_1_330' title='bbox 664 2266 714 2298; x_wconf 84' lang='lat' dir='ltr'>ego</span> <span class='ocrx_word' id='word_1_331' title='bbox 721 2263 826 2296; x_wconf 85' lang='lat' dir='ltr'>precor</span> <span class='ocrx_word' id='word_1_332' title='bbox 835 2261 897 2286; x_wconf 78' lang='lat' dir='ltr'>tuae</span> <span class='ocrx_word' id='word_1_333' title='bbox 908 2257 1067 2294; x_wconf 83' lang='lat' dir='ltr'>patientiae</span> <span class='ocrx_word' id='word_1_334' title='bbox 1079 2252 1158 2285; x_wconf 75' lang='lat' dir='ltr'>boni-</span> 
     </span>
     <span class='ocr_line' id='line_1_52' title="bbox 263 2304 1158 2350; baseline -0.01 -8"><span class='ocrx_word' id='word_1_335' title='bbox 263 2317 381 2348; x_wconf 71' lang='lat' dir='ltr'>tatem,</span> <span class='ocrx_word' id='word_1_336' title='bbox 407 2314 441 2340; x_wconf 82' lang='lat' dir='ltr'>ut</span> <span class='ocrx_word' id='word_1_337' title='bbox 461 2307 558 2350; x_wconf 84' lang='lat' dir='ltr'>legum</span> <span class='ocrx_word' id='word_1_338' title='bbox 575 2304 717 2344; x_wconf 81' lang='lat' dir='ltr'>institutio</span> <span class='ocrx_word' id='word_1_339' title='bbox 746 2306 969 2340; x_wconf 76' lang='lat' dir='ltr'>Paternarum,</span> <span class='ocrx_word' id='word_1_340' title='bbox 994 2311 1086 2343; x_wconf 75' lang='lat' dir='ltr'>quam</span> <span class='ocrx_word' id='word_1_341' title='bbox 1109 2311 1158 2333; x_wconf 88' lang='lat' dir='ltr'>no·</span> 
     </span>
     <span class='ocr_line' id='line_1_53' title="bbox 263 2349 1157 2398; baseline -0.008 -7"><span class='ocrx_word' id='word_1_342' title='bbox 263 2363 348 2392; x_wconf 82' lang='lat' dir='ltr'>viter</span> <span class='ocrx_word' id='word_1_343' title='bbox 361 2354 469 2395; x_wconf 82' lang='lat' dir='ltr'>constat</span> <span class='ocrx_word' id='word_1_344' title='bbox 486 2354 538 2398; x_wconf 83' lang='lat' dir='ltr'>effe</span> <span class='ocrx_word' id='word_1_345' title='bbox 545 2353 733 2397; x_wconf 72' lang='lat' dir='ltr'>sauciatam,</span> <span class='ocrx_word' id='word_1_346' title='bbox 759 2353 916 2386; x_wconf 77' lang='lat' dir='ltr'>inculcetur</span> <span class='ocrx_word' id='word_1_347' title='bbox 937 2350 1087 2384; x_wconf 84' lang='lat' dir='ltr'>mentibus</span> <span class='ocrx_word' id='word_1_348' title='bbox 1098 2349 1157 2393; x_wconf 79' lang='lat' dir='ltr'>Jin·</span> 
     </span>
     <span class='ocr_line' id='line_1_54' title="bbox 263 2401 1159 2453; baseline -0.007 -13"><span class='ocrx_word' id='word_1_349' title='bbox 263 2406 423 2453; x_wconf 76' lang='lat' dir='ltr'>gulorum,</span> <span class='ocrx_word' id='word_1_350' title='bbox 447 2412 480 2437; x_wconf 86' lang='lat' dir='ltr'>ut</span> <span class='ocrx_word' id='word_1_351' title='bbox 505 2407 539 2438; x_wconf 64' lang='grc' dir='ltr'>Θ</span> <span class='ocrx_word' id='word_1_352' title='bbox 553 2403 658 2436; x_wconf 74' lang='grc' dir='ltr'>1)οᾶον</span> <span class='ocrx_word' id='word_1_353' title='bbox 666 2401 767 2446; x_wconf 79' lang='lat' dir='ltr'>servet</span> <span class='ocrx_word' id='word_1_354' title='bbox 779 2402 957 2445; x_wconf 74' lang='lat' dir='ltr'>quodantea</span> <span class='ocrx_word' id='word_1_355' title='bbox 969 2401 1097 2441; x_wconf 76' lang='lat' dir='ltr'>didicit,</span> <span class='ocrx_word' id='word_1_356' title='bbox 1125 2402 1159 2434; x_wconf 62' lang='grc' dir='ltr'>Θ</span> 
     </span>
     <span class='ocr_line' id='line_1_55' title="bbox 265 2448 1160 2496; baseline -0.006 -6"><span class='ocrx_word' id='word_1_357' title='bbox 265 2456 367 2491; x_wconf 63' lang='grc' dir='ltr'>νωπὸς</span> <span class='ocrx_word' id='word_1_358' title='bbox 386 2453 543 2496; x_wconf 53' lang='lat' dir='ltr'>instructus</span> <span class='ocrx_word' id='word_1_359' title='bbox 564 2451 662 2496; x_wconf 66' lang='lat' dir='ltr'>disi-at</span> <span class='ocrx_word' id='word_1_360' title='bbox 679 2451 755 2496; x_wconf 82' lang='lat' dir='ltr'>scire</span> <span class='ocrx_word' id='word_1_361' title='bbox 777 2452 861 2494; x_wconf 84' lang='lat' dir='ltr'>quod</span> <span class='ocrx_word' id='word_1_362' title='bbox 881 2448 973 2493; x_wconf 59' lang='lat' dir='ltr'>nesbit</span> <span class='ocrx_word' id='word_1_363' title='bbox 985 2474 994 2484; x_wconf 87' lang='lat'><strong>.</strong></span> <span class='ocrx_word' id='word_1_364' title='bbox 1019 2451 1107 2495; x_wconf 83' lang='lat' dir='ltr'>Agit</span> <span class='ocrx_word' id='word_1_365' title='bbox 1119 2450 1160 2485; x_wconf 89' lang='lat' dir='ltr'>de</span> 
     </span>
     <span class='ocr_line' id='line_1_56' title="bbox 265 2499 1161 2551; baseline -0.009 -10"><span class='ocrx_word' id='word_1_366' title='bbox 265 2506 403 2551; x_wconf 80' lang='lat' dir='ltr'>antiqua</span> <span class='ocrx_word' id='word_1_367' title='bbox 425 2504 500 2550; x_wconf 89' lang='lat' dir='ltr'>lege</span> <span class='ocrx_word' id='word_1_368' title='bbox 534 2514 573 2539; x_wconf 83' lang='lat' dir='ltr'>ac</span> <span class='ocrx_word' id='word_1_369' title='bbox 595 2503 702 2537; x_wconf 79' lang='lat' dir='ltr'>forma</span> <span class='ocrx_word' id='word_1_370' title='bbox 723 2500 903 2546; x_wconf 86' lang='lat' dir='ltr'>Synodalis</span> <span class='ocrx_word' id='word_1_371' title='bbox 924 2499 1161 2544; x_wconf 76' lang='lat' dir='ltr'>praecedentiae.</span> 
     </span>
     <span class='ocr_line' id='line_1_57' title="bbox 267 2548 1162 2594; baseline -0.008 -3"><span class='ocrx_word' id='word_1_372' title='bbox 267 2557 365 2592; x_wconf 88' lang='lat' dir='ltr'>Hinc</span> <span class='ocrx_word' id='word_1_373' title='bbox 375 2553 503 2591; x_wconf 79' lang='lat' dir='ltr'>subdit:</span> <span class='ocrx_word' id='word_1_374' title='bbox 531 2557 605 2587; x_wconf 78' lang='lat' dir='ltr'>Tuae</span> <span class='ocrx_word' id='word_1_375' title='bbox 627 2553 837 2587; x_wconf 68' lang='lat' dir='ltr'>Beatitudinis·</span> <span class='ocrx_word' id='word_1_376' title='bbox 861 2556 1017 2585; x_wconf 76' lang='lat' dir='ltr'>innocuam</span> <span class='ocrx_word' id='word_1_377' title='bbox 1029 2548 1162 2594; x_wconf 73' lang='lat' dir='ltr'>exspeo‘lo</span> 
     </span>
     <span class='ocr_line' id='line_1_58' title="bbox 266 2602 1162 2646; baseline -0.009 -5"><span class='ocrx_word' id='word_1_378' title='bbox 266 2606 449 2642; x_wconf 78' lang='lat' dir='ltr'>charitatem</span> <span class='ocrx_word' id='word_1_379' title='bbox 463 2629 475 2645; x_wconf 89' lang='lat'>,</span> <span class='ocrx_word' id='word_1_380' title='bbox 498 2613 533 2638; x_wconf 89' lang='lat' dir='ltr'>ut</span> <span class='ocrx_word' id='word_1_381' title='bbox 546 2603 757 2646; x_wconf 75' lang='lat' dir='ltr'>Africanarum</span> <span class='ocrx_word' id='word_1_382' title='bbox 782 2605 1010 2637; x_wconf 76' lang='lat' dir='ltr'>Provinciarum</span> <span class='ocrx_word' id='word_1_383' title='bbox 1031 2602 1162 2634; x_wconf 81' lang='lat' dir='ltr'>Concilia</span> 
     </span>
     <span class='ocr_line' id='line_1_59' title="bbox 268 2651 1160 2700; baseline -0.009 -9"><span class='ocrx_word' id='word_1_384' title='bbox 268 2659 397 2700; x_wconf 76' lang='lat' dir='ltr'>qualiter</span> <span class='ocrx_word' id='word_1_385' title='bbox 415 2655 475 2697; x_wconf 81' lang='lat' dir='ltr'>fint</span> <span class='ocrx_word' id='word_1_386' title='bbox 493 2659 636 2697; x_wconf 87' lang='lat' dir='ltr'>paternis</span> <span class='ocrx_word' id='word_1_387' title='bbox 655 2652 886 2693; x_wconf 79' lang='lat' dir='ltr'>institutionibus</span> <span class='ocrx_word' id='word_1_388' title='bbox 909 2653 1050 2685; x_wconf 83' lang='lat' dir='ltr'>ordinata</span> <span class='ocrx_word' id='word_1_389' title='bbox 1076 2674 1087 2691; x_wconf 96' lang='lat'>,</span> <span class='ocrx_word' id='word_1_390' title='bbox 1112 2651 1160 2684; x_wconf 80' lang='lat' dir='ltr'>bis</span> 
     </span>
     <span class='ocr_line' id='line_1_60' title="bbox 269 2703 1161 2748; baseline -0.007 -8"><span class='ocrx_word' id='word_1_391' title='bbox 269 2706 367 2747; x_wconf 79' lang='lat' dir='ltr'>Gestis</span> <span class='ocrx_word' id='word_1_392' title='bbox 387 2706 522 2748; x_wconf 75' lang='lat' dir='ltr'>apertius</span> <span class='ocrx_word' id='word_1_393' title='bbox 547 2703 758 2745; x_wconf 80' lang='lat' dir='ltr'>demonstretur</span> <span class='ocrx_word' id='word_1_394' title='bbox 784 2727 796 2743; x_wconf 87' lang='lat'>,</span> <span class='ocrx_word' id='word_1_395' title='bbox 821 2703 856 2736; x_wconf 66' lang='grc' dir='ltr'>Θ·</span> <span class='ocrx_word' id='word_1_396' title='bbox 880 2703 1038 2744; x_wconf 79' lang='lat' dir='ltr'>propatulo</span> <span class='ocrx_word' id='word_1_397' title='bbox 1058 2723 1069 2739; x_wconf 90' lang='lat'>‚</span> <span class='ocrx_word' id='word_1_398' title='bbox 1095 2707 1161 2744; x_wconf 86' lang='lat' dir='ltr'>quis</span> 
     </span>
     <span class='ocr_line' id='line_1_61' title="bbox 266 2750 1161 2801; baseline -0.006 -12"><span class='ocrx_word' id='word_1_399' title='bbox 266 2756 331 2801; x_wconf 74' lang='lat' dir='ltr'>post</span> <span class='ocrx_word' id='word_1_400' title='bbox 341 2765 370 2789; x_wconf 85' lang='lat' dir='ltr'>te</span> <span class='ocrx_word' id='word_1_401' title='bbox 375 2754 415 2798; x_wconf 85' lang='lat' dir='ltr'>fit</span> <span class='ocrx_word' id='word_1_402' title='bbox 424 2756 529 2789; x_wconf 80' lang='lat' dir='ltr'>alteris</span> <span class='ocrx_word' id='word_1_403' title='bbox 539 2760 659 2797; x_wconf 84' lang='lat' dir='ltr'>primus</span> <span class='ocrx_word' id='word_1_404' title='bbox 671 2778 683 2794; x_wconf 90' lang='lat'>,</span> <span class='ocrx_word' id='word_1_405' title='bbox 708 2764 766 2788; x_wconf 81' lang='lat' dir='ltr'>non</span> <span class='ocrx_word' id='word_1_406' title='bbox 777 2752 899 2793; x_wconf 84' lang='lat' dir='ltr'>differas</span> <span class='ocrx_word' id='word_1_407' title='bbox 905 2750 1024 2796; x_wconf 69' lang='lat' dir='ltr'>sanllis</span> <span class='ocrx_word' id='word_1_408' title='bbox 1042 2752 1161 2785; x_wconf 77' lang='lat' dir='ltr'>interlo-</span> 
     </span>
     <span class='ocr_line' id='line_1_62' title="bbox 270 2801 1161 2849; baseline -0.007 -8"><span class='ocrx_word' id='word_1_409' title='bbox 270 2806 437 2841; x_wconf 82' lang='lat' dir='ltr'>cutionibus</span> <span class='ocrx_word' id='word_1_410' title='bbox 446 2805 599 2848; x_wconf 79' lang='lat' dir='ltr'>publicare</span> <span class='ocrx_word' id='word_1_411' title='bbox 612 2830 619 2837; x_wconf 93' lang='lat'><strong>.</strong></span> <span class='ocrx_word' id='word_1_412' title='bbox 647 2805 762 2849; x_wconf 86' lang='lat' dir='ltr'>Rogat</span> <span class='ocrx_word' id='word_1_413' title='bbox 775 2803 847 2848; x_wconf 89' lang='lat' dir='ltr'>quis</span> <span class='ocrx_word' id='word_1_414' title='bbox 869 2803 905 2836; x_wconf 89' lang='lat' dir='ltr'>in</span> <span class='ocrx_word' id='word_1_415' title='bbox 919 2801 1085 2836; x_wconf 82' lang='lat' dir='ltr'>Africanis</span> <span class='ocrx_word' id='word_1_416' title='bbox 1103 2803 1161 2844; x_wconf 89' lang='lat' dir='ltr'>Sy-</span> 
     </span>
     <span class='ocr_line' id='line_1_63' title="bbox 270 2852 1159 2899; baseline -0.008 -7"><span class='ocrx_word' id='word_1_417' title='bbox 270 2856 372 2892; x_wconf 83' lang='lat' dir='ltr'>nodis</span> <span class='ocrx_word' id='word_1_418' title='bbox 391 2855 511 2890; x_wconf 89' lang='lat' dir='ltr'>debeat</span> <span class='ocrx_word' id='word_1_419' title='bbox 542 2854 614 2899; x_wconf 85' lang='lat' dir='ltr'>post</span> <span class='ocrx_word' id='word_1_420' title='bbox 635 2853 927 2898; x_wconf 82' lang='lat' dir='ltr'>Carthaginensem</span> <span class='ocrx_word' id='word_1_421' title='bbox 959 2852 1159 2891; x_wconf 85' lang='lat' dir='ltr'>Primatem,</span> 
     </span>
     <span class='ocr_line' id='line_1_64' title="bbox 270 2902 1162 2952; baseline -0.008 -10"><span class='ocrx_word' id='word_1_422' title='bbox 270 2907 333 2952; x_wconf 85' lang='lat' dir='ltr'>qui</span> <span class='ocrx_word' id='word_1_423' title='bbox 345 2906 416 2941; x_wconf 90' lang='lat' dir='ltr'>illic</span> <span class='ocrx_word' id='word_1_424' title='bbox 426 2904 577 2947; x_wconf 82' lang='lat' dir='ltr'>infulatus</span> <span class='ocrx_word' id='word_1_425' title='bbox 588 2905 726 2939; x_wconf 75' lang='lat' dir='ltr'>sacerdos</span> <span class='ocrx_word' id='word_1_426' title='bbox 734 2902 876 2946; x_wconf 82' lang='lat' dir='ltr'>praefidet</span> <span class='ocrx_word' id='word_1_427' title='bbox 892 2927 904 2945; x_wconf 92' lang='lat'>,</span> <span class='ocrx_word' id='word_1_428' title='bbox 928 2903 962 2938; x_wconf 62' lang='grc' dir='ltr'>(ν</span> <span class='ocrx_word' id='word_1_429' title='bbox 970 2908 1087 2946; x_wconf 85' lang='lat' dir='ltr'>primus</span> <span class='ocrx_word' id='word_1_430' title='bbox 1093 2902 1162 2945; x_wconf 77' lang='lat' dir='ltr'>pal-</span> 
     </span>
     <span class='ocr_line' id='line_1_65' title="bbox 272 2953 1161 2999; baseline -0.004 -8"><span class='ocrx_word' id='word_1_431' title='bbox 272 2966 373 2991; x_wconf 85' lang='lat' dir='ltr'>matus</span> <span class='ocrx_word' id='word_1_432' title='bbox 385 2957 516 2991; x_wconf 81' lang='lat' dir='ltr'>irradiat</span> <span class='ocrx_word' id='word_1_433' title='bbox 529 2980 541 2998; x_wconf 92' lang='lat'>‚</span> <span class='ocrx_word' id='word_1_434' title='bbox 567 2953 686 2990; x_wconf 89' lang='lat' dir='ltr'>habere</span> <span class='ocrx_word' id='word_1_435' title='bbox 696 2954 884 2999; x_wconf 87' lang='lat' dir='ltr'>proximum</span> <span class='ocrx_word' id='word_1_436' title='bbox 897 2954 1009 2988; x_wconf 91' lang='lat' dir='ltr'>locum</span> <span class='ocrx_word' id='word_1_437' title='bbox 1022 2977 1033 2994; x_wconf 93' lang='lat'>,</span> <span class='ocrx_word' id='word_1_438' title='bbox 1050 2964 1088 2988; x_wconf 88' lang='lat' dir='ltr'>ac</span> <span class='ocrx_word' id='word_1_439' title='bbox 1098 2953 1161 2988; x_wconf 85' lang='lat' dir='ltr'>esse</span> 
     </span>
     <span class='ocr_line' id='line_1_66' title="bbox 274 3003 1160 3050; baseline -0.003 -11"><span class='ocrx_word' id='word_1_440' title='bbox 274 3008 398 3050; x_wconf 82' lang='lat' dir='ltr'>primus</span> <span class='ocrx_word' id='word_1_441' title='bbox 411 3016 488 3041; x_wconf 89' lang='lat' dir='ltr'>ante</span> <span class='ocrx_word' id='word_1_442' title='bbox 498 3005 708 3041; x_wconf 78' lang='lat' dir='ltr'>omnes-alios</span> <span class='ocrx_word' id='word_1_443' title='bbox 720 3030 728 3038; x_wconf 87' lang='lat'>.</span> <span class='ocrx_word' id='word_1_444' title='bbox 755 3005 799 3039; x_wconf 86' lang='lat' dir='ltr'>Et</span> <span class='ocrx_word' id='word_1_445' title='bbox 819 3003 890 3048; x_wconf 87' lang='lat' dir='ltr'>post</span> <span class='ocrx_word' id='word_1_446' title='bbox 911 3004 1045 3038; x_wconf 69' lang='lat' dir='ltr'>reiectos</span> <span class='ocrx_word' id='word_1_447' title='bbox 1056 3003 1160 3037; x_wconf 86' lang='lat' dir='ltr'>varios</span> 
     </span>
     <span class='ocr_line' id='line_1_67' title="bbox 275 3052 1160 3100; baseline -0.005 -10"><span class='ocrx_word' id='word_1_448' title='bbox 275 3054 531 3090; x_wconf 77' lang='lat' dir='ltr'>Aurelianatum</span> <span class='ocrx_word' id='word_1_449' title='bbox 553 3055 766 3100; x_wconf 85' lang='lat' dir='ltr'>Synodorum</span> <span class='ocrx_word' id='word_1_450' title='bbox 786 3054 942 3089; x_wconf 86' lang='lat' dir='ltr'>Canones</span> <span class='ocrx_word' id='word_1_451' title='bbox 970 3052 1160 3089; x_wconf 85' lang='lat' dir='ltr'>Bonifacius</span> 
     </span>
     <span class='ocr_line' id='line_1_68' title="bbox 275 3104 1160 3148; baseline -0.005 -9"><span class='ocrx_word' id='word_1_452' title='bbox 275 3104 443 3148; x_wconf 79' lang='lat' dir='ltr'>respondit</span> <span class='ocrx_word' id='word_1_453' title='bbox 459 3116 467 3136; x_wconf 73' lang='grc' dir='ltr'><strong>ε</strong></span> <span class='ocrx_word' id='word_1_454' title='bbox 492 3108 546 3138; x_wconf 74' lang='lat' dir='ltr'>Ex</span> <span class='ocrx_word' id='word_1_455' title='bbox 556 3112 694 3148; x_wconf 84' lang='lat' dir='ltr'>paternis</span> <span class='ocrx_word' id='word_1_456' title='bbox 707 3104 927 3148; x_wconf 83' lang='lat' dir='ltr'>definitionibus</span> <span class='ocrx_word' id='word_1_457' title='bbox 935 3105 1072 3139; x_wconf 81' lang='lat' dir='ltr'>evidenti</span> <span class='ocrx_word' id='word_1_458' title='bbox 1085 3107 1160 3136; x_wconf 84' lang='lat' dir='ltr'>veri-</span> 
     </span>
     <span class='ocr_line' id='line_1_69' title="bbox 275 3154 1161 3199; baseline -0.001 -11"><span class='ocrx_word' id='word_1_459' title='bbox 275 3162 340 3188; x_wconf 78' lang='lat' dir='ltr'>tate</span> <span class='ocrx_word' id='word_1_460' title='bbox 352 3155 515 3197; x_wconf 83' lang='lat' dir='ltr'>collegimus</span> <span class='ocrx_word' id='word_1_461' title='bbox 529 3154 766 3199; x_wconf 83' lang='lat' dir='ltr'>Proconsularem</span> <span class='ocrx_word' id='word_1_462' title='bbox 782 3158 978 3189; x_wconf 79' lang='lat' dir='ltr'>Provinciam</span> <span class='ocrx_word' id='word_1_463' title='bbox 990 3154 1161 3194; x_wconf 67' lang='lat' dir='ltr'>Narniam,</span> 
     </span>
     <span class='ocr_line' id='line_1_70' title="bbox 272 3204 1157 3247; baseline -0.002 -9"><span class='ocrx_word' id='word_1_464' title='bbox 272 3205 459 3238; x_wconf 77' lang='lat' dir='ltr'>Numidiam</span> <span class='ocrx_word' id='word_1_465' title='bbox 470 3207 541 3238; x_wconf 75' lang='lat' dir='ltr'>vero</span> <span class='ocrx_word' id='word_1_466' title='bbox 554 3206 737 3247; x_wconf 78' lang='lat' dir='ltr'>Byzacenae,</span> <span class='ocrx_word' id='word_1_467' title='bbox 766 3207 818 3239; x_wconf 83' lang='lat' dir='ltr'>vel</span> <span class='ocrx_word' id='word_1_468' title='bbox 836 3211 953 3240; x_wconf 83' lang='lat' dir='ltr'>caeteris</span> <span class='ocrx_word' id='word_1_469' title='bbox 975 3204 1157 3238; x_wconf 74' lang='lat' dir='ltr'>antelatam.</span> 
     </span>
     <span class='ocr_line' id='line_1_71' title="bbox 278 3251 1162 3298; baseline 0.001 -12"><span class='ocrx_word' id='word_1_470' title='bbox 278 3251 425 3298; x_wconf 67' lang='lat' dir='ltr'>,Quisquis</span> <span class='ocrx_word' id='word_1_471' title='bbox 446 3255 511 3296; x_wconf 71' lang='lat' dir='ltr'>ergo</span> <span class='ocrx_word' id='word_1_472' title='bbox 530 3255 707 3295; x_wconf 66' lang='lat' dir='ltr'>perturbate</span> <span class='ocrx_word' id='word_1_473' title='bbox 724 3255 869 3296; x_wconf 78' lang='lat' dir='ltr'>statutum</span> <span class='ocrx_word' id='word_1_474' title='bbox 883 3257 1017 3289; x_wconf 80' lang='lat' dir='ltr'>ordinem</span> <span class='ocrx_word' id='word_1_475' title='bbox 1026 3254 1162 3296; x_wconf 84' lang='lat' dir='ltr'>quando-</span> 
     </span>
     <span class='ocr_line' id='line_1_72' title="bbox 273 3301 1163 3349; baseline -0.003 -10"><span class='ocrx_word' id='word_1_476' title='bbox 273 3315 400 3347; x_wconf 75' lang='lat' dir='ltr'>cumque</span> <span class='ocrx_word' id='word_1_477' title='bbox 419 3309 569 3344; x_wconf 80' lang='lat' dir='ltr'>tentarit,</span> <span class='ocrx_word' id='word_1_478' title='bbox 593 3303 711 3338; x_wconf 81' lang='lat' dir='ltr'>honoris</span> <span class='ocrx_word' id='word_1_479' title='bbox 727 3303 778 3349; x_wconf 86' lang='lat' dir='ltr'>sui</span> <span class='ocrx_word' id='word_1_480' title='bbox 797 3305 959 3348; x_wconf 79' lang='lat' dir='ltr'>putabitur</span> <span class='ocrx_word' id='word_1_481' title='bbox 974 3301 1045 3348; x_wconf 55' lang='lat' dir='ltr'>pan</span> <span class='ocrx_word' id='word_1_482' title='bbox 1059 3303 1163 3345; x_wconf 66' lang='lat' dir='ltr'>jariu-</span> 
     </span>
     <span class='ocr_line' id='line_1_73' title="bbox 272 3365 366 3391; baseline -0.011 0"><span class='ocrx_word' id='word_1_483' title='bbox 272 3365 366 3391; x_wconf 70' lang='lat' dir='ltr'>eam-</span> 
     </span>
     <span class='ocr_line' id='line_1_74' title="bbox 330 3401 1162 3451; baseline -0.004 -10"><span class='ocrx_word' id='word_1_484' title='bbox 330 3405 383 3443; x_wconf 81' lang='lat' dir='ltr'>Ex</span> <span class='ocrx_word' id='word_1_485' title='bbox 409 3403 462 3439; x_wconf 82' lang='lat' dir='ltr'>his</span> <span class='ocrx_word' id='word_1_486' title='bbox 485 3401 640 3439; x_wconf 79' lang='lat' dir='ltr'>discimus</span> <span class='ocrx_word' id='word_1_487' title='bbox 666 3403 755 3439; x_wconf 88' lang='lat' dir='ltr'>varia</span> <span class='ocrx_word' id='word_1_488' title='bbox 775 3427 782 3434; x_wconf 88' lang='lat'>-</span> <span class='ocrx_word' id='word_1_489' title='bbox 817 3403 933 3441; x_wconf 74' lang='lat' dir='ltr'>Primo</span> <span class='ocrx_word' id='word_1_490' title='bbox 952 3429 964 3448; x_wconf 93' lang='lat'>,</span> <span class='ocrx_word' id='word_1_491' title='bbox 989 3402 1080 3451; x_wconf 80' lang='lat' dir='ltr'>quod</span> <span class='ocrx_word' id='word_1_492' title='bbox 1106 3403 1162 3439; x_wconf 88' lang='lat' dir='ltr'>sub</span> 
     </span>
    </p>
   </div>
   <div class='ocr_carea' id='block_1_10' title="bbox 1198 571 1223 1626">
    <p class='ocr_par' dir='ltr' id='par_1_10' title="bbox 1198 571 1223 1626">
     <span class='ocr_line' id='line_1_75' title="bbox 1198 571 1223 1626; baseline 0 0"><span class='ocrx_word' id='word_1_493' title='bbox 1198 571 1223 1626; x_wconf 95' lang='lat' dir='ltr'> </span> 
     </span>
    </p>
   </div>
   <div class='ocr_carea' id='block_1_11' title="bbox 1220 550 2169 2646">
    <p class='ocr_par' dir='ltr' id='par_1_11' title="bbox 1220 550 2169 2587">
     <span class='ocr_line' id='line_1_76' title="bbox 1237 550 2124 599; baseline 0.008 -16"><span class='ocrx_word' id='word_1_494' title='bbox 1237 551 1290 584; x_wconf 93' lang='lat' dir='ltr'>De</span> <span class='ocrx_word' id='word_1_495' title='bbox 1303 550 1616 598; x_wconf 78' lang='lat' dir='ltr'>Mauritanianemo</span> <span class='ocrx_word' id='word_1_496' title='bbox 1626 553 1773 598; x_wconf 86' lang='lat' dir='ltr'>loquitur</span> <span class='ocrx_word' id='word_1_497' title='bbox 1790 566 1797 586; x_wconf 91' lang='lat'>:</span> <span class='ocrx_word' id='word_1_498' title='bbox 1826 553 1869 588; x_wconf 90' lang='lat' dir='ltr'>Et</span> <span class='ocrx_word' id='word_1_499' title='bbox 1881 565 1990 588; x_wconf 86' lang='lat' dir='ltr'>tamen</span> <span class='ocrx_word' id='word_1_500' title='bbox 2002 555 2124 599; x_wconf 83' lang='lat' dir='ltr'>aderat,</span> 
     </span>
     <span class='ocr_line' id='line_1_77' title="bbox 1235 599 2126 650; baseline 0.003 -14"><span class='ocrx_word' id='word_1_501' title='bbox 1235 599 1321 636; x_wconf 80' lang='lat' dir='ltr'>haud</span> <span class='ocrx_word' id='word_1_502' title='bbox 1335 600 1434 635; x_wconf 92' lang='lat' dir='ltr'>dubie</span> <span class='ocrx_word' id='word_1_503' title='bbox 1447 601 1611 646; x_wconf 75' lang='lat' dir='ltr'>Legatus,</span> <span class='ocrx_word' id='word_1_504' title='bbox 1634 603 1839 639; x_wconf 85' lang='lat' dir='ltr'>secundinus</span> <span class='ocrx_word' id='word_1_505' title='bbox 1861 604 2022 639; x_wconf 83' lang='lat' dir='ltr'>Minenfis</span> <span class='ocrx_word' id='word_1_506' title='bbox 2050 605 2126 650; x_wconf 79' lang='lat' dir='ltr'>Epi-</span> 
     </span>
     <span class='ocr_line' id='line_1_78' title="bbox 1235 650 2125 700; baseline 0.006 -16"><span class='ocrx_word' id='word_1_507' title='bbox 1235 652 1367 695; x_wconf 83' lang='lat' dir='ltr'>scopus.</span> <span class='ocrx_word' id='word_1_508' title='bbox 1397 650 1520 696; x_wconf 86' lang='lat' dir='ltr'>Vigilii</span> <span class='ocrx_word' id='word_1_509' title='bbox 1532 650 1704 695; x_wconf 87' lang='lat' dir='ltr'>Tapsensis</span> <span class='ocrx_word' id='word_1_510' title='bbox 1715 654 1868 698; x_wconf 86' lang='lat' dir='ltr'>Episcopi</span> <span class='ocrx_word' id='word_1_511' title='bbox 1879 655 2050 700; x_wconf 86' lang='lat' dir='ltr'>catalogus</span> <span class='ocrx_word' id='word_1_512' title='bbox 2071 667 2125 700; x_wconf 81' lang='lat' dir='ltr'>ap-</span> 
     </span>
     <span class='ocr_line' id='line_1_79' title="bbox 1234 701 2126 750; baseline 0.006 -15"><span class='ocrx_word' id='word_1_513' title='bbox 1234 702 1330 747; x_wconf 86' lang='lat' dir='ltr'>pellat</span> <span class='ocrx_word' id='word_1_514' title='bbox 1362 702 1599 737; x_wconf 88' lang='lat' dir='ltr'>Minnensem.</span> <span class='ocrx_word' id='word_1_515' title='bbox 1622 701 1750 745; x_wconf 84' lang='lat' dir='ltr'>Nempe</span> <span class='ocrx_word' id='word_1_516' title='bbox 1769 704 1902 742; x_wconf 84' lang='lat' dir='ltr'>Barbari</span> <span class='ocrx_word' id='word_1_517' title='bbox 1925 706 2028 750; x_wconf 83' lang='lat' dir='ltr'>ipsam</span> <span class='ocrx_word' id='word_1_518' title='bbox 2050 704 2126 740; x_wconf 90' lang='lat' dir='ltr'>hor·</span> 
     </span>
     <span class='ocr_line' id='line_1_80' title="bbox 1233 750 2126 800; baseline 0.006 -15"><span class='ocrx_word' id='word_1_519' title='bbox 1233 751 1331 788; x_wconf 73' lang='lat' dir='ltr'>tende</span> <span class='ocrx_word' id='word_1_520' title='bbox 1353 753 1576 794; x_wconf 82' lang='lat' dir='ltr'>devastarant,</span> <span class='ocrx_word' id='word_1_521' title='bbox 1603 764 1642 786; x_wconf 90' lang='lat' dir='ltr'>ac</span> <span class='ocrx_word' id='word_1_522' title='bbox 1665 750 1748 786; x_wconf 80' lang='lat' dir='ltr'>adeo</span> <span class='ocrx_word' id='word_1_523' title='bbox 1765 753 1955 800; x_wconf 85' lang='lat' dir='ltr'>redegerant</span> <span class='ocrx_word' id='word_1_524' title='bbox 1978 755 2012 790; x_wconf 91' lang='lat' dir='ltr'>in</span> <span class='ocrx_word' id='word_1_525' title='bbox 2037 754 2126 790; x_wconf 86' lang='lat' dir='ltr'>nihi·</span> 
     </span>
     <span class='ocr_line' id='line_1_81' title="bbox 1232 802 2120 845; baseline 0.008 -9"><span class='ocrx_word' id='word_1_526' title='bbox 1232 802 1299 836; x_wconf 90' lang='lat' dir='ltr'>lum</span> <span class='ocrx_word' id='word_1_527' title='bbox 1311 826 1321 842; x_wconf 93' lang='lat'>,</span> <span class='ocrx_word' id='word_1_528' title='bbox 1350 811 1386 836; x_wconf 90' lang='lat' dir='ltr'>ut</span> <span class='ocrx_word' id='word_1_529' title='bbox 1396 802 1595 837; x_wconf 85' lang='lat' dir='ltr'>erubesceret</span> <span class='ocrx_word' id='word_1_530' title='bbox 1606 802 1765 845; x_wconf 88' lang='lat' dir='ltr'>adspirare</span> <span class='ocrx_word' id='word_1_531' title='bbox 1774 804 1815 839; x_wconf 89' lang='lat' dir='ltr'>ad</span> <span class='ocrx_word' id='word_1_532' title='bbox 1829 807 1953 842; x_wconf 85' lang='lat' dir='ltr'>vetusta</span> <span class='ocrx_word' id='word_1_533' title='bbox 1973 807 2020 840; x_wconf 91' lang='lat' dir='ltr'>sui</span> <span class='ocrx_word' id='word_1_534' title='bbox 2033 806 2120 843; x_wconf 82' lang='lat' dir='ltr'>olim.</span> 
     </span>
     <span class='ocr_line' id='line_1_82' title="bbox 1232 851 2124 897; baseline 0.004 -11"><span class='ocrx_word' id='word_1_535' title='bbox 1232 852 1408 896; x_wconf 89' lang='lat' dir='ltr'>splendoris</span> <span class='ocrx_word' id='word_1_536' title='bbox 1420 852 1561 897; x_wconf 81' lang='lat' dir='ltr'>lnfignia</span> <span class='ocrx_word' id='word_1_537' title='bbox 1573 877 1581 887; x_wconf 83' lang='grc'><strong><em>,</em></strong></span> <span class='ocrx_word' id='word_1_538' title='bbox 1611 853 1654 887; x_wconf 88' lang='lat' dir='ltr'>Et</span> <span class='ocrx_word' id='word_1_539' title='bbox 1666 851 1732 887; x_wconf 81' lang='lat' dir='ltr'>haec</span> <span class='ocrx_word' id='word_1_540' title='bbox 1743 854 1886 892; x_wconf 75' lang='lat' dir='ltr'>omnino</span> <span class='ocrx_word' id='word_1_541' title='bbox 1895 856 1940 890; x_wconf 85' lang='lat' dir='ltr'>est</span> <span class='ocrx_word' id='word_1_542' title='bbox 1952 868 2016 891; x_wconf 90' lang='lat' dir='ltr'>una</span> <span class='ocrx_word' id='word_1_543' title='bbox 2028 858 2124 892; x_wconf 84' lang='lat' dir='ltr'>ratio·</span> 
     </span>
     <span class='ocr_line' id='line_1_83' title="bbox 1231 902 2125 950; baseline 0.007 -14"><span class='ocrx_word' id='word_1_544' title='bbox 1231 914 1334 944; x_wconf 88' lang='lat' dir='ltr'>num,</span> <span class='ocrx_word' id='word_1_545' title='bbox 1360 902 1406 937; x_wconf 89' lang='lat' dir='ltr'>ob</span> <span class='ocrx_word' id='word_1_546' title='bbox 1432 914 1513 947; x_wconf 86' lang='lat' dir='ltr'>quas</span> <span class='ocrx_word' id='word_1_547' title='bbox 1535 903 1714 946; x_wconf 85' lang='lat' dir='ltr'>Imperator</span> <span class='ocrx_word' id='word_1_548' title='bbox 1725 904 1927 948; x_wconf 88' lang='lat' dir='ltr'>Justinianus</span> <span class='ocrx_word' id='word_1_549' title='bbox 1950 916 2125 950; x_wconf 84' lang='lat' dir='ltr'>utramque</span> 
     </span>
     <span class='ocr_line' id='line_1_84' title="bbox 1231 953 2125 991; baseline 0.006 -5"><span class='ocrx_word' id='word_1_550' title='bbox 1231 953 1467 988; x_wconf 83' lang='lat' dir='ltr'>Mauritaniam</span> <span class='ocrx_word' id='word_1_551' title='bbox 1489 954 1688 989; x_wconf 86' lang='lat' dir='ltr'>contraxerit</span> <span class='ocrx_word' id='word_1_552' title='bbox 1714 955 1748 987; x_wconf 91' lang='lat' dir='ltr'>in</span> <span class='ocrx_word' id='word_1_553' title='bbox 1768 966 1866 989; x_wconf 88' lang='lat' dir='ltr'>unam</span> <span class='ocrx_word' id='word_1_554' title='bbox 1891 955 2125 991; x_wconf 85' lang='lat' dir='ltr'>Provinciam.</span> 
     </span>
     <span class='ocr_line' id='line_1_85' title="bbox 1229 1002 2124 1051; baseline 0.006 -14"><span class='ocrx_word' id='word_1_555' title='bbox 1229 1003 1322 1038; x_wconf 88' lang='lat' dir='ltr'>Hinc</span> <span class='ocrx_word' id='word_1_556' title='bbox 1347 1003 1427 1037; x_wconf 90' lang='lat' dir='ltr'>item</span> <span class='ocrx_word' id='word_1_557' title='bbox 1448 1003 1575 1039; x_wconf 85' lang='lat' dir='ltr'>Primas</span> <span class='ocrx_word' id='word_1_558' title='bbox 1596 1002 1789 1039; x_wconf 79' lang='lat' dir='ltr'>Bonifacius</span> <span class='ocrx_word' id='word_1_559' title='bbox 1814 1006 2006 1048; x_wconf 88' lang='lat' dir='ltr'>respondit,</span> <span class='ocrx_word' id='word_1_560' title='bbox 2032 1006 2124 1051; x_wconf 76' lang='lat' dir='ltr'>quod</span> 
     </span>
     <span class='ocr_line' id='line_1_86' title="bbox 1229 1053 2124 1099; baseline 0.004 -12"><span class='ocrx_word' id='word_1_561' title='bbox 1229 1054 1298 1096; x_wconf 86' lang='lat' dir='ltr'>post</span> <span class='ocrx_word' id='word_1_562' title='bbox 1311 1053 1605 1098; x_wconf 87' lang='lat' dir='ltr'>Carthaginensem</span> <span class='ocrx_word' id='word_1_563' title='bbox 1619 1053 1767 1089; x_wconf 86' lang='lat' dir='ltr'>Numida</span> <span class='ocrx_word' id='word_1_564' title='bbox 1779 1078 1791 1096; x_wconf 88' lang='lat'>‚</span> <span class='ocrx_word' id='word_1_565' title='bbox 1817 1056 1889 1098; x_wconf 88' lang='lat' dir='ltr'>post</span> <span class='ocrx_word' id='word_1_566' title='bbox 1913 1054 2003 1090; x_wconf 86' lang='lat' dir='ltr'>hune</span> <span class='ocrx_word' id='word_1_567' title='bbox 2016 1057 2124 1099; x_wconf 83' lang='lat' dir='ltr'>proxi·</span> 
     </span>
     <span class='ocr_line' id='line_1_87' title="bbox 1228 1103 2122 1149; baseline 0.003 -11"><span class='ocrx_word' id='word_1_568' title='bbox 1228 1115 1300 1139; x_wconf 83' lang='lat' dir='ltr'>mus</span> <span class='ocrx_word' id='word_1_569' title='bbox 1322 1104 1430 1139; x_wconf 88' lang='lat' dir='ltr'>sedere</span> <span class='ocrx_word' id='word_1_570' title='bbox 1450 1103 1580 1138; x_wconf 90' lang='lat' dir='ltr'>deberet</span> <span class='ocrx_word' id='word_1_571' title='bbox 1602 1126 1613 1143; x_wconf 91' lang='lat'>‚</span> <span class='ocrx_word' id='word_1_572' title='bbox 1638 1115 1707 1139; x_wconf 87' lang='lat' dir='ltr'>non</span> <span class='ocrx_word' id='word_1_573' title='bbox 1730 1103 1941 1140; x_wconf 82' lang='lat' dir='ltr'>Caesaraeensis</span> <span class='ocrx_word' id='word_1_574' title='bbox 1962 1106 2122 1149; x_wconf 84' lang='lat' dir='ltr'>Maurus,</span> 
     </span>
     <span class='ocr_line' id='line_1_88' title="bbox 1229 1153 2123 1197; baseline 0.003 -9"><span class='ocrx_word' id='word_1_575' title='bbox 1229 1153 1282 1189; x_wconf 86' lang='lat' dir='ltr'>sed</span> <span class='ocrx_word' id='word_1_576' title='bbox 1294 1153 1486 1196; x_wconf 83' lang='lat' dir='ltr'>Byzacenus</span> <span class='ocrx_word' id='word_1_577' title='bbox 1498 1177 1506 1187; x_wconf 87' lang='lat'><strong>.</strong></span> <span class='ocrx_word' id='word_1_578' title='bbox 1531 1153 1663 1197; x_wconf 86' lang='lat' dir='ltr'>Nempe</span> <span class='ocrx_word' id='word_1_579' title='bbox 1676 1153 1826 1189; x_wconf 82' lang='lat' dir='ltr'>sublimis</span> <span class='ocrx_word' id='word_1_580' title='bbox 1847 1155 1903 1190; x_wconf 88' lang='lat' dir='ltr'>illa</span> <span class='ocrx_word' id='word_1_581' title='bbox 1916 1156 2123 1192; x_wconf 82' lang='lat' dir='ltr'>Mauritania</span> 
     </span>
     <span class='ocr_line' id='line_1_89' title="bbox 1225 1202 2123 1249; baseline 0.006 -13"><span class='ocrx_word' id='word_1_582' title='bbox 1225 1202 1350 1246; x_wconf 85' lang='lat' dir='ltr'>jacebat</span> <span class='ocrx_word' id='word_1_583' title='bbox 1363 1204 1396 1237; x_wconf 89' lang='lat' dir='ltr'>in</span> <span class='ocrx_word' id='word_1_584' title='bbox 1417 1213 1521 1238; x_wconf 26' lang='lat' dir='ltr'>terrast.</span> <span class='ocrx_word' id='word_1_585' title='bbox 1541 1202 1664 1237; x_wconf 17' lang='lat' dir='ltr'>,Etifla</span> <span class='ocrx_word' id='word_1_586' title='bbox 1685 1203 1755 1246; x_wconf 80' lang='lat' dir='ltr'>ejus</span> <span class='ocrx_word' id='word_1_587' title='bbox 1766 1203 1934 1243; x_wconf 84' lang='lat' dir='ltr'>humilitas</span> <span class='ocrx_word' id='word_1_588' title='bbox 1946 1208 2123 1249; x_wconf 84' lang='lat' dir='ltr'>permansit</span> 
     </span>
     <span class='ocr_line' id='line_1_90' title="bbox 1228 1247 2124 1298; baseline 0.002 -11"><span class='ocrx_word' id='word_1_589' title='bbox 1228 1253 1327 1287; x_wconf 85' lang='lat' dir='ltr'>etiam</span> <span class='ocrx_word' id='word_1_590' title='bbox 1339 1252 1407 1295; x_wconf 87' lang='lat' dir='ltr'>post</span> <span class='ocrx_word' id='word_1_591' title='bbox 1419 1247 1595 1297; x_wconf 77' lang='lat' dir='ltr'>Iustiniani</span> <span class='ocrx_word' id='word_1_592' title='bbox 1607 1261 1755 1295; x_wconf 88' lang='lat' dir='ltr'>tempora</span> <span class='ocrx_word' id='word_1_593' title='bbox 1769 1276 1777 1283; x_wconf 89' lang='lat'><em>-</em></span> <span class='ocrx_word' id='word_1_594' title='bbox 1803 1253 1883 1288; x_wconf 84' lang='lat' dir='ltr'>Haec</span> <span class='ocrx_word' id='word_1_595' title='bbox 1896 1254 1998 1298; x_wconf 85' lang='lat' dir='ltr'>igitur</span> <span class='ocrx_word' id='word_1_596' title='bbox 2009 1256 2059 1290; x_wconf 77' lang='lat' dir='ltr'>est</span> <span class='ocrx_word' id='word_1_597' title='bbox 2075 1267 2124 1293; x_wconf 49' lang='lat' dir='ltr'>rar</span> 
     </span>
     <span class='ocr_line' id='line_1_91' title="bbox 1226 1301 2123 1349; baseline 0.002 -12"><span class='ocrx_word' id='word_1_598' title='bbox 1226 1304 1274 1337; x_wconf 89' lang='lat' dir='ltr'>tio</span> <span class='ocrx_word' id='word_1_599' title='bbox 1283 1327 1294 1343; x_wconf 93' lang='lat'>‚</span> <span class='ocrx_word' id='word_1_600' title='bbox 1319 1302 1366 1349; x_wconf 88' lang='lat' dir='ltr'>ob</span> <span class='ocrx_word' id='word_1_601' title='bbox 1377 1313 1476 1344; x_wconf 84' lang='lat' dir='ltr'>quam</span> <span class='ocrx_word' id='word_1_602' title='bbox 1487 1302 1523 1338; x_wconf 90' lang='lat' dir='ltr'>in</span> <span class='ocrx_word' id='word_1_603' title='bbox 1539 1301 1666 1338; x_wconf 84' lang='lat' dir='ltr'>laudata</span> <span class='ocrx_word' id='word_1_604' title='bbox 1678 1312 1794 1336; x_wconf 86' lang='lat' dir='ltr'>contra</span> <span class='ocrx_word' id='word_1_605' title='bbox 1805 1301 2051 1338; x_wconf 86' lang='lat' dir='ltr'>Monothelitas</span> <span class='ocrx_word' id='word_1_606' title='bbox 2064 1306 2123 1348; x_wconf 78' lang='lat' dir='ltr'>Sy-</span> 
     </span>
     <span class='ocr_line' id='line_1_92' title="bbox 1225 1351 2125 1397; baseline 0.004 -12"><span class='ocrx_word' id='word_1_607' title='bbox 1225 1352 1316 1388; x_wconf 91' lang='lat' dir='ltr'>nodo</span> <span class='ocrx_word' id='word_1_608' title='bbox 1336 1353 1409 1397; x_wconf 84' lang='lat' dir='ltr'>post</span> <span class='ocrx_word' id='word_1_609' title='bbox 1422 1351 1608 1390; x_wconf 82' lang='lat' dir='ltr'>Numidam</span> <span class='ocrx_word' id='word_1_610' title='bbox 1620 1352 1812 1395; x_wconf 83' lang='lat' dir='ltr'>Byzacenus</span> <span class='ocrx_word' id='word_1_611' title='bbox 1834 1353 1922 1391; x_wconf 10' lang='lat' dir='ltr'>&#39;sedit</span> <span class='ocrx_word' id='word_1_612' title='bbox 1935 1365 2013 1389; x_wconf 88' lang='lat' dir='ltr'>ante</span> <span class='ocrx_word' id='word_1_613' title='bbox 2027 1354 2125 1389; x_wconf 89' lang='lat' dir='ltr'>Mau-</span> 
     </span>
     <span class='ocr_line' id='line_1_93' title="bbox 1225 1400 2123 1449; baseline 0.002 -13"><span class='ocrx_word' id='word_1_614' title='bbox 1225 1414 1296 1438; x_wconf 87' lang='lat' dir='ltr'>rum</span> <span class='ocrx_word' id='word_1_615' title='bbox 1310 1428 1317 1435; x_wconf 91' lang='lat'><strong><em>.</em></strong></span> <span class='ocrx_word' id='word_1_616' title='bbox 1346 1403 1399 1449; x_wconf 78' lang='lat' dir='ltr'>Ex</span> <span class='ocrx_word' id='word_1_617' title='bbox 1410 1400 1460 1437; x_wconf 88' lang='lat' dir='ltr'>his</span> <span class='ocrx_word' id='word_1_618' title='bbox 1471 1401 1550 1443; x_wconf 77' lang='lat' dir='ltr'>item</span> <span class='ocrx_word' id='word_1_619' title='bbox 1562 1401 1732 1438; x_wconf 76' lang='lat' dir='ltr'>fortissime</span> <span class='ocrx_word' id='word_1_620' title='bbox 1743 1400 1914 1439; x_wconf 83' lang='lat' dir='ltr'>suademur</span> <span class='ocrx_word' id='word_1_621' title='bbox 1926 1427 1937 1444; x_wconf 92' lang='lat'>,</span> <span class='ocrx_word' id='word_1_622' title='bbox 1963 1404 2054 1449; x_wconf 80' lang='lat' dir='ltr'>quod</span> <span class='ocrx_word' id='word_1_623' title='bbox 2066 1415 2123 1438; x_wconf 83' lang='lat' dir='ltr'>an-</span> 
     </span>
     <span class='ocr_line' id='line_1_94' title="bbox 1224 1451 2122 1493; baseline 0.002 -6"><span class='ocrx_word' id='word_1_624' title='bbox 1224 1463 1256 1487; x_wconf 88' lang='lat' dir='ltr'>te</span> <span class='ocrx_word' id='word_1_625' title='bbox 1266 1454 1411 1488; x_wconf 80' lang='lat' dir='ltr'>eversam</span> <span class='ocrx_word' id='word_1_626' title='bbox 1421 1453 1442 1486; x_wconf 70' lang='lat' dir='ltr'>a</span> <span class='ocrx_word' id='word_1_627' title='bbox 1454 1451 1604 1490; x_wconf 78' lang='lat' dir='ltr'>Barbatis</span> <span class='ocrx_word' id='word_1_628' title='bbox 1617 1452 1765 1488; x_wconf 84' lang='lat' dir='ltr'>Africam</span> <span class='ocrx_word' id='word_1_629' title='bbox 1778 1475 1790 1492; x_wconf 86' lang='lat'>‚</span> <span class='ocrx_word' id='word_1_630' title='bbox 1814 1464 1884 1487; x_wconf 86' lang='lat' dir='ltr'>non</span> <span class='ocrx_word' id='word_1_631' title='bbox 1899 1454 1987 1488; x_wconf 85' lang='lat' dir='ltr'>solus</span> <span class='ocrx_word' id='word_1_632' title='bbox 1999 1454 2122 1493; x_wconf 85' lang='lat' dir='ltr'>Numi-</span> 
     </span>
     <span class='ocr_line' id='line_1_95' title="bbox 1224 1501 2122 1545; baseline 0.002 -9"><span class='ocrx_word' id='word_1_633' title='bbox 1224 1503 1266 1538; x_wconf 90' lang='lat' dir='ltr'>da</span> <span class='ocrx_word' id='word_1_634' title='bbox 1286 1513 1324 1536; x_wconf 88' lang='lat' dir='ltr'>ac</span> <span class='ocrx_word' id='word_1_635' title='bbox 1335 1501 1495 1541; x_wconf 81' lang='lat' dir='ltr'>Maurus,</span> <span class='ocrx_word' id='word_1_636' title='bbox 1520 1501 1574 1536; x_wconf 87' lang='lat' dir='ltr'>sed</span> <span class='ocrx_word' id='word_1_637' title='bbox 1597 1503 1698 1536; x_wconf 88' lang='lat' dir='ltr'>etiam</span> <span class='ocrx_word' id='word_1_638' title='bbox 1721 1501 1933 1545; x_wconf 85' lang='lat' dir='ltr'>Byzacenus,</span> <span class='ocrx_word' id='word_1_639' title='bbox 1959 1504 2122 1543; x_wconf 80' lang='lat' dir='ltr'>&amp;omnes</span> 
     </span>
     <span class='ocr_line' id='line_1_96' title="bbox 1224 1549 2122 1597; baseline 0.003 -11"><span class='ocrx_word' id='word_1_640' title='bbox 1224 1551 1338 1595; x_wconf 81' lang='lat' dir='ltr'>reliqui</span> <span class='ocrx_word' id='word_1_641' title='bbox 1349 1549 1510 1588; x_wconf 87' lang='lat' dir='ltr'>Primates</span> <span class='ocrx_word' id='word_1_642' title='bbox 1521 1551 1633 1597; x_wconf 85' lang='lat' dir='ltr'>locum</span> <span class='ocrx_word' id='word_1_643' title='bbox 1654 1549 1828 1588; x_wconf 85' lang='lat' dir='ltr'>habuerint</span> <span class='ocrx_word' id='word_1_644' title='bbox 1839 1563 1915 1588; x_wconf 86' lang='lat' dir='ltr'>ante</span> <span class='ocrx_word' id='word_1_645' title='bbox 1926 1552 2122 1590; x_wconf 88' lang='lat' dir='ltr'>Provincia-</span> 
     </span>
     <span class='ocr_line' id='line_1_97' title="bbox 1225 1601 2123 1646; baseline 0.006 -11"><span class='ocrx_word' id='word_1_646' title='bbox 1225 1602 1268 1637; x_wconf 87' lang='lat' dir='ltr'>les</span> <span class='ocrx_word' id='word_1_647' title='bbox 1279 1602 1463 1646; x_wconf 82' lang='lat' dir='ltr'>Episcopus</span> <span class='ocrx_word' id='word_1_648' title='bbox 1478 1624 1487 1634; x_wconf 89' lang='lat'><em>.</em></span> <span class='ocrx_word' id='word_1_649' title='bbox 1510 1601 1605 1636; x_wconf 88' lang='lat' dir='ltr'>Hinc</span> <span class='ocrx_word' id='word_1_650' title='bbox 1622 1602 1723 1636; x_wconf 90' lang='lat' dir='ltr'>etiam</span> <span class='ocrx_word' id='word_1_651' title='bbox 1744 1603 1790 1641; x_wconf 81' lang='lat' dir='ltr'>ita</span> <span class='ocrx_word' id='word_1_652' title='bbox 1811 1604 1933 1646; x_wconf 80' lang='lat' dir='ltr'>praefati</span> <span class='ocrx_word' id='word_1_653' title='bbox 1953 1613 2017 1639; x_wconf 82' lang='lat' dir='ltr'>tres</span> <span class='ocrx_word' id='word_1_654' title='bbox 2035 1604 2123 1640; x_wconf 81' lang='lat' dir='ltr'>sede-</span> 
     </span>
     <span class='ocr_line' id='line_1_98' title="bbox 1223 1650 2121 1698; baseline 0.003 -11"><span class='ocrx_word' id='word_1_655' title='bbox 1223 1660 1299 1687; x_wconf 86' lang='lat' dir='ltr'>runt</span> <span class='ocrx_word' id='word_1_656' title='bbox 1310 1654 1346 1686; x_wconf 89' lang='lat' dir='ltr'>in</span> <span class='ocrx_word' id='word_1_657' title='bbox 1358 1652 1486 1686; x_wconf 86' lang='lat' dir='ltr'>laudata</span> <span class='ocrx_word' id='word_1_658' title='bbox 1499 1651 1639 1695; x_wconf 88' lang='lat' dir='ltr'>Synodo</span> <span class='ocrx_word' id='word_1_659' title='bbox 1653 1676 1660 1684; x_wconf 93' lang='lat'>.</span> <span class='ocrx_word' id='word_1_660' title='bbox 1688 1650 1838 1687; x_wconf 86' lang='lat' dir='ltr'>Numida</span> <span class='ocrx_word' id='word_1_661' title='bbox 1849 1654 1883 1687; x_wconf 77' lang='grc' dir='ltr'>δε</span> <span class='ocrx_word' id='word_1_662' title='bbox 1895 1651 2035 1689; x_wconf 86' lang='lat' dir='ltr'>Maurus</span> <span class='ocrx_word' id='word_1_663' title='bbox 2046 1655 2121 1698; x_wconf 73' lang='lat' dir='ltr'>jux·</span> 
     </span>
     <span class='ocr_line' id='line_1_99' title="bbox 1224 1699 2122 1747; baseline 0.001 -10"><span class='ocrx_word' id='word_1_664' title='bbox 1224 1712 1256 1737; x_wconf 88' lang='lat' dir='ltr'>ta</span> <span class='ocrx_word' id='word_1_665' title='bbox 1267 1701 1466 1747; x_wconf 87' lang='lat' dir='ltr'>dignitatem</span> <span class='ocrx_word' id='word_1_666' title='bbox 1491 1699 1769 1742; x_wconf 60' lang='lat' dir='ltr'>improvinciae,</span> <span class='ocrx_word' id='word_1_667' title='bbox 1794 1701 1853 1736; x_wconf 89' lang='lat' dir='ltr'>alii</span> <span class='ocrx_word' id='word_1_668' title='bbox 1875 1702 2009 1739; x_wconf 80' lang='lat' dir='ltr'>forsitan</span> <span class='ocrx_word' id='word_1_669' title='bbox 2033 1703 2122 1738; x_wconf 84' lang='lat' dir='ltr'>sede·</span> 
     </span>
     <span class='ocr_line' id='line_1_100' title="bbox 1222 1752 2119 1801; baseline 0.002 -15"><span class='ocrx_word' id='word_1_670' title='bbox 1222 1761 1299 1787; x_wconf 90' lang='lat' dir='ltr'>runt</span> <span class='ocrx_word' id='word_1_671' title='bbox 1312 1752 1406 1796; x_wconf 81' lang='lat' dir='ltr'>juxta</span> <span class='ocrx_word' id='word_1_672' title='bbox 1418 1761 1545 1787; x_wconf 83' lang='lat' dir='ltr'>aetatem</span> <span class='ocrx_word' id='word_1_673' title='bbox 1567 1752 1628 1786; x_wconf 83' lang='lat' dir='ltr'>suae</span> <span class='ocrx_word' id='word_1_674' title='bbox 1637 1752 1910 1786; x_wconf 80' lang='lat' dir='ltr'>consecrationis.</span> <span class='ocrx_word' id='word_1_675' title='bbox 1940 1752 2119 1801; x_wconf 80' lang='lat' dir='ltr'>Qidquid</span> 
     </span>
     <span class='ocr_line' id='line_1_101' title="bbox 1221 1800 2121 1846; baseline 0.001 -9"><span class='ocrx_word' id='word_1_676' title='bbox 1221 1803 1256 1837; x_wconf 84' lang='lat' dir='ltr'>sit</span> <span class='ocrx_word' id='word_1_677' title='bbox 1267 1826 1278 1843; x_wconf 86' lang='lat'>‚</span> <span class='ocrx_word' id='word_1_678' title='bbox 1304 1802 1458 1838; x_wconf 86' lang='lat' dir='ltr'>videntur</span> <span class='ocrx_word' id='word_1_679' title='bbox 1470 1802 1575 1846; x_wconf 86' lang='lat' dir='ltr'>ipsum</span> <span class='ocrx_word' id='word_1_680' title='bbox 1587 1803 1710 1846; x_wconf 86' lang='lat' dir='ltr'>semper</span> <span class='ocrx_word' id='word_1_681' title='bbox 1722 1801 1865 1838; x_wconf 87' lang='lat' dir='ltr'>eundem</span> <span class='ocrx_word' id='word_1_682' title='bbox 1886 1800 2048 1837; x_wconf 86' lang='lat' dir='ltr'>honorem</span> <span class='ocrx_word' id='word_1_683' title='bbox 2060 1802 2121 1839; x_wconf 78' lang='lat' dir='ltr'>ob-</span> 
     </span>
     <span class='ocr_line' id='line_1_102' title="bbox 1221 1850 2118 1898; baseline 0.002 -12"><span class='ocrx_word' id='word_1_684' title='bbox 1221 1852 1353 1889; x_wconf 78' lang='lat' dir='ltr'>tinuisse</span> <span class='ocrx_word' id='word_1_685' title='bbox 1378 1852 1421 1890; x_wconf 55' lang='lat' dir='ltr'>ing</span> <span class='ocrx_word' id='word_1_686' title='bbox 1442 1851 1649 1898; x_wconf 84' lang='lat' dir='ltr'>generalibus</span> <span class='ocrx_word' id='word_1_687' title='bbox 1676 1851 1779 1886; x_wconf 86' lang='lat' dir='ltr'>totius</span> <span class='ocrx_word' id='word_1_688' title='bbox 1806 1850 1928 1887; x_wconf 81' lang='lat' dir='ltr'>Africae</span> <span class='ocrx_word' id='word_1_689' title='bbox 1953 1853 2118 1897; x_wconf 80' lang='lat' dir='ltr'>Synodis.</span> 
     </span>
     <span class='ocr_line' id='line_1_103' title="bbox 1223 1900 2118 1948; baseline 0.002 -11"><span class='ocrx_word' id='word_1_690' title='bbox 1223 1902 1315 1938; x_wconf 82' lang='lat' dir='ltr'>Hinc</span> <span class='ocrx_word' id='word_1_691' title='bbox 1335 1902 1483 1948; x_wconf 82' lang='lat' dir='ltr'>generali</span> <span class='ocrx_word' id='word_1_692' title='bbox 1503 1902 1645 1946; x_wconf 73' lang='lat' dir='ltr'>synodo</span> <span class='ocrx_word' id='word_1_693' title='bbox 1664 1925 1677 1942; x_wconf 92' lang='lat'>,</span> <span class='ocrx_word' id='word_1_694' title='bbox 1701 1900 1822 1938; x_wconf 80' lang='lat' dir='ltr'>habitae</span> <span class='ocrx_word' id='word_1_695' title='bbox 1846 1902 1906 1938; x_wconf 88' lang='lat' dir='ltr'>sub</span> <span class='ocrx_word' id='word_1_696' title='bbox 1927 1903 2118 1943; x_wconf 79' lang='lat' dir='ltr'>Consulatu</span> 
     </span>
     <span class='ocr_line' id='line_1_104' title="bbox 1222 1951 2117 1999; baseline 0.007 -14"><span class='ocrx_word' id='word_1_697' title='bbox 1222 1952 1328 1988; x_wconf 88' lang='lat' dir='ltr'>Attici</span> <span class='ocrx_word' id='word_1_698' title='bbox 1350 1953 1385 1987; x_wconf 76' lang='grc' dir='ltr'>δε</span> <span class='ocrx_word' id='word_1_699' title='bbox 1403 1951 1566 1992; x_wconf 71' lang='lat' dir='ltr'>Caesarii,</span> <span class='ocrx_word' id='word_1_700' title='bbox 1592 1951 1703 1987; x_wconf 85' lang='lat' dir='ltr'>statim</span> <span class='ocrx_word' id='word_1_701' title='bbox 1724 1951 1796 1996; x_wconf 89' lang='lat' dir='ltr'>post</span> <span class='ocrx_word' id='word_1_702' title='bbox 1819 1951 2117 1999; x_wconf 78' lang='lat' dir='ltr'>Carthaginensem</span> 
     </span>
     <span class='ocr_line' id='line_1_105' title="bbox 1223 2001 2116 2047; baseline 0.001 -10"><span class='ocrx_word' id='word_1_703' title='bbox 1223 2002 1395 2038; x_wconf 82' lang='lat' dir='ltr'>Aurelium</span> <span class='ocrx_word' id='word_1_704' title='bbox 1419 2001 1600 2046; x_wconf 83' lang='lat' dir='ltr'>subscripsit</span> <span class='ocrx_word' id='word_1_705' title='bbox 1610 2001 1794 2039; x_wconf 76' lang='lat' dir='ltr'>Muzonius</span> <span class='ocrx_word' id='word_1_706' title='bbox 1819 2001 1944 2046; x_wconf 76' lang='lat' dir='ltr'>Primas</span> <span class='ocrx_word' id='word_1_707' title='bbox 1958 2003 2116 2047; x_wconf 82' lang='lat' dir='ltr'>Byzacii.</span> 
     </span>
     <span class='ocr_line' id='line_1_106' title="bbox 1224 2050 2119 2098; baseline 0.006 -13"><span class='ocrx_word' id='word_1_708' title='bbox 1224 2053 1266 2087; x_wconf 87' lang='lat' dir='ltr'>Et</span> <span class='ocrx_word' id='word_1_709' title='bbox 1289 2063 1411 2096; x_wconf 81' lang='lat' dir='ltr'>quartae</span> <span class='ocrx_word' id='word_1_710' title='bbox 1432 2051 1682 2096; x_wconf 84' lang='lat' dir='ltr'>Carthaginensi</span> <span class='ocrx_word' id='word_1_711' title='bbox 1708 2050 1849 2096; x_wconf 85' lang='lat' dir='ltr'>Synodo</span> <span class='ocrx_word' id='word_1_712' title='bbox 1875 2053 1948 2098; x_wconf 86' lang='lat' dir='ltr'>post</span> <span class='ocrx_word' id='word_1_713' title='bbox 1972 2053 2119 2091; x_wconf 74' lang='lat' dir='ltr'>eundern</span> 
     </span>
     <span class='ocr_line' id='line_1_107' title="bbox 1223 2101 2122 2146; baseline 0.004 -11"><span class='ocrx_word' id='word_1_714' title='bbox 1223 2102 1398 2137; x_wconf 83' lang='lat' dir='ltr'>Aurelium</span> <span class='ocrx_word' id='word_1_715' title='bbox 1408 2102 1530 2145; x_wconf 81' lang='lat' dir='ltr'>primus</span> <span class='ocrx_word' id='word_1_716' title='bbox 1541 2101 1724 2146; x_wconf 86' lang='lat' dir='ltr'>subscripsit</span> <span class='ocrx_word' id='word_1_717' title='bbox 1736 2102 1948 2139; x_wconf 81' lang='lat' dir='ltr'>Donatianus</span> <span class='ocrx_word' id='word_1_718' title='bbox 1964 2103 2122 2139; x_wconf 80' lang='lat' dir='ltr'>Talabri-</span> 
     </span>
     <span class='ocr_line' id='line_1_108' title="bbox 1222 2151 2121 2195; baseline 0.003 -9"><span class='ocrx_word' id='word_1_719' title='bbox 1222 2151 1345 2193; x_wconf 86' lang='lat' dir='ltr'>censis,</span> <span class='ocrx_word' id='word_1_720' title='bbox 1374 2152 1502 2195; x_wconf 77' lang='lat' dir='ltr'>primas</span> <span class='ocrx_word' id='word_1_721' title='bbox 1526 2151 1673 2195; x_wconf 71' lang='lat' dir='ltr'>ejusdem</span> <span class='ocrx_word' id='word_1_722' title='bbox 1696 2151 1895 2189; x_wconf 64' lang='lat' dir='ltr'>Provinciae.</span> <span class='ocrx_word' id='word_1_723' title='bbox 1926 2153 1971 2188; x_wconf 86' lang='lat' dir='ltr'>Et</span> <span class='ocrx_word' id='word_1_724' title='bbox 1982 2153 2121 2191; x_wconf 71' lang='lat' dir='ltr'>Milevi-</span> 
     </span>
     <span class='ocr_line' id='line_1_109' title="bbox 1221 2201 2117 2248; baseline 0.003 -11"><span class='ocrx_word' id='word_1_725' title='bbox 1221 2213 1302 2237; x_wconf 78' lang='lat' dir='ltr'>tanae</span> <span class='ocrx_word' id='word_1_726' title='bbox 1313 2201 1453 2245; x_wconf 84' lang='lat' dir='ltr'>Synodo</span> <span class='ocrx_word' id='word_1_727' title='bbox 1463 2201 1611 2248; x_wconf 82' lang='lat' dir='ltr'>similiter</span> <span class='ocrx_word' id='word_1_728' title='bbox 1621 2201 1801 2246; x_wconf 80' lang='lat' dir='ltr'>subscripsit</span> <span class='ocrx_word' id='word_1_729' title='bbox 1823 2202 1968 2245; x_wconf 85' lang='lat' dir='ltr'>ejusdem</span> <span class='ocrx_word' id='word_1_730' title='bbox 1981 2202 2117 2247; x_wconf 76' lang='lat' dir='ltr'>Byzacii</span> 
     </span>
     <span class='ocr_line' id='line_1_110' title="bbox 1223 2250 2118 2298; baseline 0.003 -14"><span class='ocrx_word' id='word_1_731' title='bbox 1223 2251 1350 2286; x_wconf 86' lang='lat' dir='ltr'>Primas</span> <span class='ocrx_word' id='word_1_732' title='bbox 1362 2276 1372 2291; x_wconf 92' lang='lat'>‚</span> <span class='ocrx_word' id='word_1_733' title='bbox 1389 2250 1830 2293; x_wconf 36' lang='lat' dir='ltr'>Donatianus-Teleptensis.</span> <span class='ocrx_word' id='word_1_734' title='bbox 1847 2251 1979 2298; x_wconf 76' lang='lat' dir='ltr'>Qarto</span> <span class='ocrx_word' id='word_1_735' title='bbox 1988 2262 2030 2286; x_wconf 79' lang='lat' dir='ltr'>ex</span> <span class='ocrx_word' id='word_1_736' title='bbox 2040 2262 2118 2296; x_wconf 76' lang='lat' dir='ltr'>prae-</span> 
     </span>
     <span class='ocr_line' id='line_1_111' title="bbox 1220 2298 2116 2344; baseline 0.003 -9"><span class='ocrx_word' id='word_1_737' title='bbox 1220 2301 1297 2335; x_wconf 89' lang='lat' dir='ltr'>fatis</span> <span class='ocrx_word' id='word_1_738' title='bbox 1311 2300 1489 2340; x_wconf 77' lang='lat' dir='ltr'>discimus,</span> <span class='ocrx_word' id='word_1_739' title='bbox 1514 2299 1605 2344; x_wconf 86' lang='lat' dir='ltr'>quod</span> <span class='ocrx_word' id='word_1_740' title='bbox 1627 2298 1778 2336; x_wconf 84' lang='lat' dir='ltr'>Africani</span> <span class='ocrx_word' id='word_1_741' title='bbox 1803 2299 1980 2336; x_wconf 83' lang='lat' dir='ltr'>Antistites</span> <span class='ocrx_word' id='word_1_742' title='bbox 2004 2302 2038 2337; x_wconf 91' lang='lat' dir='ltr'>in</span> <span class='ocrx_word' id='word_1_743' title='bbox 2050 2301 2116 2339; x_wconf 77' lang='lat' dir='ltr'>suls</span> 
     </span>
     <span class='ocr_line' id='line_1_112' title="bbox 1220 2349 2116 2393; baseline 0.001 -7"><span class='ocrx_word' id='word_1_744' title='bbox 1220 2349 1371 2393; x_wconf 84' lang='lat' dir='ltr'>synodis·</span> <span class='ocrx_word' id='word_1_745' title='bbox 1386 2350 1535 2386; x_wconf 77' lang='lat' dir='ltr'>sederent</span> <span class='ocrx_word' id='word_1_746' title='bbox 1555 2349 1689 2385; x_wconf 76' lang='lat' dir='ltr'>infulati</span> <span class='ocrx_word' id='word_1_747' title='bbox 1710 2359 1749 2385; x_wconf 80' lang='lat' dir='ltr'>ac</span> <span class='ocrx_word' id='word_1_748' title='bbox 1773 2349 1908 2393; x_wconf 78' lang='lat' dir='ltr'>palmati</span> <span class='ocrx_word' id='word_1_749' title='bbox 1931 2374 1941 2383; x_wconf 87' lang='lat'>.</span> <span class='ocrx_word' id='word_1_750' title='bbox 1967 2351 2047 2385; x_wconf 87' lang='lat' dir='ltr'>Hoc</span> <span class='ocrx_word' id='word_1_751' title='bbox 2067 2352 2116 2387; x_wconf 85' lang='lat' dir='ltr'>est</span> 
     </span>
     <span class='ocr_line' id='line_1_113' title="bbox 1220 2397 2169 2447; baseline 0.001 -14"><span class='ocrx_word' id='word_1_752' title='bbox 1220 2400 1407 2435; x_wconf 82' lang='lat' dir='ltr'>cumMitra</span> <span class='ocrx_word' id='word_1_753' title='bbox 1425 2399 1614 2443; x_wconf 86' lang='lat' dir='ltr'>Episcopali</span> <span class='ocrx_word' id='word_1_754' title='bbox 1626 2421 1638 2438; x_wconf 91' lang='lat'>,</span> <span class='ocrx_word' id='word_1_755' title='bbox 1658 2397 1792 2434; x_wconf 76' lang='lat' dir='ltr'>&amp;veste</span> <span class='ocrx_word' id='word_1_756' title='bbox 1806 2399 1966 2442; x_wconf 77' lang='lat' dir='ltr'>palmata.</span> <span class='ocrx_word' id='word_1_757' title='bbox 1996 2400 2119 2447; x_wconf 76' lang='lat' dir='ltr'>Qalis</span> <span class='ocrx_word' id='word_1_758' title='bbox 2165 2423 2169 2425; x_wconf 79' lang='grc'><strong>-</strong></span> 
     </span>
     <span class='ocr_line' id='line_1_114' title="bbox 1221 2446 2117 2494; baseline 0.002 -10"><span class='ocrx_word' id='word_1_759' title='bbox 1221 2450 1319 2490; x_wconf 72' lang='lat' dir='ltr'>vero,</span> <span class='ocrx_word' id='word_1_760' title='bbox 1346 2450 1493 2491; x_wconf 81' lang='lat' dir='ltr'>&amp;quam</span> <span class='ocrx_word' id='word_1_761' title='bbox 1515 2449 1659 2494; x_wconf 85' lang='lat' dir='ltr'>gloriosa</span> <span class='ocrx_word' id='word_1_762' title='bbox 1678 2448 1776 2483; x_wconf 88' lang='lat' dir='ltr'>fuerit</span> <span class='ocrx_word' id='word_1_763' title='bbox 1789 2446 1857 2483; x_wconf 80' lang='lat' dir='ltr'>haec</span> <span class='ocrx_word' id='word_1_764' title='bbox 1871 2449 1984 2488; x_wconf 83' lang='lat' dir='ltr'>vestis,</span> <span class='ocrx_word' id='word_1_765' title='bbox 2010 2450 2117 2486; x_wconf 86' lang='lat' dir='ltr'>videri</span> 
     </span>
     <span class='ocr_line' id='line_1_115' title="bbox 1221 2498 2117 2545; baseline 0.001 -10"><span class='ocrx_word' id='word_1_766' title='bbox 1221 2500 1316 2544; x_wconf 88' lang='lat' dir='ltr'>poffit</span> <span class='ocrx_word' id='word_1_767' title='bbox 1339 2499 1427 2545; x_wconf 84' lang='lat' dir='ltr'>apud</span> <span class='ocrx_word' id='word_1_768' title='bbox 1449 2499 1630 2545; x_wconf 84' lang='lat' dir='ltr'>Scriptores</span> <span class='ocrx_word' id='word_1_769' title='bbox 1655 2498 1697 2534; x_wconf 90' lang='lat' dir='ltr'>de</span> <span class='ocrx_word' id='word_1_770' title='bbox 1719 2510 1753 2534; x_wconf 88' lang='lat' dir='ltr'>re</span> <span class='ocrx_word' id='word_1_771' title='bbox 1774 2499 1922 2535; x_wconf 79' lang='lat' dir='ltr'>vestiaria</span> <span class='ocrx_word' id='word_1_772' title='bbox 1945 2499 2117 2536; x_wconf 83' lang='lat' dir='ltr'>Romano·</span> 
     </span>
     <span class='ocr_line' id='line_1_116' title="bbox 1222 2562 1312 2587; baseline -0.033 0"><span class='ocrx_word' id='word_1_773' title='bbox 1222 2562 1312 2587; x_wconf 90' lang='lat' dir='ltr'>rum.</span> 
     </span>
    </p>

    <p class='ocr_par' dir='ltr' id='par_1_12' title="bbox 1222 2598 2114 2646">
     <span class='ocr_line' id='line_1_117' title="bbox 1222 2598 2114 2646; baseline 0 -10"><span class='ocrx_word' id='word_1_774' title='bbox 1222 2617 1228 2622; x_wconf 53' lang='lat'>2</span> <span class='ocrx_word' id='word_1_775' title='bbox 1270 2602 1324 2636; x_wconf 91' lang='lat' dir='ltr'>De</span> <span class='ocrx_word' id='word_1_776' title='bbox 1350 2598 1602 2646; x_wconf 71' lang='lat' dir='ltr'>Carthaginensi</span> <span class='ocrx_word' id='word_1_777' title='bbox 1630 2598 1771 2634; x_wconf 86' lang='lat' dir='ltr'>Ecclesia</span> <span class='ocrx_word' id='word_1_778' title='bbox 1797 2598 1908 2635; x_wconf 89' lang='lat' dir='ltr'>scribit</span> <span class='ocrx_word' id='word_1_779' title='bbox 1934 2598 1969 2634; x_wconf 88' lang='lat' dir='ltr'>in</span> <span class='ocrx_word' id='word_1_780' title='bbox 1998 2599 2114 2637; x_wconf 69' lang='lat' dir='ltr'>animo</span> 
     </span>
    </p>
   </div>
   <div class='ocr_carea' id='block_1_12' title="bbox 1213 2648 2290 2744">
    <p class='ocr_par' dir='ltr' id='par_1_13' title="bbox 1213 2648 2290 2744">
     <span class='ocr_line' id='line_1_118' title="bbox 1221 2648 2290 2703; baseline -0.002 -16"><span class='ocrx_word' id='word_1_781' title='bbox 1221 2654 1362 2687; x_wconf 87' lang='lat' dir='ltr'>Gemma</span> <span class='ocrx_word' id='word_1_782' title='bbox 1375 2650 1549 2685; x_wconf 84' lang='lat' dir='ltr'>Honorius</span> <span class='ocrx_word' id='word_1_783' title='bbox 1561 2648 1892 2694; x_wconf 85' lang='lat' dir='ltr'>Augusto-Dunensis</span> <span class='ocrx_word' id='word_1_784' title='bbox 1906 2662 1913 2682; x_wconf 94' lang='lat'>:</span> <span class='ocrx_word' id='word_1_785' title='bbox 1936 2654 2015 2684; x_wconf 89' lang='lat' dir='ltr'>Cum</span> <span class='ocrx_word' id='word_1_786' title='bbox 2025 2649 2114 2685; x_wconf 81' lang='lat' dir='ltr'>Chri-</span> <span class='ocrx_word' id='word_1_787' title='bbox 2128 2664 2290 2703; x_wconf 61' lang='lat' dir='ltr'>hnc-137·</span> 
     </span>
     <span class='ocr_line' id='line_1_119' title="bbox 1213 2698 2113 2744; baseline 0 -9"><span class='ocrx_word' id='word_1_788' title='bbox 1213 2703 1308 2744; x_wconf 74' lang='lat' dir='ltr'>stiani</span> <span class='ocrx_word' id='word_1_789' title='bbox 1323 2725 1335 2742; x_wconf 93' lang='lat'>,</span> <span class='ocrx_word' id='word_1_790' title='bbox 1356 2700 1464 2735; x_wconf 72' lang='lat' dir='ltr'>relic‘la</span> <span class='ocrx_word' id='word_1_791' title='bbox 1483 2702 1542 2744; x_wconf 79' lang='lat' dir='ltr'>lege</span> <span class='ocrx_word' id='word_1_792' title='bbox 1553 2703 1635 2740; x_wconf 80' lang='lat' dir='ltr'>Dei,</span> <span class='ocrx_word' id='word_1_793' title='bbox 1656 2698 1954 2744; x_wconf 77' lang='lat' dir='ltr'>paganosspurcmae</span> <span class='ocrx_word' id='word_1_794' title='bbox 1972 2701 2113 2743; x_wconf 64' lang='lat' dir='ltr'>operibus</span> 
     </span>
    </p>
   </div>
   <div class='ocr_carea' id='block_1_13' title="bbox 1216 2749 2112 3245">
    <p class='ocr_par' dir='ltr' id='par_1_14' title="bbox 1216 2749 2112 3245">
     <span class='ocr_line' id='line_1_120' title="bbox 1219 2749 2112 2798; baseline -0.001 -12"><span class='ocrx_word' id='word_1_795' title='bbox 1219 2754 1415 2798; x_wconf 76' lang='lat' dir='ltr'>imitarentur</span> <span class='ocrx_word' id='word_1_796' title='bbox 1432 2775 1444 2792; x_wconf 86' lang='lat'>,</span> <span class='ocrx_word' id='word_1_797' title='bbox 1464 2755 1496 2796; x_wconf 86' lang='lat' dir='ltr'><em>J</em></span> <span class='ocrx_word' id='word_1_798' title='bbox 1498 2752 1594 2785; x_wconf 79' lang='lat' dir='ltr'>udicio</span> <span class='ocrx_word' id='word_1_799' title='bbox 1618 2750 1678 2784; x_wconf 77' lang='lat' dir='ltr'>Dei</span> <span class='ocrx_word' id='word_1_800' title='bbox 1697 2751 1809 2784; x_wconf 75' lang='lat' dir='ltr'>traditi</span> <span class='ocrx_word' id='word_1_801' title='bbox 1822 2749 1897 2793; x_wconf 73' lang='lat' dir='ltr'>sunt</span> <span class='ocrx_word' id='word_1_802' title='bbox 1918 2758 1954 2784; x_wconf 84' lang='lat' dir='ltr'>in</span> <span class='ocrx_word' id='word_1_803' title='bbox 1973 2750 2112 2785; x_wconf 80' lang='lat' dir='ltr'>manibus</span> 
     </span>
     <span class='ocr_line' id='line_1_121' title="bbox 1220 2797 2107 2844; baseline -0.002 -7"><span class='ocrx_word' id='word_1_804' title='bbox 1220 2813 1315 2838; x_wconf 84' lang='lat' dir='ltr'>eorum</span> <span class='ocrx_word' id='word_1_805' title='bbox 1326 2825 1338 2842; x_wconf 90' lang='lat'>‚</span> <span class='ocrx_word' id='word_1_806' title='bbox 1365 2805 1415 2843; x_wconf 78' lang='lat' dir='ltr'>qui</span> <span class='ocrx_word' id='word_1_807' title='bbox 1428 2802 1534 2835; x_wconf 86' lang='lat' dir='ltr'>deletis</span> <span class='ocrx_word' id='word_1_808' title='bbox 1547 2799 1728 2841; x_wconf 66' lang='lat' dir='ltr'>Christianis</span> <span class='ocrx_word' id='word_1_809' title='bbox 1736 2801 1920 2844; x_wconf 70' lang='lat' dir='ltr'>poffoderunt</span> <span class='ocrx_word' id='word_1_810' title='bbox 1927 2801 1990 2833; x_wconf 82' lang='lat' dir='ltr'>loca</span> <span class='ocrx_word' id='word_1_811' title='bbox 1998 2797 2107 2835; x_wconf 76' lang='lat' dir='ltr'>eorum.</span> 
     </span>
     <span class='ocr_line' id='line_1_122' title="bbox 1220 2848 2112 2892; baseline -0.003 -5"><span class='ocrx_word' id='word_1_812' title='bbox 1220 2854 1306 2888; x_wconf 82' lang='lat' dir='ltr'>Unde</span> <span class='ocrx_word' id='word_1_813' title='bbox 1317 2851 1515 2886; x_wconf 71' lang='lat' dir='ltr'>antiochenus</span> <span class='ocrx_word' id='word_1_814' title='bbox 1538 2850 1768 2885; x_wconf 79' lang='lat' dir='ltr'>Parriarcbatus</span> <span class='ocrx_word' id='word_1_815' title='bbox 1778 2849 1824 2890; x_wconf 76' lang='lat' dir='ltr'>est</span> <span class='ocrx_word' id='word_1_816' title='bbox 1833 2850 1880 2883; x_wconf 84' lang='lat' dir='ltr'>ad</span> <span class='ocrx_word' id='word_1_817' title='bbox 1889 2848 2112 2892; x_wconf 72' lang='lat' dir='ltr'>Hierosolymam</span> 
     </span>
     <span class='ocr_line' id='line_1_123' title="bbox 1220 2900 2111 2943; baseline -0.004 -5"><span class='ocrx_word' id='word_1_818' title='bbox 1220 2903 1393 2938; x_wconf 79' lang='lat' dir='ltr'>translatus</span> <span class='ocrx_word' id='word_1_819' title='bbox 1417 2927 1425 2935; x_wconf 91' lang='lat'><strong>.</strong></span> <span class='ocrx_word' id='word_1_820' title='bbox 1452 2904 1545 2936; x_wconf 73' lang='lat' dir='ltr'>Porro</span> <span class='ocrx_word' id='word_1_821' title='bbox 1569 2901 1790 2935; x_wconf 75' lang='lat' dir='ltr'>Alexandrinus</span> <span class='ocrx_word' id='word_1_822' title='bbox 1813 2900 1861 2932; x_wconf 81' lang='lat' dir='ltr'>ad</span> <span class='ocrx_word' id='word_1_823' title='bbox 1882 2902 2050 2943; x_wconf 72' lang='lat' dir='ltr'>Aquileiam</span> <span class='ocrx_word' id='word_1_824' title='bbox 2069 2900 2111 2941; x_wconf 59' lang='lat' dir='ltr'><em>fi</em></span> 
     </span>
     <span class='ocr_line' id='line_1_124' title="bbox 1216 2948 2111 2997; baseline -0.004 -9"><span class='ocrx_word' id='word_1_825' title='bbox 1216 2953 1288 2996; x_wconf 79' lang='lat' dir='ltr'>pofit</span> <span class='ocrx_word' id='word_1_826' title='bbox 1309 2965 1346 2987; x_wconf 83' lang='lat' dir='ltr'>s:</span> <span class='ocrx_word' id='word_1_827' title='bbox 1373 2955 1461 2997; x_wconf 76' lang='lat' dir='ltr'>‚Quia</span> <span class='ocrx_word' id='word_1_828' title='bbox 1471 2950 1538 2986; x_wconf 73' lang='lat' dir='ltr'>huic</span> <span class='ocrx_word' id='word_1_829' title='bbox 1551 2955 1670 2985; x_wconf 77' lang='lat' dir='ltr'>civitati</span> <span class='ocrx_word' id='word_1_830' title='bbox 1696 2948 1829 2992; x_wconf 72' lang='lat' dir='ltr'>primum</span> <span class='ocrx_word' id='word_1_831' title='bbox 1836 2953 1953 2983; x_wconf 81' lang='lat' dir='ltr'>Marcus</span> <span class='ocrx_word' id='word_1_832' title='bbox 1965 2952 2111 2995; x_wconf 64' lang='lat' dir='ltr'>Evange-</span> 
     </span>
     <span class='ocr_line' id='line_1_125' title="bbox 1219 2965 2109 3047; baseline -0.007 -9"><span class='ocrx_word' id='word_1_833' title='bbox 1219 2965 1439 3047; x_wconf 46' lang='lat' dir='ltr'>listallnaesedrt.</span> <span class='ocrx_word' id='word_1_834' title='bbox 1450 3026 1462 3043; x_wconf 90' lang='lat'>,</span> <span class='ocrx_word' id='word_1_835' title='bbox 1475 3006 1525 3045; x_wconf 79' lang='lat' dir='ltr'>&#39;qui</span> <span class='ocrx_word' id='word_1_836' title='bbox 1538 3000 1729 3037; x_wconf 66' lang='lat' dir='ltr'>alexandria</span> <span class='ocrx_word' id='word_1_837' title='bbox 1737 2999 1867 3041; x_wconf 66' lang='lat' dir='ltr'>praefuit</span> <span class='ocrx_word' id='word_1_838' title='bbox 1877 3025 1885 3033; x_wconf 92' lang='lat'><strong><em>.</em></strong></span> <span class='ocrx_word' id='word_1_839' title='bbox 1913 3002 2109 3044; x_wconf 55' lang='lat' dir='ltr'>,Quamquam</span> 
     </span>
     <span class='ocr_line' id='line_1_126' title="bbox 1218 3049 2109 3098; baseline -0.004 -9"><span class='ocrx_word' id='word_1_840' title='bbox 1218 3057 1346 3098; x_wconf 82' lang='lat' dir='ltr'>quidam</span> <span class='ocrx_word' id='word_1_841' title='bbox 1369 3052 1570 3091; x_wconf 77' lang='lat' dir='ltr'>contendant,</span> <span class='ocrx_word' id='word_1_842' title='bbox 1595 3050 1676 3093; x_wconf 86' lang='lat' dir='ltr'>quod</span> <span class='ocrx_word' id='word_1_843' title='bbox 1695 3049 1934 3094; x_wconf 80' lang='lat' dir='ltr'>Cartbaginenfis</span> <span class='ocrx_word' id='word_1_844' title='bbox 1945 3049 2109 3094; x_wconf 74' lang='lat' dir='ltr'>Episcopus</span> 
     </span>
     <span class='ocr_line' id='line_1_127' title="bbox 1220 3098 2107 3145; baseline -0.005 -6"><span class='ocrx_word' id='word_1_845' title='bbox 1220 3105 1276 3139; x_wconf 87' lang='lat' dir='ltr'>hac</span> <span class='ocrx_word' id='word_1_846' title='bbox 1286 3101 1602 3143; x_wconf 69' lang='lat' dir='ltr'>translationi-polleat</span> <span class='ocrx_word' id='word_1_847' title='bbox 1612 3123 1620 3132; x_wconf 88' lang='lat'>.</span> <span class='ocrx_word' id='word_1_848' title='bbox 1646 3098 1738 3134; x_wconf 81' lang='lat' dir='ltr'>Istud</span> <span class='ocrx_word' id='word_1_849' title='bbox 1751 3100 1858 3145; x_wconf 87' lang='lat' dir='ltr'>ipsum</span> <span class='ocrx_word' id='word_1_850' title='bbox 1877 3100 1988 3136; x_wconf 89' lang='lat' dir='ltr'>scribit</span> <span class='ocrx_word' id='word_1_851' title='bbox 2000 3102 2035 3136; x_wconf 88' lang='lat' dir='ltr'>in</span> <span class='ocrx_word' id='word_1_852' title='bbox 2046 3099 2107 3145; x_wconf 85' lang='lat' dir='ltr'>pri-</span> 
     </span>
     <span class='ocr_line' id='line_1_128' title="bbox 1219 3148 2107 3196; baseline -0.008 -7"><span class='ocrx_word' id='word_1_853' title='bbox 1219 3166 1277 3189; x_wconf 91' lang='lat' dir='ltr'>mo</span> <span class='ocrx_word' id='word_1_854' title='bbox 1291 3154 1332 3189; x_wconf 93' lang='lat' dir='ltr'>de</span> <span class='ocrx_word' id='word_1_855' title='bbox 1343 3149 1558 3188; x_wconf 86' lang='lat' dir='ltr'>Sacramentis</span> <span class='ocrx_word' id='word_1_856' title='bbox 1578 3148 1663 3184; x_wconf 88' lang='lat' dir='ltr'>libro</span> <span class='ocrx_word' id='word_1_857' title='bbox 1674 3150 1779 3196; x_wconf 87' lang='lat' dir='ltr'>Hugo</span> <span class='ocrx_word' id='word_1_858' title='bbox 1792 3150 1999 3192; x_wconf 62' lang='lat' dir='ltr'>Victorinus,</span> <span class='ocrx_word' id='word_1_859' title='bbox 2009 3150 2107 3185; x_wconf 86' lang='lat' dir='ltr'>ornit-</span> 
     </span>
     <span class='ocr_line' id='line_1_129' title="bbox 1217 3197 2106 3245; baseline -0.01 -6"><span class='ocrx_word' id='word_1_860' title='bbox 1217 3214 1290 3239; x_wconf 79' lang='lat' dir='ltr'>tens</span> <span class='ocrx_word' id='word_1_861' title='bbox 1307 3214 1419 3238; x_wconf 88' lang='lat' dir='ltr'>tamen</span> <span class='ocrx_word' id='word_1_862' title='bbox 1433 3197 1650 3237; x_wconf 68' lang='lat' dir='ltr'>Alexandrini</span> <span class='ocrx_word' id='word_1_863' title='bbox 1664 3199 1904 3245; x_wconf 76' lang='lat' dir='ltr'>patriarchatus</span> <span class='ocrx_word' id='word_1_864' title='bbox 1917 3198 2106 3236; x_wconf 83' lang='lat' dir='ltr'>translatio-</span> 
     </span>
    </p>
   </div>
   <div class='ocr_carea' id='block_1_14' title="bbox 1214 3247 2105 3295">
    <p class='ocr_par' dir='ltr' id='par_1_15' title="bbox 1214 3247 2105 3295">
     <span class='ocr_line' id='line_1_130' title="bbox 1214 3247 2105 3295; baseline -0.008 -7"><span class='ocrx_word' id='word_1_865' title='bbox 1214 3254 1347 3290; x_wconf 76' lang='lat' dir='ltr'>nemin</span> <span class='ocrx_word' id='word_1_866' title='bbox 1370 3250 1487 3286; x_wconf 88' lang='lat' dir='ltr'>Sedem</span> <span class='ocrx_word' id='word_1_867' title='bbox 1510 3249 1827 3295; x_wconf 71' lang='lat' dir='ltr'>Carthaginensem,</span> <span class='ocrx_word' id='word_1_868' title='bbox 1856 3251 1901 3285; x_wconf 87' lang='lat' dir='ltr'>Et</span> <span class='ocrx_word' id='word_1_869' title='bbox 1923 3247 2018 3284; x_wconf 67' lang='lat' dir='ltr'>reste.</span> <span class='ocrx_word' id='word_1_870' title='bbox 2045 3247 2105 3282; x_wconf 77' lang='lat' dir='ltr'>Est</span> 
     </span>
    </p>
   </div>
   <div class='ocr_carea' id='block_1_15' title="bbox 1218 3296 2105 3392">
    <p class='ocr_par' dir='ltr' id='par_1_16' title="bbox 1218 3296 2105 3392">
     <span class='ocr_line' id='line_1_131' title="bbox 1218 3296 2105 3349; baseline -0.008 -9"><span class='ocrx_word' id='word_1_871' title='bbox 1218 3304 1308 3340; x_wconf 88' lang='lat' dir='ltr'>enirn</span> <span class='ocrx_word' id='word_1_872' title='bbox 1321 3303 1516 3349; x_wconf 84' lang='lat' dir='ltr'>figmentum</span> <span class='ocrx_word' id='word_1_873' title='bbox 1529 3326 1536 3335; x_wconf 92' lang='lat'><em>.</em></span> <span class='ocrx_word' id='word_1_874' title='bbox 1566 3301 1675 3336; x_wconf 86' lang='lat' dir='ltr'>Etiam</span> <span class='ocrx_word' id='word_1_875' title='bbox 1687 3299 1895 3337; x_wconf 83' lang='lat' dir='ltr'>Antiocheni</span> <span class='ocrx_word' id='word_1_876' title='bbox 1904 3296 2105 3333; x_wconf 83' lang='lat' dir='ltr'>Patriarcha·</span> 
     </span>
     <span class='ocr_line' id='line_1_132' title="bbox 1219 3346 2104 3392; baseline -0.009 -2"><span class='ocrx_word' id='word_1_877' title='bbox 1219 3364 1271 3390; x_wconf 87' lang='lat' dir='ltr'>tus</span> <span class='ocrx_word' id='word_1_878' title='bbox 1282 3351 1450 3388; x_wconf 85' lang='lat' dir='ltr'>translatio</span> <span class='ocrx_word' id='word_1_879' title='bbox 1463 3376 1471 3384; x_wconf 92' lang='lat'><strong>.</strong></span> <span class='ocrx_word' id='word_1_880' title='bbox 1500 3351 1631 3386; x_wconf 90' lang='lat' dir='ltr'>Etenim</span> <span class='ocrx_word' id='word_1_881' title='bbox 1656 3346 2104 3392; x_wconf 79' lang='lat' dir='ltr'>HierosolymaePatriarcha-</span> 
     </span>
    </p>
   </div>
   <div class='ocr_carea' id='block_1_16' title="bbox 1220 3396 2102 3484">
    <p class='ocr_par' dir='ltr' id='par_1_17' title="bbox 1220 3396 2102 3484">
     <span class='ocr_line' id='line_1_133' title="bbox 1220 3396 2102 3447; baseline -0.006 -8"><span class='ocrx_word' id='word_1_882' title='bbox 1220 3414 1273 3442; x_wconf 86' lang='lat' dir='ltr'>tus</span> <span class='ocrx_word' id='word_1_883' title='bbox 1283 3427 1297 3446; x_wconf 84' lang='lat'>‚</span> <span class='ocrx_word' id='word_1_884' title='bbox 1323 3415 1392 3439; x_wconf 85' lang='lat' dir='ltr'>non</span> <span class='ocrx_word' id='word_1_885' title='bbox 1403 3413 1459 3447; x_wconf 89' lang='lat' dir='ltr'>per</span> <span class='ocrx_word' id='word_1_886' title='bbox 1470 3401 1721 3438; x_wconf 79' lang='lat' dir='ltr'>translationem</span> <span class='ocrx_word' id='word_1_887' title='bbox 1730 3399 1855 3437; x_wconf 83' lang='lat' dir='ltr'>emersit</span> <span class='ocrx_word' id='word_1_888' title='bbox 1866 3422 1878 3442; x_wconf 87' lang='lat'>,</span> <span class='ocrx_word' id='word_1_889' title='bbox 1903 3398 1956 3433; x_wconf 88' lang='lat' dir='ltr'>sed</span> <span class='ocrx_word' id='word_1_890' title='bbox 1979 3409 2034 3442; x_wconf 91' lang='lat' dir='ltr'>per</span> <span class='ocrx_word' id='word_1_891' title='bbox 2045 3396 2102 3434; x_wconf 81' lang='lat' dir='ltr'>dis-</span> 
     </span>
     <span class='ocr_line' id='line_1_134' title="bbox 1947 3458 2055 3484; baseline -0.009 0"><span class='ocrx_word' id='word_1_892' title='bbox 1947 3458 2055 3484; x_wconf 84' lang='lat' dir='ltr'>mem·-</span> 
     </span>
    </p>
   </div>
  </div>
 </body>
</html>
