2326 3718
34 2077 124 2118 Epist·
144 2088 174 2113 4·

651 102 936 160 RoM'ANrs
972 111 1316 156 APPELLArr
1340 121 1578 157 ONIBus.

1865 131 1957 174 231

204 200 250 235 Et
260 198 300 235 ad
313 200 538 244 Imperatorem
551 196 781 234 Theodosium
795 196 913 240 scripfit
931 193 1083 230 Romana
1148 194 1272 236 ,Quippe
1282 203 1346 225 cum
1353 201 1469 235 praeter
1482 200 1618 230 Romana
1628 199 1910 244 multaes'upereffent
1932 206 2030 237 Eccle-

207 251 316 286 Sanffl
342 249 472 283 Damasi
495 249 668 292 Synodus:
694 247 818 282 sanare*
829 251 973 280 memoriae
990 244 1085 278 vAtha-

209 300 321 343 nafias,
345 299 380 332 6·
391 300 503 332 dudum
515 302 624 333 Petrus
639 294 848 333 Aleiandrinae
861 301 889 329 E
893 295 993 337 cclefiae
1010 298 1086 337 Epi-

203 349 282 394 ftopi
292 370 304 390 ,
329 350 362 382 (τ
374 351 582 383 Orientalium
590 351 725 392 plerique
737 372 747 387 ,
775 350 818 381 ad
829 351 972 380 Romanae
989 347 1087 378 Eccle-

201 398 274 442 fiae,
293 400 422 440 Italiae,
448 401 483 434 (a
505 405 596 434 totius
616 399 783 433 Occidentis
800 396 1088 440 confugeruntjudi-

207 454 285 482 cium
296 474 304 480 .
331 448 374 483 Et
387 459 496 484 tamen
509 459 632 483 certum
643 447 688 482 est
699 448 784 492 ipsos
795 448 835 481 ad
849 447 952 481 solum
967 445 1090 478 Roma-

206 510 287 532 num
298 500 482 542 provocasse
493 499 688 534 Pontificem
702 523 713 538 ‚
738 495 772 532 ἆ
782 498 823 532 ab
832 498 900 541 ipso
910 495 982 530 solo
996 494 1089 528 fuisse

208 550 338 583 auditos
348 561 386 584 ac
396 559 555 593 reparatos
566 573 573 580 .
600 548 694 582 Hinc
705 549 793 582 enim
805 542 1091 590 Philippo-polita-

210 611 270 633 nus
292 599 481 634 Eusebianae
493 599 656 633 Fastionis
668 598 859 632 Conventus
870 597 914 631 ob
934 604 1090 639 patratam

210 650 315 685 Sancti
338 648 503 684 Athanasii
526 650 560 682 &
574 649 713 683 aliorum
728 647 958 691 appellantium
970 655 1094 687 repara-

210 702 338 735 tionem
349 711 416 733 non
430 699 563 733 cunetos
574 699 767 733 Occidentis
778 708 832 731 aut
849 695 950 730 Italiae
964 694 1094 737 Episco-

210 762 295 794 pos,
321 749 373 784 sed
395 750 501 782 solum
523 749 714 793 degradavit
741 747 863 790 Julium
874 744 1092 779 Pontificem.

209 799 374 843 ‚Adjunxit
386 800 526 833 Hofium
536 797 785 833 Cordubensem
799 821 809 837 ,
823 797 856 831 &
868 794 1094 829 Maximinum

210 849 442 884 Trevirensem
457 873 468 889 ,
494 849 583 892 quod
607 849 729 892 Iulium
747 847 788 881 ad
809 847 904 880 istam
921 843 1095 888 reparatio-

209 911 287 934 nem
311 900 532 944 instigafl'ent.
562 898 707 942 Epistola
729 897 774 931 est
796 897 912 940 scripta
936 895 955 928 a
978 895 1096 928 Sancto

211 949 386 983 Ambrosio
399 975 406 981 .
435 949 491 982 Est
503 959 614 992 quarta
628 948 698 991 post
710 946 922 989 appendicem
939 942 1095 977 Theodo-

212 1001 293 1034 finni
317 999 451 1033 Codicis
472 1022 478 1029 .
506 996 651 1031 Eandem
676 996 810 1039 phrasim
832 994 928 1028 usitat
953 992 1098 1037 Magnus

212 1050 347 1084 Bafilius
360 1072 367 1079 .
397 1047 486 1093 Qia
498 1057 611 1088 nempe
622 1056 738 1079 omnes
749 1044 861 1078 Latini
875 1068 887 1084 ‚
914 1043 1018 1077 immo
1029 1053 1096 1075 om-

211 1108 271 1133 nes
292 1095 484 1130 orthodoxi
511 1095 570 1128 sub
593 1096 677 1128 coelo
690 1094 841 1138 Episcopi
854 1104 928 1127 cum
943 1093 1098 1126 Romano

209 1146 376 1183 Pontifice
399 1146 522 1187 semper
542 1146 671 1178 fuerunt
696 1143 783 1188 quasi
806 1144 903 1177 unica
934 1142 1075 1176 Ecclesia
1088 1165 1098 1181 ,

210 1196 377 1238 unicaque
396 1195 542 1228 familia:
574 1196 703 1236 Populus
726 1194 799 1229 labii
817 1200 923 1234 unius,
952 1190 1098 1235 acfirmo·

210 1257 284 1279 num
295 1246 466 1278 eorundem.
495 1244 596 1278 Italia:
611 1245 762 1287 Episcopi
773 1245 903 1287 insuper
913 1253 1005 1276 erant
1031 1252 1099 1285 pro·

210 1296 280 1340 pria
293 1294 439 1328 Romani
454 1294 625 1328 pontificis
636 1295 810 1337 Synodus,
837 1295 870 1327 &
888 1294 921 1326 in
938 1293 1100 1327 RetraCta-

211 1346 304 1379 roriis
317 1345 573 1388 appellationum
588 1345 722 1387 Judiciis
734 1345 908 1378 Afleffores
916 1353 1013 1387 atque
1025 1352 1100 1375 con-

211 1395 335 1438 judices
357 1417 364 1426 .
393 1394 542 1430 Secunda
577 1393 826 1438 Augustinianae
848 1392 991 1437 phrafios
1017 1391 1101 1425 ratio

212 1445 258 1480 est
271 1469 282 1485 ,
308 1444 397 1486 quod
412 1444 599 1478 Cecilianus
610 1445 687 1478 esset
700 1453 827 1487 paratus
838 1455 906 1478 non
921 1441 1026 1477 solum
1050 1453 1102 1475 co-

214 1505 284 1529 ram
300 1494 451 1528 Romana
462 1493 627 1528 Cathedra
638 1519 649 1535 ,
664 1495 715 1528 sed
727 1495 826 1528 etiam
838 1504 950 1527 coram
963 1491 1102 1535 plenaria

216 1545 320 1579 totius
333 1545 479 1578 Ecclesiae
489 1544 628 1588 Synodo
637 1570 648 1586 ‚
672 1544 776 1578 immo
788 1555 898 1578 coram
909 1543 1034 1576 cunilis
1045 1540 1103 1575 sub

214 1596 304 1629 coelo
317 1595 468 1629 Ecclefiis
478 1596 568 1628 suam
579 1595 706 1629 causam
727 1593 808 1629 tueri
821 1619 827 1626 .

268 1645 472 1686 Anonymus
494 1643 609 1678 evertit
631 1645 853 1687 semetipsum.
882 1642 1016 1677 Etenim
1034 1653 1106 1685 pro·

213 1695 329 1728 fitetur
340 1693 498 1732 Afrorum
521 1694 692 1737 Episcopis
704 1692 827 1737 aliquid
842 1693 965 1726 licuisse
977 1716 989 1732 ,
1014 1691 1104 1735 quod

211 1743 358 1778 vClericis
370 1755 438 1778 non
461 1742 579 1777 licebat
596 1756 603 1775 :
630 1744 760 1787 Nempe
781 1743 941 1787 appellare
951 1742 992 1776 ad
1002 1743 1106 1785 Syno-

217 1793 299 1827 dum
321 1794 424 1827 totius
447 1793 616 1828 Ecclesiae.
643 1793 741 1828 Certe
754 1793 822 1828 haec
833 1792 1009 1837 appellatio
1029 1793 1107 1825 sem-

219 1853 276 1887 per
294 1842 388 1877 licuit
410 1844 548 1877 aliarum
568 1843 719 1888 gentium
733 1844 871 1878 Clericis
884 1868 891 1875 .
919 1842 1055 1877 Etenim
1066 1841 1106 1875 ad

218 1893 451 1937 Imperatorem
458 1892 689 1928 Theodosium
701 1894 820 1937 scripsit
831 1904 907 1928 cum
917 1892 1019 1927 Italiae
1032 1892 1107 1934 E'pi-

217 1943 329 1986 scopis
348 1944 481 1977 Sanctus
493 1943 683 1978 Ambrosius
696 1958 706 1977 .·
733 1948 814 1977 Unus
841 1942 1107 1983 Constantinopoli-

217 2001 305 2027 tana
324 1992 456 2035 Ecclesiae
488 1994 642 2033 Presbyter
661 2018 673 2035 ,
689 1994 818 2028 'Paulus
852 1998 968 2026 nomine
991 2016 1002 2032 ,
1026 1997 1108 2024 intra

222 2042 368 2083 achajam
389 2044 532 2082 synodum
558 2045 757 2077 Orientalium
763 2046 860 2085 juxta
871 2053 958 2086 atque
968 2043 1107 2076 occiden-

221 2094 330 2127 talium
335 2091 498 2133 postulavit
507 2116 516 2124 .
542 2092 688 2134 Epistola
698 2093 802 2126 exstat
813 2092 883 2135 post
895 2091 1109 2135 apPendicem

221 2141 455 2176 Theodofiani
476 2141 614 2176 Codicis
635 2166 643 2173 .
670 2141 715 2174 Et
742 2139 893 2175 adversus
927 2139 1111 2174 Chaeremo-

222 2204 320 2231 nem,
349 2191 543 2231 Vistorem,
568 2192 601 2225 δε
622 2190 827 2235 Sophronam
843 2215 854 2232 ,
880 2191 942 2224 suae
968 2190 1110 2224 civitatis

220 2240 423 2283 sterquilinia
434 2264 445 2280 ,
471 2239 580 2274 scribit
590 2241 630 2275 ad
641 2242 715 2275 suos
723 2240 1015 2284 Constantinopoli
1038 2240 1110 2273 Cle·

220 2292 308 2327 ticos
319 2290 454 2324 Sanetus
476 2290 622 2333 Cyrillus
646 2289 831 2324 Patriarcha
843 2288 1088 2323 Alexandrinus
1106 2301 1112 2319 :

221 2346 392 2382 Nunquam
396 2341 635 2383 formidavimus
655 2345 923 2385 peregrinationem
940 2337 1086 2382 suscipere
1100 2362 1110 2379 ,

217 2391 278 2435 sed
293 2402 344 2424 nec
354 2393 470 2424 illorum
492 2389 722 2434 accusationibus
740 2388 916 2434 respondere
930 2413 939 2429 ,
961 2388 991 2431 fi
997 2397 1110 2431 tempus

220 2441 273 2474 hoc
291 2446 412 2485 exigat.
440 2440 534 2481 Potest
556 2446 634 2474 enim
655 2447 795 2483 evenire,
823 2451 856 2475 ut
883 2438 1063 2480 etiamforei
1076 2440 1110 2473 ob

221 2493 378 2532 viliffimas
391 2489 516 2534 causas,
544 2493 588 2524 ad
592 2493 788 2536 purgandam
810 2491 965 2533 Ecclefiam
979 2515 989 2530 ,
1008 2489 1110 2531 juberi

218 2543 382 2575 Concilium
401 2547 573 2575 convocari.
602 2543 645 2575 Et
667 2553 780 2576 nonne
798 2541 965 2585 Eutyches
976 2539 1110 2584 Presby-

166 2606 168 2611 ’
221 2601 270 2625 ter
281 2592 298 2624 ὲ
309 2592 429 2636 Magni
440 2592 563 2637 Leonis
573 2592 703 2635 Judicio
717 2592 907 2636 provocavit
919 2590 959 2624 ad
981 2602 1111 2636 genera-

222 2642 287 2676 lem
308 2642 478 2684 Synodum
493 2642 509 2673 ἓ
534 2642 596 2676 Ista
617 2642 794 2687 appellatio
816 2642 962 2686 Maiores
983 2641 1110 2675 nostros

221 2692 382 2735 compulit
403 2691 443 2726 ad
466 2692 637 2726 secundam
664 2692 879 2736 Ephelinam,
908 2691 992 2726 &ad
1008 2693 1110 2735 Syno—

221 2743 301 2777 dum
315 2740 616 2776 Chalcedonensem
628 2767 635 2774 .
661 2743 718 2777 Ad
732 2742 1038 2777 Chalcedonensem
1054 2743 1110 2783 sy-

223 2792 350 2826 nodum
373 2793 575 2836 appellarunt
594 2793 694 2827 etiam
715 2793 771 2826 alii
797 2792 921 2827 Clerici
943 2793 976 2826 ὅ(
993 2792 1109 2832 Laici‚

224 2842 281 2884 qui
294 2843 324 2876 se
337 2843 500 2886 oppressos
511 2842 717 2886 affirmabant
730 2844 747 2877 a
761 2843 818 2877 suo
832 2841 1016 2877 Patriarcha
1029 2843 1110 2876 Dio-

225 2893 338 2924 scoro:
366 2894 409 2926 Et
432 2894 563 2927 fuerunt
585 2891 710 2927 auditi.
738 2892 806 2926 Cur
834 2893 932 2937 igitur
953 2893 1016 2926 isto
1036 2893 1110 2935 Jure

227 2950 397 2974 caruerunt
413 2943 570 2977 Afrorum
597 2943 742 2977 Clerici?
769 2943 1110 2987 Oblingularegentis

227 2990 391 3023 statutum
416 3015 426 3030 ,
462 2993 553 3034 quod
585 2994 719 3027 Sanetus
754 2993 938 3036 Cyprianus
973 2993 1110 3027 affirmat

227 3050 355 3080 aequurn
379 3040 412 3073 ὅ(
435 3039 573 3082 justum.
599 3043 647 3077 At
659 3043 843 3086 Cyprianus
854 3055 921 3076 non
946 3043 986 3076 de
1009 3043 1110 3076 Cleri-

228 3100 340 3122 corum
357 3088 396 3122 ad
406 3092 590 3133 generalem
611 3092 783 3135 Synodum
796 3118 807 3133 ,
833 3093 886 3127 sed
905 3093 945 3126 de
967 3093 1110 3136 ipsorum

229 3139 270 3173 ad
297 3139 484 3172 Romanam
509 3142 683 3176 Ecclesiam
703 3143 924 3187 appellatione
945 3143 1110 3186 loquitur.

230 3188 423 3232 Agnoscam
446 3189 509 3222 hoc
533 3192 609 3224 novi
633 3192 849 3237 Dogmatistae
871 3219 881 3234 ‚
905 3194 937 3226 &
965 3193 1112 3227 desinant

231 3250 298 3323 {zm
304 3250 359 3281 pus
372 3238 501 3281 perdere
512 3238 552 3272 ad
564 3241 678 3275 lucidae
689 3243 814 3277 veritati
825 3244 1010 3288 quaerendas
1027 3253 1111 3278 tene-

271 3300 321 3322 as.

282 3339 375 3384 Qid
398 3338 454 3372 fibi
480 3339 597 3372 volunt
619 3338 685 3374 haec
707 3342 882 3386 Anonymi
911 3344 1030 3379 verba:
1057 3344 1115 3377 sea'

232 3386 284 3422 lm·
304 3389 384 3422 nihil
403 3387 561 3431 speciatim
577 3396 686 3423 attinet
698 3393 742 3423 ad
753 3396 916 3428 Romanum
930 3393 1111 3434 Ponlifhem.

333 3439 439 3480 christ.
456 3443 536 3483 Lupi
549 3445 644 3483 Opera
657 3444 687 3473 T.
700 3444 727 3473 V
727 3445 781 3476 111.

1141 241 1192 284 fiae
1207 242 1391 285 Apostolicae,
1417 244 1461 276 ad
1480 256 1554 285 quas
1565 246 1614 279 hoc
1620 252 1650 291 J
1653 252 1777 283 udicium
1790 253 2008 294 potuit·referri
2020 276 2031 290 ‚

1148 304 1246 326 omnes
1272 293 1361 326 Orbis
1375 293 1516 336 Episcopi
1541 305 1626 327 erant
1638 301 1761 341 Collegae
1783 304 1942 335 ceciliani.
1970 301 2033 336 Af-

1149 343 1278 378 firmant
1301 354 1416 377 omnes
1428 344 1584 378 Ecclesias
1603 356 1699 387 atque
1714 349 1889 393 Episcopus
1899 353 1962 386 esse
1981 364 2034 397 pa·

1149 405 1197 428 res
1208 417 1220 433 ,
1245 394 1279 427 &
1291 394 1445 428 Romano
1457 393 1541 427 nihil
1554 395 1616 428 effe
1629 395 1786 439 singulare
1799 424 1809 438 ,
1821 401 1878 433 nisi
1892 403 2033 444 primum

1150 444 1269 477 locum.
1298 444 1329 477 Si
1342 443 1461 487 quippe
1473 444 1532 477 issa
1543 445 1709 488 speciatim
1721 457 1789 479 non
1803 450 1980 489 pertineant
1991 451 2036 485 ad

1150 494 1344 528 Romanum
1354 495 1687 538 Episcopum‚necefle
1698 495 1743 529 est
1754 496 1835 530 alios
1844 499 1904 532 esse
1915 501 1969 543 ipsi
1984 512 2036 544 pa·

1150 555 1215 577 res.
1244 543 1348 578 Porro
1361 545 1434 587 quis
1445 555 1588 588 unquam
1598 543 1699 586 Afer,
1725 545 1798 589 quis
1809 547 1923 581 Gallus
1937 573 1947 587 ,
1959 551 2034 592 quis

1152 594 1319 636 Hispanus
1337 595 1525 637 provocavit
1537 596 1577 628 ad
1601 593 1923 630 Thessalonicensem
1935 622 1944 636 ‚
1972 600 2038 633 Co·

1152 643 1374 685 rinthiorum,
1403 643 1667 687 Philippensem,
1696 655 1753 680 aut
1776 646 1875 681 aliam
1896 647 2039 690 Aposto-

1152 693 1252 727 licam
1275 695 1473 728 Ecclesiam?
1500 694 1549 729 At
1570 694 1646 729 vero
1657 696 1789 739 plurimi
1802 707 1842 730 ex
1853 698 1947 731 omni
1959 709 2039 741 gen-

1155 753 1186 777 te
1207 744 1390 785 frequenter
1413 754 1630 787 provocarunt
1653 746 1694 779 ad
1718 747 1893 781 Ecclesiam
1916 747 2039 782 Roma-

1156 803 1230 826 nam
1254 818 1260 825 .
1290 794 1333 827 Et
1354 805 1430 829 cum
1463 795 1567 829 fructu
1592 820 1603 836 ,
1630 795 1767 838 probato
1789 798 1872 839 apud
1903 807 2040 831 omnem

1156 842 1455 879 Christianitatem.
1484 845 1594 879 Prima
1616 845 1706 879 istius
1726 847 1846 881 fruetus
1868 849 2044 891 impugna-

1157 894 1220 926 trix
1231 894 1293 928 fuit
1306 895 1487 930 Eusebiana
1507 895 1617 930 Faeiio
1629 918 1638 928 t
1665 895 1753 930 Scire
1774 898 1914 940 optarim
1927 922 1936 937 ‚
1963 908 2041 940 quas

1158 954 1262 986 partes
1273 946 1421 988 sequatur
1431 945 1486 980 hic
1497 944 1716 988 Anonymus.
1744 943 1897 981 Erroretn
1925 948 2043 981 confir-

1160 1003 1250 1027 mant
1261 994 1329 1037 ejus
1341 996 1508 1038 sequentia
1518 996 1630 1030 verba:
1651 1000 1691 1030 At
1701 1000 1773 1031 vero
1782 997 1875 1038 instat
1887 999 2043 1030 Davidius

1157 1044 1243 1075 enixe
1255 1068 1265 1082 ,
1291 1044 1500 1088 &responsum
1524 1047 1641 1088 assumit
1650 1058 1688 1080 ex
1698 1059 1729 1081 eo
1741 1071 1752 1087 ‚
1779 1049 1861 1090 quod
1869 1046 2045 1091 Augustinus

1158 1097 1202 1125 ait
1224 1092 1300 1125 nihil
1314 1094 1400 1137 fuisse
1420 1097 1565 1129 ceciliano
1582 1096 1873 1139 pertimescendum,
1898 1098 2044 1140 quamdiu

1159 1149 1366 1176 communionis
1387 1144 1496 1178 litteris
1521 1156 1586 1178 cum
1608 1146 1733 1187 Ecclesia
1762 1151 1898 1181 Romana
1919 1149 2048 1189 conjum¹

1154 1201 1275 1236 geretur
1289 1218 1299 1234 ,
1322 1200 1355 1226 in
1378 1205 1436 1236 qua
1451 1192 1568 1237 semper
1580 1196 1666 1227 Sedis
1679 1195 1841 1236 Apostolicae
1852 1200 2047 1238 Principatus

1161 1248 1268 1286 viguit.
1297 1242 1369 1284 Nifi
1372 1244 1464 1285 plura
1472 1246 1581 1278 diceret
1591 1244 1817 1288 Augustinus-,Q
1828 1246 1900 1277 aliis
1913 1246 2048 1285 Ecclefiis

1157 1293 1359 1334 praetermiffie
1375 1294 1410 1326 de
1416 1292 1482 1335 sola
1492 1300 1688 1327 communione
1696 1305 1761 1327 cum
1773 1293 1902 1336 Ecclefia
1913 1298 2053 1327 Romana

1162 1348 1336 1375 mentionem
1342 1342 1458 1383 faceret
1469 1368 1478 1382 ,
1493 1354 1539 1376 me
1548 1344 1662 1377 vicium
1665 1343 1783 1385 faterer
1792 1344 1972 1384 libeniiffime‘
1985 1369 1996 1385 ,
2006 1350 2056 1377 ni-

1163 1392 1262 1434 hiique
1274 1394 1408 1426 Davidio
1419 1391 1620 1436 responderem
1641 1419 1647 1426 .
1675 1394 1859 1436 Sedprorsur
1870 1401 2059 1434 contrarium⁴

1165 1443 1257 1475 dicit.
1285 1447 1395 1476 Omnes
1417 1443 1559 1485 Ecclefi'as
1573 1468 1584 1484 ,
1610 1442 1778 1486 quibuscum
1789 1445 1959 1478 cecilianus
1978 1456 2057 1478 com—

1164 1498 1393 1533 municaverat,
1418 1497 1563 1527 Romanae
1586 1503 1748 1537 exaequat,
1773 1494 1915 1535 adjunlio
1933 1496 2059 1528 tantiam-

1165 1541 1334 1585 discrimtne
1345 1546 1539 1585 Principatus
1564 1543 1726 1585 Apostolicae
1739 1546 1826 1578 Sedis
1839 1565 1861 1586 ‚-
1877 1550 1930 1587 qui
1933 1543 2057 1587 semper·

1165 1596 1267 1626 Romae
1277 1594 1394 1636 viguit,
1408 1595 1501 1635 *unde
1511 1598 1656 1627 Romanae
1668 1593 1799 1635 Ecclefiae
1814 1596 1911 1638 gloria
1928 1593 2058 1638 fingulat-

1166 1649 1211 1676 ris
1235 1641 1366 1686 exsurgit
1380 1668 1387 1675 .
1415 1643 1530 1677 Palam
1549 1644 1646 1678 docet
1671 1655 1787 1678 omnes
1811 1643 1970 1678 Ecclefias
1991 1645 2059 1678 effe

1168 1703 1257 1736 pares
1270 1692 1428 1726 Romanae
1439 1717 1449 1732 ,
1474 1694 1508 1727 ὅ(
1531 1691 1625 1736 hujus
1636 1692 1859 1737 principatum
1876 1695 1938 1727 esse
1950 1693 2059 1729 hono-

1168 1753 1237 1776 rem
1252 1742 1352 1775 solius
1364 1742 1428 1775 loci
1443 1767 1450 1774 .
1479 1743 1534 1775 Est
1547 1753 1635 1776 error
1647 1743 1753 1777 Marci
1765 1743 1911 1777 Antonii
1922 1744 1966 1778 de,
1985 1745 2059 1778 Do-

1169 1792 1268 1826 minis
1279 1816 1286 1823 .
1312 1791 1490 1826 Teodorus
1502 1793 1678 1827 Balsamon
1691 1794 1829 1827 affirmat
1846 1793 1987 1828 eundem
1999 1804 2061 1828 tra-

1169 1842 1202 1876 di
1214 1843 1232 1877 a
1244 1841 1434 1885 quibusdam
1446 1843 1661 1877 Sedatoribus
1674 1843 1831 1877 Photiani
1858 1843 2035 1878 schismatis
2046 1858 2056 1877 :

1172 1892 1216 1925 Et
1238 1892 1342 1934 ipsum
1368 1891 1503 1927 damnat
1527 1903 1564 1927 ut
1576 1895 1703 1927 fontem
1718 1893 1819 1936 plena:
1837 1895 2037 1928 confusionis
2050 1919 2062 1928 .

1171 1941 1267 1976 Certe
1279 1941 1423 1985 quisquis
1434 1942 1512 1976 talia
1525 1944 1676 1984 senserit,
1703 1943 1809 1977 bonum
1820 1953 1887 1978 erat
1897 1950 1924 1977 ei
1928 1943 1957 1985 fi
1966 1953 2058 1978 natur

1172 2004 1230 2025 non
1232 1991 1337 2035 fuisset
1350 1992 1432 2026 homo
1444 1993 1492 2026 ille
1504 2018 1511 2025 .

1215 2040 1425 2084 'Anonymus
1446 2052 1537 2087 urget
1560 2043 1601 2078 ad
1616 2043 1807 2079 Romanam
1830 2045 2007 2080 Ecclesiam
2017 2045 2060 2079 ab

1173 2089 1364 2135 Augustino
1385 2092 1522 2136 adjungi
1543 2103 1668 2127 caeteras
1689 2094 1835 2129 fidelium
1860 2099 1958 2129 ter-'ras
1973 2120 1983 2135 ,
2008 2107 2060 2130 ea-

1174 2150 1310 2181 rumque
1323 2141 1448 2174 laudari
1461 2144 1774 2177 communicatorias
1794 2145 1834 2178 ad
1846 2145 2059 2180 Cecilianum

1172 2191 1316 2230 litteras,
1342 2191 1375 2224 ὃς
1397 2190 1493 2224 addi:
1520 2192 1575 2224 Ubi
1592 2200 1723 2234 paratus
1745 2195 1809 2236 esset
1831 2194 1952 2237 causam
1967 2194 2057 2238 suam

1173 2241 1283 2273 dicere.
1313 2240 1627 2276 Etcommentatur:
1657 2244 1830 2287 Augustinus
1835 2244 1982 2288 fignificat
2004 2250 2060 2279 Ce-

1172 2292 1312 2322 cil1anum
1322 2301 1380 2323 non
1389 2297 1488 2324 minus
1511 2294 1654 2325 auxilium
1673 2293 1727 2333 fibi
1741 2296 1915 2337 compataff‘e
1927 2307 1965 2328 ex
1985 2298 2056 2328 aliis

1174 2343 1204 2371 E
1207 2340 1307 2380 eclesiis
1322 2363 1333 2379 ,
1360 2340 1531 2384 quibuscum
1541 2343 1769 2376 communicabat
1779 2369 1790 2384 ,
1815 2357 1907 2387 quam
1919 2347 1938 2377 ἃ
1948 2342 2058 2378 Ro'ma·

1175 2402 1214 2422 na
1232 2415 1239 2422 .
1273 2391 1473 2433 Respondeo
1495 2390 1562 2425 haec
1588 2395 1651 2426 esse
1674 2394 1816 2436 ejusdem
1849 2395 1995 2436 foetoris,
2023 2396 2058 2429 &t

1173 2441 1300 2474 abunde
1322 2442 1459 2475 refutata
1474 2465 1481 2473 .
1510 2441 1642 2475 Etenim
1667 2444 1687 2474 si
1714 2445 1919 2487 Augustinus
1936 2446 2058 2479 Roma-

1175 2504 1222 2525 nae
1237 2491 1385 2525 Ecclefiae
1398 2492 1567 2526 dumtaxat
1580 2503 1635 2534 par
1661 2493 1694 2525 &
1705 2504 1882 2526 commune
1894 2505 1969 2528 cum
1983 2495 2057 2528 aliis

1174 2541 1326 2575 adscribit
1356 2543 1540 2584 impensum
1563 2541 1736 2575 Ceciliano
1775 2544 1934 2577 auxilium
1960 2568 1971 2583 ,
1998 2556 2057 2579 cut

1174 2590 1281 2625 scribit
1295 2593 1397 2634 ipsum
1410 2592 1427 2624 ἐι
1442 2593 1507 2625 sola
1522 2592 1672 2626 Romana
1685 2592 1766 2627 Sede
1778 2594 1869 2628 fuiffe
1882 2605 2057 2638 purgatum

1172 2654 1209 2675 ac
1222 2643 1422 2685 reparatum?
1449 2642 1546 2675 Certe
1559 2643 1714 2676 Romano
1727 2642 1776 2676 isti
1789 2643 1914 2687 judicio
1929 2657 1996 2678 non
2010 2646 2057 2678 so·

1172 2693 1222 2725 lus
1237 2692 1393 2726 Pontifex
1407 2690 1508 2725 adfuit
1522 2717 1532 2732 ‚
1562 2693 1613 2726 sed
1628 2694 1756 2736 insuper
1767 2694 1959 2729 Arelatensis
1981 2694 2056 2738 Epi-

1179 2744 1315 2786 scopus,
1343 2742 1551 2776 Coloniensis
1564 2765 1574 2780 ,
1601 2744 1633 2776 ὃς
1661 2743 1983 2789 Augustodunenlis:
2013 2746 2057 2779 Et

1173 2804 1281 2826 tamen
1298 2804 1358 2826 nec
1372 2792 1460 2831 haec,
1486 2793 1610 2826 autista
1622 2792 1737 2834 Sedes,
1765 2794 1814 2828 sed
1840 2794 1905 2829 sola
1927 2794 2057 2829 Roma⁴

1172 2855 1212 2875 na
1225 2842 1348 2876 dicitur*
1362 2842 1568 2877 Caecilianum
1581 2846 1729 2886 reparasse
1741 2868 1748 2876 .
1777 2844 1859 2878 Item
1874 2845 1987 2878 Petrus
2016 2844 2056 2877 de

1171 2893 1286 2926 Marca
1310 2894 1477 2936 profitetur
1501 2894 1726 2936 reparatoriam
1750 2894 1942 2928 sententiam
1964 2895 2056 2928 fuisse

1172 2954 1364 2985 conceptam
1377 2943 1410 2976 in
1425 2953 1544 2976 nomen
1560 2944 1658 2977 solius
1669 2943 1887 2977 Melchladis.
1918 2944 1968 2989 Et*
1981 2945 2056 2978 licet

1175 2993 1232 3026 ista
1250 2992 1402 3035 Synodus
1415 3005 1482 3027 non
1496 2995 1610 3027 Romae
1621 3018 1631 3033 ‚
1658 2993 1709 3027 sed
1724 2993 1876 3028 Coloniae
1888 3018 1897 3033 ,
1923 2992 2056 3028 autAu-

1175 3043 1353 3087 gustoduni
1375 3043 1462 3076 fieret
1491 3066 1501 3081 ‚
1525 3042 1729 3077 Melchiades
1760 3042 1917 3077 habuisset
1942 3043 2055 3078 eadem

1176 3093 1284 3138 elogia
1309 3117 1315 3124 .
1355 3092 1398 3126 Et
1425 3093 1609 3126 Donatislae
1647 3093 1814 3135 nunquam
1840 3093 2055 3134 Maternum,

1176 3143 1391 3182 Rheticium,
1418 3154 1474 3176 aut
1500 3142 1687 3182 Marinum,
1717 3144 1769 3177 sed
1791 3144 1895 3177 solum
1924 3155 1964 3177 ex
1991 3144 2055 3178 suis

1178 3192 1343 3237 Judicibus
1352 3191 1571 3226 Melchiadem
1583 3194 1771 3227 accusarunt
1779 3193 2056 3227 Thurificationis

1178 3245 1211 3278 ὅ(
1222 3244 1361 3286 Lapsus.
1390 3242 1472 3288 Qiae
1483 3243 1564 3275 ratio
1578 3243 1594 3274 ?
1621 3242 1795 3277 Notislima
1806 3244 1850 3277 est
1866 3244 1964 3278 etiam
1985 3243 2056 3276 infi-

1175 3305 1232 3328 mo
1244 3291 1449 3328 Christiano.
1478 3292 1606 3336 Nempe
1616 3293 1781 3328 diversitas
1800 3293 1939 3334 auxilii,
1965 3292 2054 3337 quod

1176 3342 1380 3378 Melchiades
1405 3341 1575 3376 Ceciliano
1587 3343 1789 3386 impenderat
1798 3369 1806 3376 .

1226 3394 1427 3437 Anonymus
1450 3392 1652 3437 prosequitur
1672 3406 1679 3426 :
1719 3395 1850 3436 Denique
1868 3392 1896 3435 fi
1914 3391 2054 3430 Pontifex

1647 3442 1681 3478 V
1732 3455 1754 3480 2
1960 3443 2023 3484 ¹³⁰1
