2326 3718
684 162 959 206 Ronanus
980 157 1566 203 ‘Arverni-smmum.

1897 177 1965 214 99

230 254 277 289 ria
287 255 360 288 sunt
381 247 417 284 δέ
436 249 534 284 haect‘
549 250 665 284 Placuit
686 257 718 283 ut
727 246 899 291 accusatus,
924 248 1095 287 veljudica-
1148 247 1180 289 J
1182 242 1311 278 udicibus
1333 248 1406 278 novi
1424 244 1628 286 adjungantur
1644 270 1651 278 .
1677 249 1733 281 sed
1750 247 1815 282 huic
1832 246 2025 291 persuafioni‚

230 312 281 338 tus
296 303 319 333 ἃ
337 301 638 341 Comprovincialibus
661 305 692 332 in
702 299 803 341 aliqua
813 296 900 340 causa
912 295 1068 340 Epifi‘opus
1082 320 1093 336 ,

228 355 348 387 licenter
368 351 495 392 appellet
521 352 554 384 (5
574 352 662 384 adeat
671 353 812 383 Romanae
824 346 954 388 Ecclefiae
973 346 1097 388 Pontifi-

1157 306 1247 337 quam
1268 294 1354 335 dixi,
1378 293 1544 336 occasionem
1566 295 1649 326 dedit
1668 297 1731 338 ipsa
1741 297 1919 340 Sardicenfis
1943 300 2028 338 syno-

1157 346 1238 384 dus,
1263 356 1330 386 quae
1351 343 1470 377 vocibus
1495 343 1691 387 Appellandi
1718 346 1966 382 &provocandi
1977 354 2031 380 im·

225 412 288 435 tvm
298 425 309 442 ,
336 406 386 443 qui
395 410 448 434 aut
456 398 548 443 perse
560 425 571 441 ,
596 409 646 433 aut
654 407 710 442 per
718 397 785 441 suos
797 402 926 431 Vicarios
937 396 1097 430 retrae‘lari
1154 395 1272 437 proprie
1283 400 1378 427 utitur
1391 418 1402 433 ‚
1427 395 1506 436 quod
1515 393 1683 427 retradlatio
1693 399 1787 427 vicem
1808 395 1911 437 subeat
1930 398 2033 439 appel·

227 452 295 493 ejus
307 456 447 494 negotium
454 458 589 492 procuret
604 459 613 482 .·
640 452 684 481 Et
698 450 768 481 dum
779 454 882 481 iterato
886 451 919 493 J
921 447 1013 480 udicio
1023 448 1098 478 Pon·
1156 446 1277 478 lationis
1293 468 1301 476 .
1326 444 1410 477 Unde
1426 444 1545 485 fac‘lum
1566 443 1604 485 est
1614 468 1626 484 ‚
1651 452 1686 477 ut
1708 442 1831 486 sequens
1850 455 1927 478 aetas
1939 446 2033 487 existi-

227 500 308 541 tifex
319 499 529 543 causamsuam
539 504 601 543 agit
609 523 620 540 ,
644 499 743 531 nullus
754 500 831 532 alius
849 503 881 530 in
902 499 965 538 ejus
974 495 1032 528 loco
1040 503 1100 537 po-
1159 500 1286 528 maverit
1310 499 1343 527 in
1354 493 1402 526 bis
1415 494 1590 527 Canonibus
1599 499 1648 538 agi
1672 494 1710 526 de
1723 504 1797 527 vera
1813 497 2008 536 appellatione
2021 520 2033 537 ‚

230 559 343 591 natur,
368 558 420 583 aut
441 551 592 582 ordinetur
611 546 773 591 Episcopus
792 573 799 580 .
826 550 977 591 ,Quoniam
998 555 1101 587 quam-
1153 546 1252 587 juxta
1259 549 1413 585 propriam
1429 543 1518 585 hujus
1530 549 1610 577 vocis
1612 541 1862 588 JrJgnficationem.

230 609 319 642 quam
329 598 630 641 comprovincialibus
644 597 796 641 Epifiopis
808 594 934 641 accusati
947 594 1100 636 Pontificis

230 647 348 692 eausam
364 647 490 693 scrutari
512 649 597 681 liceat
611 672 622 689 ,
648 659 704 681 non
725 657 826 681 tamen
838 646 979 687 definiri,
1004 650 1101 677 incon-

225 698 306 742 fialto
324 702 452 732 Romano
478 698 619 740 Pontifice
633 721 643 737 ,
664 697 832 740 permiffum
842 695 880 734 est
893 719 904 734 ,
928 705 992 727 cum
1006 696 1103 726 Beato

232 752 326 783 Petro
334 747 461 790 apostolo
481 759 538 783 non
557 747 595 780 ab
607 749 686 786 alio,
709 747 799 789 qua'm
807 745 846 778 ab
855 743 918 787 ipso
927 747 1051 778 Domino
1059 744 1101 776 di-

229 797 312 831 dam
329 797 369 838 est
389 811 401 831 .-
427 798 653 845 Qaecumque
674 795 825 841 ligaveris
846 795 936 838 super
961 803 1077 828 terram
1091 816 1101 832 ,

230 855 327 883 erunt
346 847 446 892 ligata
471 847 506 880 δε
528 848 561 881 in
576 846 683 889 coelis;
708 846 962 889 &quaecumque
973 843 1103 877 solveris

231 898 325 941 super
334 906 449 931 terram
463 919 474 935 ‚
498 906 591 930 erunt
601 896 705 929 soluta
730 896 763 929 δε
775 894 809 927 in
820 893 910 928 eoelis
920 918 927 926 .
955 897 994 926 Ut
1004 903 1103 925 omnes

233 945 374 990 Epist-opi
394 970 406 987 ‚
429 951 480 988 qui
500 952 533 978 in
550 941 725 986 quibusdam
740 942 927 986 gravioribus
943 939 1105 984 pulsantur

232 997 287 1030 vel
306 1001 497 1029 metantur
503 991 615 1034 caufis,
642 996 753 1033 quoties
764 990 967 1034 neceffifuerit
979 1015 989 1031 ‚
1016 990 1106 1025 iibere

232 1042 418 1085 apostolicam
437 1043 584 1084 appellent
595 1042 719 1082 sedem,
744 1047 835 1083 atque
856 1042 900 1073 ad
918 1051 1004 1080 eam,
1029 1039 1112 1082 quast

230 1092 276 1126 ad
294 1094 444 1132 Matrem,
468 1090 640 1135 confugiant
663 1115 673 1131 ,
699 1092 734 1125 6·
753 1089 792 1123 ab
817 1101 853 1124 eet
872 1114 884 1130 ,
903 1089 976 1132 ficut
989 1088 1108 1133 semper

224 1142 295 1185 ficit
316 1164 330 1182 ‚
351 1140 587 1183 prffulcianmr,
610 1139 837 1182 defendantur,
864 1141 899 1174 όν
919 1139 1107 1174 liberentur.

230 1192 328 1233 eujus
338 1189 515 1234 dispaefitioni
525 1202 627 1224 omnes'
634 1191 760 1232 majores
771 1188 981 1231 Ecclefiasticas
992 1188 1109 1233 causas,

231 1242 269 1276 θ
287 1239 497 1284 Epifi·oporum
510 1241 640 1284 Judicia
651 1264 663 1280 ,
686 1245 814 1283 antiqua
832 1238 1022 1281 Apostolorum
1033 1263 1043 1280 ‚
1066 1252 1112 1274 eo-

233 1300 357 1333 rumque
375 1290 592 1333 Succeffirum,·
611 1297 700 1332 atque
710 1285 865 1324 canonum
886 1288 1053 1323 authoritas
1067 1300 1113 1324 re-

231 1336 374 1383 servabit
384 1363 392 1371 .
420 1339 501 1374 Haec
510 1341 556 1375 est
568 1339 703 1383 antiqua
728 1340 761 1374 δι
774 1347 925 1383 perpetua
936 1338 1114 1374 Gallicana:

234 1388 385 1424 Ecclesiae
394 1387 472 1423 fides
480 1411 492 1428 ,
516 1400 616 1433 quam
626 1387 741 1423 Petrus
751 1388 792 1423 de
807 1389 920 1423 Marca
935 1399 1003 1423 non
1018 1390 1114 1433 posiit

233 1438 425 1483 transfigere
446 1463 454 1471 .
482 1439 527 1473 Et
551 1436 668 1473 diserte
691 1439 831 1473 affirmat
857 1439 1114 1474 retractator-ium

236 1486 400 1530 Iudicium
421 1488 510 1531 posse
520 1488 588 1523 fieri
608 1488 708 1522 etiam
719 1487 888 1531 peripsum
898 1487 1097 1522 Pontificem
1106 1513 1114 1519 .

235 1535 372 1581 Utique
396 1536 433 1569 in
453 1536 539 1570 alma
562 1535 679 1570 Urbe.
706 1535 816 1570 Etiam
838 1534 928 1569 hunc
942 1534 1117 1571 articulum

233 1585 375 1622 affirmat
383 1585 446 1620 effe
456 1584 666 1620 traditionem
676 1583 899 1628 Apostolicam
911 1610 918 1616 .

283 1633 443 1667 montis
451 1643 512 1675 pro
524 1634 629 1666 nostra
639 1632 705 1666 fide
716 1633 909 1675 praescriptio
918 1631 965 1666 est
975 1657 987 1673 ‚
1013 1642 1049 1666 ut
1072 1634 1121 1667 ni·

232 1679 284 1716 his
293 1679 462 1719 credamus
473 1681 532 1715 nisi
549 1679 638 1723 quod
650 1680 832 1723 accepimus
844 1681 862 1714 a
876 1681 990 1716 nostris
1011 1682 1120 1724 Majo-

231 1730 326 1766 esbus
337 1754 348 1771 ‚
360 1729 410 1764 illi
421 1730 440 1763 a
450 1729 513 1764 suis
528 1753 539 1770 ,
565 1729 618 1764 iffi
629 1730 761 1764 tandem
772 1729 813 1763 ab
830 1729 1016 1774 Apostolis‚
1032 1731 1120 1775 Apo·

234 1778 509 1821 stoliachristo,
535 1777 688 1814 Christus
700 1789 808 1814 autem
829 1781 951 1824 accepit
977 1781 996 1815 a
1022 1781 1117 1815 Deo.

235 1829 410 1877 Qidquid
421 1828 591 1864 haslineas
601 1829 766 1874 egreditur
777 1854 787 1870 ,
813 1829 859 1863 est
872 1841 956 1864 vana
969 1832 1116 1872 novitas,

236 1879 486 1916 &damnandus
495 1889 582 1913 error
592 1903 601 1911 .
630 1878 678 1913 At
689 1878 765 1913 vero
776 1879 864 1923 quod
878 1879 1118 1924 Episcopalium

234 1929 497 1974 appellationum
509 1928 781 1963 admittendarum
806 1930 839 1963 δε
851 1930 1117 1965 retrastandarum

235 1978 379 2024 potestas
392 1980 424 2013 in
438 1979 594 2013 Romano
610 1978 775 2013 pontifice
787 1978 824 2012 sit
835 1979 1001 2020 quoddam
1013 1980 1119 2024 Rega-

238 2028 324 2063 tium
331 2028 574 2072 Rescriptorum
588 2028 830 2063 imitamentum
839 2053 848 2068 ‚
865 2039 963 2063 nemo
975 2032 1119 2073 unquam

237 2079 389 2113 evomuit
411 2089 418 2110 :
454 2078 534 2112 Non
561 2079 628 2122 ipse
654 2077 915 2112 Nicomedienfis
943 2079 1120 2118 Eusebius,

238 2136 312 2162 non
335 2125 495 2166 photius,
520 2137 580 2160 nec
603 2127 733 2161 forsitan
757 2126 1121 2166 MichaelCerularius‚

238 2175 343 2221 longe
358 2175 470 2209 minus
487 2176 676 2211 Rhemensis
702 2175 904 2210 Hincmarus
924 2201 932 2209 .
959 2177 1039 2210 Hoc
1065 2189 1122 2211 no-

236 2235 320 2260 vum
330 2224 451 2270 dogma
460 2224 663 2268 exspectabat
675 2225 785 2259 felices
795 2225 930 2260 Natales
939 2250 950 2266 ,
976 2236 1031 2260 aut
1046 2226 1120 2270 Epi-

239 2274 383 2318 scopales
406 2274 525 2307 infulas
536 2274 622 2308 Petri
649 2274 689 2308 de
702 2275 829 2308 Marca.
858 2275 939 2308 Non
960 2275 1120 2320 indulgeo

239 2323 475 2367 suspicionibus
501 2335 556 2358 aut
567 2323 778 2367 conjecturis,
808 2325 940 2366 ipsemet
967 2323 1049 2359 illud
1075 2325 1120 2359 di-

241 2374 322 2407 ferte
344 2374 528 2416 profitetur:
555 2372 722 2415 Sardicenfi
733 2374 861 2406 Concilio
886 2373 1009 2409 debetur
1018 2380 1122 2416 prima

239 2429 321 2466 origo
332 2425 415 2463 juris
435 2421 545 2465 summi
565 2422 713 2464 Pontificis
727 2424 827 2465 quoad
828 2424 859 2465 J
859 2424 957 2456 udicia
970 2428 1123 2457 canonica

241 2470 451 2515 Epi-scaporum
460 2473 476 2503 .“
494 2474 686 2514 ,Quamquam
690 2469 720 2512 fi
725 2483 786 2505 rem
795 2473 920 2514 propius
941 2472 1123 2516 introspiciat·

242 2532 331 2563 ms,
358 2532 446 2563 neque
468 2527 623 2555 Canonum
644 2520 738 2555 verba
756 2522 942 2566 egrediamur
959 2545 970 2561 ,
995 2523 1121 2565 manife-

237 2571 318 2613 stum
337 2575 395 2604 erit
406 2568 482 2604 nihil
490 2572 549 2604 illic
566 2571 713 2610 statutum
723 2571 774 2613 esse
784 2572 933 2605 adversus
953 2570 1125 2615 supremam

241 2620 414 2659 synodorum
428 2622 653 2654 Provincialium
663 2621 872 2655 authoritatem
884 2645 894 2660 ,
921 2625 1041 2656 canone
1063 2627 1126 2656 Ni-

243 2681 323 2704 caeno
329 2669 483 2711 firmatam
495 2694 503 2702 .
530 2674 640 2704 Fateor
655 2671 789 2713 equidem
810 2671 952 2704 badenus
979 2671 1122 2714 univerfis

234 2718 415 2763 persuasum
433 2719 520 2763 fuisse
532 2744 542 2760 ,
567 2728 716 2762 repertam
729 2721 782 2764 effe
802 2725 834 2754 in
842 2721 949 2760 synodo
957 2718 1122 2764 Sardicenfi

238 2771 333 2814 legem
341 2770 377 2801 de
387 2770 632 2811 appellationibus
643 2770 787 2804 adversus
799 2769 1008 2814 Epfioporum
1020 2775 1052 2817 J
1056 2774 1122 2805 udi-

239 2825 314 2860 cia,
334 2817 443 2862 easque
466 2821 486 2851 ἃ
505 2818 618 2862 summo
644 2820 782 2861 Pontifice
797 2822 983 2862 J’udicandas
1007 2823 1059 2864 effi.-
1082 2834 1121 2855 ex

247 2867 427 2911 Proscripti»
434 2867 523 2911 hujus
534 2871 672 2903 Concilit.
700 2871 805 2904 Verum
816 2879 849 2903 ut
859 2871 897 2904 ab
920 2883 958 2906 ea
963 2870 1042 2914 pers
1036 2870 1120 2913 uasto-

248 2927 286 2949 ne
294 2919 424 2951 recedam
434 2942 445 2958 ‚
463 2919 544 2962 facit
555 2921 636 2963 quod
645 2922 666 2952 a
677 2930 722 2953 me
736 2918 921 2962 observatum
930 2921 971 2963 est
980 2946 990 2961 ‚
1017 2929 1121 2962 nempe

242 2966 299 3006 jus
312 2974 427 3001 tantum
434 2970 604 3003 concedendi
610 2968 781 3011 revist‘onem
792 2972 812 3002 ὰ
833 2971 941 3009 synodo
961 2969 1127 3011 §ardicenfi

249 3017 452 3050 introdueium
473 3019 523 3062 effe
533 3024 564 3053 in
570 3025 704 3063 gratiam
716 3021 800 3053 sedis
814 3019 978 3062 Apostolicae
990 3045 1001 3062 ,
1030 3022 1064 3054 Θ
1088 3025 1120 3054 in

243 3064 395 3106 quoddam
403 3068 608 3102 detrimentum
618 3068 809 3103 authoritatis·
827 3074 1034 3111 Imperatoriae.
1048 3074 1121 3104 Hac

248 3118 457 3155 Interpretari·
467 3129 530 3151 mea
541 3118 578 3157 est
589 3143 596 3150 .
623 3121 727 3163 ,Quam
739 3131 804 3153 cum
816 3120 926 3163 aliquot
937 3126 1015 3154 viris
1025 3120 1119 3154 dadis

250 3163 441 3205 aperuissem,
466 3176 530 3198 eam
539 3169 581 3201 illi
585 3167 727 3213 stiffi-agio
734 3169 1037 3213 suocomprobaerunt.
1064 3173 1119 3203 Di-

246 3210 373 3256 fi-rimen
385 3219 492 3255 quippe
501 3215 540 3253 est
548 3222 623 3250 inter
643 3220 868 3260 appellationem
886 3230 921 3253 ac
930 3219 1096 3262 revssonem
1108 3244 1115 3251 .

1208 594 1344 628 Disertis
1355 593 1459 628 verbis
1471 594 1628 639 gloriatur
1639 594 1731 627 suum
1751 593 1872 639 dogma
1894 595 1956 628 effe
1982 606 2037 627 no·

1162 655 1260 684 vum,
1285 655 1323 677 ac
1350 645 1380 676 se
1405 644 1467 678 esse
1488 645 1582 687 ipsius
1592 644 1818 683 inventorem,
1843 643 1984 686 ideoque
2004 644 2039 677 &

1164 704 1287 727 novum
1299 693 1540 737 Dogmatistam
1553 719 1560 726 .
1590 693 1633 727 Et
1643 692 1733 727 addit
1744 693 1897 737 plurimos
1908 703 2040 728 errores.

1163 741 1291 776 Primus
1317 742 1382 783 est,
1407 743 1497 784 quod
1511 744 1671 777 Romanae
1693 744 1919 787 appellationis
1944 743 2041 788 origo

1165 792 1202 826 fit
1228 792 1246 824 a
1272 791 1408 834 Synodo
1433 792 1628 827 Sat-dicensi.
1655 794 1820 827 Secundus
1846 793 1892 827 est
1915 817 1925 833 ,
1951 790 2045 837 quod

1166 842 1298 885 quintus
1308 842 1458 875 Nicaenus
1468 842 1588 876 Canon
1609 841 1868 878 provincialium
1888 841 2045 885 synodo-

1167 890 1376 933 rumjudiciis
1392 891 1548 927 adscribat
1560 893 1741 935 supremam
1767 893 1802 926 δε
1822 893 2047 927 inconcussam

1167 939 1415 975 authoritatem.
1441 943 1521 976 Haec
1546 943 1674 976 assertio
1686 942 1730 977 est
1758 942 1860 976 totius
1886 943 1983 975 deviae
2009 953 2049 975 ac

1171 988 1337 1033 paradoxae
1370 991 1528 1025 machinae
1567 992 1742 1035 principale
1775 991 2026 1026 fundamentum
2040 1014 2051 1028 ,

1170 1039 1310 1081 ideoque
1337 1039 1436 1072 t0ties
1461 1041 1634 1082 repetitur.
1665 1042 1807 1085 Joannes
1833 1041 1943 1076 David
1970 1040 2053 1075 reste

1172 1087 1281 1123 scribit
1291 1087 1354 1121 esse
1365 1087 1569 1122 assertionem
1580 1090 1703 1124 fatuam
1715 1117 1721 1123 .
1750 1091 1886 1126 Tertius
1896 1101 1982 1126 error
1994 1091 2054 1130 est,

1172 1137 1262 1183 quod
1282 1136 1484 1171 Sardicenses
1495 1139 1649 1173 Canones
1673 1138 1766 1173 istam
1793 1143 1975 1183 supremam
2001 1151 2057 1173 au-

1173 1187 1362 1223 thoritatem
1387 1186 1422 1220 in
1448 1187 1543 1221 nullo
1564 1188 1772 1222 diminuant.
1801 1189 1945 1234 Qartus
1970 1199 2058 1224 error

1173 1239 1241 1279 est,
1266 1236 1357 1279 quod
1379 1238 1462 1272 circa
1487 1237 1549 1272 hos
1571 1237 1724 1272 Canones
1734 1237 1881 1273 universa
1902 1236 2060 1272 hactenus

1177 1287 1320 1322 Ecclesia
1329 1285 1425 1320 fuerit
1436 1287 1469 1320 in
1481 1298 1585 1322 errore
1596 1312 1605 1319 .
1632 1286 1735 1334 Quod
1748 1287 1863 1323 veritas
1884 1288 1917 1321 in
1932 1288 2064 1322 Demo«

1176 1337 1249 1372 criti
1260 1347 1361 1381 puteo
1375 1334 1440 1371 huc
1452 1337 1551 1379 usque
1562 1337 1711 1380 latuerit;
1736 1336 1772 1370 ἀ
1783 1347 1852 1372 non
1870 1337 1928 1370 nisi
1949 1338 1968 1371 a
1986 1348 2065 1381 pau·

1177 1387 1223 1422 cis
1234 1385 1545 1421 annisliberatorem
1558 1387 1734 1422 invenerit.
1762 1387 1806 1421 Et
1815 1385 1948 1431 quidem
1971 1395 2065 1422 tanta

1179 1437 1312 1471 veritas.
1339 1436 1486 1485 Qintus
1511 1448 1599 1471 error
1618 1438 1689 1477 est,
1715 1435 1805 1480 quod
1830 1437 1973 1471 universa
1996 1435 2066 1470 huo

1179 1486 1278 1530 usque
1299 1486 1442 1520 Ecclesia
1467 1487 1639 1522 crediderit
1666 1486 1894 1531 appellationis
1904 1486 2068 1520 Romanas

1183 1536 1297 1579 legem
1312 1536 1375 1570 effe
1389 1547 1551 1579 repertam
1574 1547 1630 1579 per
1641 1535 1718 1571 istos
1731 1537 1903 1571 Canones.
1933 1536 2071 1572 Etenim

1183 1584 1328 1618 universa
1341 1584 1463 1627 semper
1472 1584 1608 1619 credidit
1619 1586 1761 1622 Ecclesia
1778 1583 1940 1620 Romana:
1960 1585 2073 1629 appel-,¹

1184 1633 1321 1667 lationis
1334 1634 1440 1677 legem
1453 1658 1464 1673 ‚
1489 1633 1601 1677 utpote
1611 1634 1640 1668 A
1645 1634 1838 1678 postolicam
1849 1645 1949 1678 atque
1960 1635 2069 1669 Evan-

1183 1681 1323 1726 gelicam
1337 1705 1349 1720 ‚
1375 1693 1445 1715 non
1458 1684 1521 1715 esse
1530 1692 1688 1725 repertam
1699 1694 1755 1717 aut
1780 1683 2000 1718 introduaam
2012 1694 2069 1727 pet

1184 1730 1263 1764 istos
1277 1729 1452 1770 canones,
1471 1730 1525 1764 sed
1538 1731 1717 1774 expositam
1728 1755 1739 1772 ,
1765 1730 1938 1766 stabilitam
1949 1734 2072 1766 &con-

1184 1781 1364 1814 firmatam.
1393 1780 1511 1814 Sextus
1533 1781 1578 1814 est
1602 1802 1613 1819 ,
1637 1780 1727 1824 quod
1748 1779 1802 1815 isti
1826 1781 1980 1816 Canones
1997 1793 2071 1816 non

1183 1828 1368 1864 adscribant
1382 1840 1472 1863 novae
1485 1829 1712 1874 appellationis
1731 1829 1964 1866 authoritatem
1975 1856 1987 1874 ,
2013 1831 2072 1867 sed

1185 1879 1285 1913 solius
1295 1879 1461 1913 revifionis
1477 1903 1484 1911 .

1235 1929 1399 1971 Septimus
1411 1939 1499 1962 error
1510 1929 1556 1963 est
1571 1955 1582 1971 ,
1610 1930 1698 1975 quod
1711 1930 1746 1965 hi
1759 1931 1915 1965 Canones
1927 1932 2011 1966 istud
2021 1931 2071 1974 ius

1173 1976 1369 2013 *adscribant
1391 1977 1548 2014 Romano
1571 1980 1755 2025 Episcopo,
1783 1992 1853 2016 non
1877 1982 1913 2016 in
1934 1980 2072 2016 ablatio-

1187 2039 1263 2062 nem
1286 2052 1297 2067 ,
1323 2029 1376 2062 sed
1406 2026 1576 2064 dumtaxat
1597 2029 1632 2063 in
1649 2029 1817 2076 quoddam
1836 2030 2072 2066 detrimentum

1188 2076 1396 2112 authoritatis
1410 2077 1641 2122 Imperatoriae.
1669 2080 1812 2116 Proinde
1823 2080 1908 2115 hanc
1921 2081 2073 2117 authori-

1186 2135 1287 2160 tatem
1309 2126 1561 2170 Imperator-ibus
1582 2140 1786 2174 nequaquam
1815 2132 1990 2172 auferunt,
2018 2131 2073 2167 sed

1191 2175 1378 2216 stabiliunt,
1406 2177 1550 2220 &ipsam
1563 2181 1813 2215 communicant
1825 2192 1864 2215 ac
1875 2182 2024 2215 derivant
2035 2182 2073 2215 in

1189 2226 1381 2260 Romanum
1391 2227 1491 2260 etiam
1506 2228 1707 2273 Episcopum
1720 2255 1727 2262 .
1754 2230 1807 2264 Ad
1821 2241 1895 2264 eum
1910 2231 2047 2265 modum
2057 2254 2072 2272 ,

1187 2285 1255 2317 quo
1267 2285 1374 2309 nonus
1387 2274 1663 2313 Chalcedonensis
1677 2279 1794 2314 Canon
1812 2279 1999 2314 Exarchicae
2019 2291 2073 2325 ap-

1191 2324 1379 2367 pellationis
1398 2324 1447 2366 jus
1466 2337 1521 2369 per
1543 2335 1606 2361 tres
1630 2327 1876 2371 Autocephalas
1887 2329 2073 2371 Dioeceses,

1188 2373 1278 2416 quod
1291 2384 1387 2409 antea
1402 2375 1608 2419 competebat
1629 2378 1707 2412 solis
1719 2376 1874 2413 Exarchis
1883 2403 1895 2420 ,
1921 2378 2074 2414 extendit

1190 2435 1228 2456 ac
1240 2422 1365 2457 derivat
1379 2424 1412 2457 in
1423 2435 1547 2459 novum
1563 2427 1663 2461 etiam
1676 2426 1897 2462 patriarcham
1909 2429 2075 2464 Constan-

1189 2473 1464 2515 tinopolitanum.
1492 2474 1635 2508 Proinde
1658 2479 1706 2509 uti
1731 2477 1785 2511 hic
1798 2476 2073 2514 Chalcedonensis

1189 2522 1273 2556 inter
1293 2522 1371 2556 istos
1393 2521 1552 2557 Primates
1573 2524 1718 2558 &istum
1741 2526 1963 2561 Patriarcham
1988 2552 1999 2568 ,
2024 2529 2073 2564 ita

1189 2571 1382 2606 Sardicenfis
1394 2571 1514 2606 Canon
1539 2574 1623 2606 inter
1635 2575 1861 2618 imperatorem
1882 2577 1917 2610 δε
1929 2576 2068 2611 Pontifi-

1189 2632 1260 2655 cem
1283 2621 1468 2655 introduxit
1491 2622 1675 2665 appellandi
1689 2624 1952 2666 Alternativam‚
1977 2626 2073 2669 &jux

1187 2672 1434 2714 praeventionis,
1462 2672 1702 2708 Alternativam
1723 2675 1757 2708 &
1780 2676 1924 2721 eligendi
1946 2675 1995 2719 jus
2016 2676 2071 2712 de·

1186 2721 1235 2755 dit
1262 2721 1335 2764 ipsis
1360 2720 1627 2764 Appellantibus.
1655 2724 1738 2758 Sunt
1761 2724 1866 2769 lepida
1879 2726 2067 2771 Dogmata.

1188 2770 1291 2804 Ροιτὸ
1321 2770 1500 2814 Imperator
1529 2796 1540 2812 ‚
1565 2774 1621 2816 qui
1650 2773 1846 2817 Tyrannum
1876 2788 1942 2810 non
1969 2787 2070 2821 agat,

1188 2820 1447 2855 Provincialium
1461 2821 1671 2865 Synodorum
1694 2825 1866 2859 sententias
1879 2838 1932 2869 per
1947 2826 2070 2860 semeti-

1186 2871 1277 2914 psum
1288 2872 1455 2905 retractare
1475 2882 1543 2905 non
1567 2873 1688 2914 potest,
1717 2875 1768 2908 sed
1781 2875 1954 2909 dumtaxat
1976 2876 2068 2909 dele-

1185 2931 1260 2964 gare
1271 2920 1343 2953 aliis
1358 2920 1528 2964 Episcopis
1537 2946 1544 2954 .
1559 2921 1672 2956 Petrus
1683 2921 1723 2957 de
1733 2923 1846 2958 Marca
1858 2926 1966 2959 censet
1980 2924 2067 2962 nihil

1184 2969 1272 3004 aliud
1288 2970 1371 3013 Juris
1383 2970 1540 3005 Romano
1561 2973 1662 3007 etiam
1675 2971 1829 3007 Pontifici
1850 2974 1985 3008 adscribi
2011 2984 2065 3018 per

1183 3019 1385 3055 Sardicenses
1409 3020 1561 3055 canones
1576 3045 1585 3054 .
1610 3023 1664 3056 De
1685 3022 1881 3066 Imperatore
1901 3023 2064 3058 Constan-

1182 3071 1232 3104 tio
1246 3069 1354 3103 scribit
1365 3069 1404 3103 ad
1417 3071 1489 3104 suos
1503 3071 1688 3105 Monachos
1699 3072 1828 3106 Sanetus
1842 3070 2037 3108 Athanasius
2048 3089 2060 3109 .·

1183 3122 1264 3164 ,Quis
1282 3120 1389 3152 videns
1410 3131 1475 3153 eum
1486 3126 1520 3152 in
1541 3121 1718 3155 decernendo
1737 3125 1902 3165 Principem
1921 3121 2062 3165 sefacere

1185 3168 1393 3213 Epist-oporam
1414 3192 1425 3208 ‚
1451 3171 1486 3203 (ze
1500 3169 1654 3211 praefidere
1673 3173 1811 3216 Judiciis
1834 3173 2033 3215 Ecclefiasticis
2046 3198 2057 3214 ,

1182 3230 1241 3254 non
1261 3222 1361 3253 merito
1372 3219 1452 3251 dicat
1464 3219 1546 3251 illum
1556 3220 1606 3262 effe
1620 3232 1685 3254 eam
1696 3220 1793 3264 ipsam
1811 3223 2060 3260 abominationem

249 3263 309 3295 Illa
319 3271 445 3303 namque
455 3269 600 3307 integram
606 3266 700 3309 eausa
708 3271 895 3313 cognitionem
905 3270 1055 3313 transfert
1077 3271 1120 3303 ad
1180 3268 1367 3312 desolationis
1380 3292 1391 3308 ‚
1407 3279 1474 3311 quae
1485 3270 1506 3301 a
1519 3272 1643 3304 Daniele
1647 3272 1798 3313 predia.
1810 3272 1848 3311 est
1859 3274 1873 3306 ?
1899 3278 1985 3307 Nam
1995 3285 2060 3307 cum

243 3311 390 3355 Judicem
394 3309 571 3354 superiorem
582 3337 592 3354 ‚
616 3317 853 3359 qni‘qaaeftionem
864 3326 977 3354 excutit
986 3344 998 3360 ‚
1023 3321 1057 3354 6
1068 3320 1116 3353 de-

1181 3318 1423 3353 circumamii‘lus
1438 3315 1476 3358 fit
1498 3317 1719 3363 christianismo
1732 3346 1742 3361 ,
1770 3324 1804 3357 et
1825 3329 1857 3354 in
1869 3324 1930 3356 loca
1948 3322 2058 3366 sanlia

245 3358 316 3401 finit
326 3365 357 3394 in
361 3359 415 3404 suo
426 3361 592 3404 tribunali;
615 3370 649 3394 at
657 3366 956 3413 revifiodefinitivum
958 3371 1116 3415 judicium
1177 3377 1313 3412 penetret
1326 3393 1337 3408 ,
1361 3367 1639 3410 &inibiconfistens
1649 3370 1781 3412 devastet
1791 3371 1953 3416 Ecclefias,
1975 3374 2057 3404 abro-

247 3411 714 3455 relinquitpriorijurisdiffloni,
737 3427 773 3448 e.
791 3424 905 3452 ratione
923 3418 1116 3461 ineptior-ihus
1174 3431 1255 3464 gans
1283 3423 1440 3462 canones,
1466 3419 1545 3453 &vi
1565 3431 1657 3464 agens
1678 3430 1713 3453 ut
1730 3420 1789 3464 sua
1812 3422 1962 3460 obtineat,
1987 3426 2055 3461 quis

311 3482 313 3484 >
336 3459 456 3502 christ.
470 3465 549 3506 Lupi·
559 3467 655 3506 Opera
667 3466 700 3497 T.
715 3468 796 3499 Vm.

1671 3469 1688 3504 1
1736 3482 1758 3507 2

1954 3479 2007 3502 un·
