2326 3718
719 200 1001 246 Romnum
1036 195 1625 245 Appumnomssus.

265 298 332 323 tam
341 286 421 331 quast
429 289 475 322 ad
480 294 604 322 matrem
613 284 780 331 confugiant
792 309 803 326 ,
827 293 861 318 ut
875 284 917 317 ab·
922 295 957 317 ea
971 280 1058 324 ,ficut
1063 278 1137 324 sem·

1946 209 2000 252 13

1199 280 1321 324 pserint
1341 277 1491 314 accedere
1517 303 1528 319 ,
1570 277 1630 311 nifi
1669 275 1755 320 prius
1777 278 1818 314 ab
1846 277 1913 315 hoe
1949 278 2078 322 disposi-

258 338 410 382 pnfuit,
430 337 666 380 profulciantur,
694 335 894 377 defendantur
917 332 1135 371 &liberentum
1198 341 1267 364 tum
1289 339 1387 373 atque
1407 330 1587 372 placatum.
1619 326 1842 363 Encomiastes
1862 329 1993 365 adducit
2019 329 2080 362 fra-

266 390 354 430 qu‘us
363 387 537 430 dispositioni
546 396 644 421 mnes
653 387 779 427 majores
795 376 1143 426 Ecclefiassicas'causas,
1199 388 1371 425 gmentum
1404 391 1446 413 ex
1469 377 1647 412 Auxiliaris
1680 375 1820 411 Praefeffi
1855 380 1895 412 ad
1927 380 2080 415 Sanctum

271 440 306 472 ὁ·
319 437 528 482 Epi‘scoporum
537 438 655 479 judicia
667 459 680 477 ‚
705 441 832 477 antiqua
853 433 1045 477 Apostolorum
1061 454 1072 470 ,
1096 441 1139 463 eo-
1200 430 1367 464 Hilarium
1394 429 1582 472 Rescripta:
1609 427 1733 460 santius
1757 427 1934 460 Nec‘Jarium
1951 430 1986 463 <9
2005 433 2082 462 con-

271 499 392 530 rumque
412 488 613 531 Succefforum‚
640 495 729 529 atque
748 489 904 519 Canonum
915 480 1086 516 'authoritas
1096 492 1142 514 re-

266 537 427 582 servavit.
453 540 605 581 ,QuonIam
623 537 783 579 culpantur
794 533 930 579 Epist-opi
939 557 950 572 ‚
977 537 1029 573 qui
1055 531 1142 563 aliter·

270 600 343 633 erga
346 586 462 629 fratres
473 591 583 630 egerint
594 611 604 626 ,
631 598 721 629 quam
733 583 860 629 ejusdem
876 584 960 616 Sedis
971 584 1066 623 Papae
1074 580 1142 622 fieri

266 640 414 681 placuerit
432 662 439 669 .
458 637 630 670 Canonibus
656 637 764 678 quippe
778 633 955 677 jubentibus
973 636 1005 664 in
1029 630 1141 663 talibus

268 685 379 730 absque
390 689 523 719 Romano
534 689 579 720 nil
588 688 703 719 decerni
712 683 852 725 Pontifice
861 708 872 724 ,
889 693 940 716 nec
951 681 1143 720 adsynodum

266 734 447 779 Episcopum
462 742 617 771 convocari
627 735 730 769 debere
739 747 752 768 .-
777 736 823 765 Et
835 733 989 776 quidquid
998 743 1036 765 ex
1050 730 1099 763 bis
1113 739 1144 761 eo

266 784 429 829 inconsulto
434 787 651 830 praesumptum
653 785 774 827 fierit,
795 783 912 816 viribus
933 793 1048 815 carere.
1077 779 1144 813 Ro-

267 846 383 871 manas
394 837 639 880 Appellationes
660 835 799 868 affirmat
821 833 884 866 esse
902 832 1070 876 antiquam
1091 831 1141 864 SS.

267 885 508 931 Apostolorum
527 910 539 927 ,
565 883 786 919 Successorum
820 883 1056 926 Episcoporum
1071 904 1083 922 ,
1111 879 1144 912 ἀ

268 936 439 970 Sacrorum
451 935 626 968 Cononem
648 931 881 967 authoritatem
893 957 901 964 .
930 931 974 965 Et
986 932 1092 965 firmat
1103 941 1143 963 ex

266 983 407 1025 synodo
418 982 594 1018 Sardicensi
607 1006 619 1022 ,
645 993 686 1016 ex
696 982 802 1017 Sancti
816 980 940 1016 Leonis
960 980 1000 1015 ad
1012 980 1147 1014 Caesare·

210 1070 217 1074 ,
265 1031 351 1066 ensis
361 1030 569 1066 Mauritania
581 1031 757 1076 Episcopos
769 1032 884 1065 litteris
895 1055 907 1073 ‚
932 1043 970 1065 ac
984 1042 1025 1065 ex
1037 1029 1146 1064 lauda·

92 1827 167 1870 Cap·
182 1837 227 1864 17.

266 1090 302 1116 ra
312 1081 385 1127 lege
394 1078 576 1117 Theodosii
587 1093 625 1116 ac
637 1081 885 1117 Valentiniani.
913 1082 1013 1116 Hanc
1041 1078 1148 1114 omni-

266 1130 316 1166 no
325 1131 500 1176 respiciunt
511 1130 579 1167 baec
588 1131 701 1167 verba:
727 1133 898 1174 culpantur
913 1129 1082 1173 Episcopi,
1098 1134 1148 1171 qui

266 1181 356 1215 aliter
365 1181 557 1225 ergafratres
566 1188 678 1227 egerint
692 1206 703 1223 ,
728 1193 820 1225 quam
837 1180 969 1225 ejusdem
989 1182 1073 1214 Sedis
1088 1181 1149 1212 Pa-

262 1239 317 1274 pae
325 1229 392 1274 fieri
399 1232 546 1274 placuerit
556 1257 564 1266 .
593 1233 675 1280 Qae
686 1232 800 1267 omnia
823 1232 859 1266 in
882 1232 945 1265 suis
957 1228 1152 1274 capitulari·

267 1280 330 1316 bus
340 1282 524 1318 firmavit&
537 1283 676 1318 Carolus
691 1282 837 1327 Magnus
846 1306 854 1314 .
882 1281 975 1329 Qin
987 1279 1090 1315 immo
1101 1277 1149 1312 hae

267 1329 503 1375 appellationes
523 1334 597 1367 sunt
609 1332 846 1377 Evangelicum
861 1331 910 1375 jus
922 1356 932 1372 ‚
959 1332 1077 1366 Sancto
1092 1327 1149 1363 Pe-

266 1389 320 1417 tro
329 1380 442 1425 acejus
461 1382 700 1418 Succefforibus
720 1380 834 1416 datum
855 1391 910 1425 per
923 1379 1066 1415 Domini
1084 1390 1150 1413 ver-

266 1429 309 1465 ba
319 1445 332 1466 .·
356 1432 510 1476 confirma
512 1432 632 1475 fratres
644 1442 710 1466 tuos
721 1457 729 1464 .
754 1430 805 1467 Ita
816 1429 950 1467 tradunt
972 1429 1152 1475 antiquissi-

267 1481 318 1516 mi
335 1491 434 1527 atque
443 1482 620 1528 gravissimi
635 1483 746 1517 Patres
758 1508 766 1515 .

314 1530 444 1565 Eadem
453 1533 568 1565 omnia
588 1534 695 1566 firmat
704 1530 812 1563 saneti
824 1531 948 1561 Hilarii
960 1529 1152 1571 poenitentia

265 1589 308 1613 nc
327 1578 519 1617 palinodia,
542 1579 587 1612 de
610 1579 725 1618 quoin
746 1576 872 1609 Gallias
892 1577 1032 1617 regresso
1044 1575 1154 1609 scribit

266 1623 338 1665 ejus
348 1620 573 1656 Encomiastes
584 1633 593 1653 ε
619 1627 653 1654 in
663 1626 820 1656 civitatem
830 1623 969 1665 regreffus
980 1645 992 1662 ‚
1016 1622 1083 1655 licet
1092 1633 1152 1654 cor-

264 1670 364 1715 parali
379 1671 559 1714 infirmitate
575 1671 700 1713 fradui·
725 1696 737 1713 ,
761 1680 864 1705 tamen
884 1670 1064 1717 perfefflone
1080 1669 1154 1714 san-

266 1721 331 1756 aas
341 1747 354 1764 ‚
378 1722 534 1764 &pietate
541 1723 770 1764 prompttffimus
784 1746 795 1763 ,
819 1730 914 1754 totum
928 1719 961 1765 se
971 1722 1015 1754 ad
1029 1722 1152 1763 placan-

267 1773 342 1806 dum
351 1779 424 1806 tunc
434 1777 569 1806 animum
582 1772 685 1806 sanni
698 1775 807 1805 Leonis
823 1772 972 1805 inclinata
981 1770 1153 1805 bumilitate

266 1828 417 1857 convertit
427 1846 435 1855 .
467 1822 546 1864 Miji‘t
552 1824 697 1864 primitiis
708 1825 902 1856 Ravennium
925 1823 990 1855 tiam
1003 1821 1151 1860 Presbyte-

267 1884 358 1914 rum,
379 1872 525 1915 postmodo
542 1878 699 1916 proprium
725 1873 927 1916 Suet-efforem3
955 1872 1065 1906 deinde*
1076 1873 1151 1904 San-

268 1923 350 1957 Bum
361 1923 540 1958 Nec‘iartum
552 1947 564 1964 ,
590 1924 787 1966 sanctumque
798 1922 1001 1964 Constantium
1011 1945 1023 1962 ,
1047 1925 1149 1963 praeti·

265 1981 344 2017 puos
353 1975 533 2008 sacerdotes.
560 1973 654 2008 Fecit
673 1973 865 2008 haecomnia
887 1984 956 2007 non
970 1973 1151 2015 spontaneo

268 2033 377 2066 motu,
390 2024 443 2060 sed
454 2024 639 2068 compulsus
651 2034 736 2058 nova
750 2022 942 2057 evocatione
952 2021 1128 2056 pontificis
1140 2044 1152 2060 ‚

268 2075 304 2109 δε
325 2075 441 2109 Divali
474 2074 613 2118 juffione
652 2073 882 2110 Valentiniani
918 2071 1143 2116 Imperatoris.

270 2124 353 2158 Haec
374 2125 431 2168 ipsi
457 2125 658 2159 extorserunt
681 2123 925 2164 humilitatem,
951 2124 986 2157 ὅ(
1004 2121 1150 2157 volunta-

269 2170 340 2215 tem
353 2173 504 2217 placandi
515 2173 697 2208 pontificis.
707 2172 740 2206 A
752 2173 911 2217 personali
920 2174 1042 2207 accessu
1053 2172 1084 2205 se
1095 2182 1149 2205 ex-

269 2222 397 2257 cusavit
418 2221 696 2258 obinfirmitatem
708 2247 720 2263 ,
745 2233 843 2265 atque
862 2222 910 2257 ita
920 2222 1006 2257 misit
1017 2223 1149 2257 suorum

270 2272 540 2316 presbyterorum
561 2273 740 2308 Primatem
766 2273 997 2307 Ravennium-
1022 2270 1149 2306 Verum

269 2322 339 2358 haec
350 2324 491 2368 Legatio
502 2334 570 2357 non
583 2323 735 2363 satisfecit
745 2321 945 2366 Apostolicae
955 2321 1044 2358 Sedi.
1053 2321 1149 2355 Hinc

269 2373 418 2408 successit
439 2374 502 2408 alia
520 2383 576 2416 per
595 2373 678 2408 duos
699 2372 867 2418 digniores
886 2371 1060 2417 provinciae
1073 2371 1149 2415 Epi-

269 2425 386 2466 scopos
406 2448 418 2464 ‚
457 2423 646 2457 Nestarium
673 2423 867 2457 Diniensem
885 2446 897 2463 ,
935 2423 970 2456 ἀ
989 2420 1151 2457 Constan-

269 2472 355 2506 tium
368 2471 583 2520 Ucetiensem
596 2498 603 2504 .
618 2473 733 2516 Pergit
744 2471 970 2507 Encomiastes
979 2485 990 2506 ,-
1017 2474 1149 2516 ,Quanta

273 2527 308 2555 in
320 2521 374 2554 bac
390 2519 468 2563 caus
463 2533 484 2553 a
493 2522 656 2555 diaaeverte
668 2546 680 2562 ‚
705 2521 771 2554 huic
791 2528 870 2564 operi
893 2523 974 2555 nulla
980 2522 1090 2565 poffum
1102 2534 1150 2555 ra-

269 2578 348 2605 tione
357 2571 539 2605 eonnettere.
567 2571 707 2605 Suorum
720 2570 879 2605 Astomm
903 2572 1008 2614 plures
1028 2571 1149 2618 scripsit

269 2620 478 2667 Apologias„
505 2620 592 2655 haud
615 2620 716 2655 dubie
739 2621 857 2665 partim
883 2622 1148 2665 expurgatorias,

269 2672 388 2715 partim
401 2671 650 2715 poenitentiales.
676 2670 756 2706 Hoc
766 2670 870 2714 palam
881 2672 1019 2706 asserunt
1031 2670 1127 2705 verba
1139 2684 1146 2703 :

268 2722 420 2754 Inclinatis
429 2720 610 2755 humilitate.
639 2721 702 2755 Sua
717 2730 830 2755 contra
842 2720 1081 2755 Chelidonium
1102 2720 1148 2764 ju-

268 2770 355 2805 dicia
377 2772 411 2806 &
423 2771 508 2806 Λὲἱα
520 2771 643 2805 studuit
654 2795 666 2812 ,
695 2771 772 2805 licet
781 2782 848 2805 non
859 2772 989 2805 firmare
1000 2793 1012 2810 ,
1036 2781 1144 2805 tamen

267 2831 406 2866 purgare
428 2847 436 2856 .
465 2823 546 2857 Huc
564 2821 693 2865 respicit
718 2814 962 2855 Encomiasles:
988 2823 1147 2854 Tantorum

267 2876 400 2905 virorum
420 2882 472 2906 nec
495 2878 528 2907 in
538 2877 709 2906 narratione
729 2872 822 2905 audeo
846 2873 994 2905 ventilare
1007 2873 1145 2912 judicia.

344 2922 477 2957 Etenim
506 2923 657 2957 Hilarius
678 2945 690 2962 ‚
728 2921 807 2955 licet
841 2921 993 2955 erraverit
1014 2944 1026 2962 ,
1051 2920 1146 2965 poffit

266 2970 359 3006 fuisse
371 2983 437 3006 non
452 2973 696 3017 praevaricatus.-
722 2970 825 3020 Qod
846 2981 953 3006 tamen
973 2970 1016 3005 de
1036 2971 1145 3005 suisin

268 3018 464 3063 Apostolicae
475 3022 568 3057 Sedis
578 3020 815 3057 authoritatem
836 3020 1018 3056 Attentatis
1040 3020 1145 3055 omni·

267 3066 314 3102 nd
323 3073 423 3114 egerit
435 3074 661 3117 poenitentiam
674 3097 686 3114 ,
712 3071 748 3106 ἀ
759 3070 997 3118 poenitentiales
1018 3071 1148 3115 scripse-

268 3118 311 3151 rit
323 3118 520 3167 Apologias,
546 3135 615 3159 non
627 3124 672 3158 est
684 3121 922 3157 dubitandum.
949 3120 1041 3155 Alias
1063 3131 1146 3155 nun-

266 3178 367 3212 quam
398 3171 566 3208 admisisset
586 3174 742 3209 Romana
769 3170 913 3206 Ecclesia
939 3184 947 3204 :
973 3171 1058 3206 ltem
1080 3169 1147 3205 fine

266 3217 341 3252 aliis
350 3218 514 3256 Hilarium
525 3234 692 3270 nunquam
716 3221 921 3265 inscripfiffet
941 3222 1005 3256 suis
1015 3222 1143 3257 Sant'lo-

266 3278 342 3302 rum
354 3266 485 3302 tabulis.
514 3270 619 3309 Hasce
629 3272 827 3320 purgatrices
846 3282 886 3306 ac
905 3271 1144 3316 poenitentiales

266 3316 391 3351 litteras
410 3314 497 3352 haud
520 3319 622 3356 dubio
639 3324 824 3360 detulerunt
836 3322 954 3368 Legati
968 3321 1138 3366 Episcopi.

268 3365 314 3400 Et
328 3364 545 3402 nihilominus
557 3370 701 3409 Leonem
713 3374 914 3409 Pontificem
935 3370 1018 3407 adeo
1028 3373 1142 3407 timue-

267 3425 345 3451 runt
352 3439 364 3457 ,
392 3426 429 3451 ut
441 3418 546 3461 primo
557 3421 741 3457 accesserint
762 3435 801 3459 ac
815 3422 1061 3468 imploraverint
1073 3421 1138 3455 Au-

268 3465 420 3501 xiliarem
441 3466 626 3504 Praefectum
638 3493 650 3510 ,
673 3469 709 3504 ἀ
730 3470 771 3505 ad
790 3472 885 3508 illum
901 3484 971 3509 non
995 3472 1139 3518 praesum-

365 3514 472 3559 Christ.
484 3521 566 3563 Lupi
575 3524 671 3564 Opera
682 3522 715 3553 T.
725 3523 807 3556 Vm.

1193 480 1337 520 stantium
1356 480 1546 520 sacerdotes,
1572 479 1608 510 de
1630 479 1839 510 Beatitudtnis
1861 485 1921 511 tuae
1930 486 2019 519 parte
2030 489 2083 513 ve·

1201 537 1317 564 niente:
1333 555 1344 571 ,
1372 532 1463 574 digna
1481 530 1679 562 admiratione
1695 526 1829 571 sufiepi.
1857 531 1935 561 Cum
1958 527 2006 560 his
2023 527 2083 570 sae-

1197 586 1267 622 pius
1287 578 1354 623 sum
1376 581 1485 614 locutus
1508 580 1545 611 de
1554 584 1668 612 virtute
1678 583 1773 611 animi
1785 587 1876 620 atque
1897 577 2083 617 constantia,

1201 639 1418 672 contemptuque
1443 640 1542 663 rerum
1564 628 1764 662 humanarum
1786 652 1797 668 ‚
1823 639 1880 670 quo
1909 633 1986 660 inter
2012 626 2083 668 fra-

1198 680 1329 723 gilitates
1352 679 1464 720 nostras
1479 678 1597 723 semper
1607 679 1712 713 beatus
1722 690 1771 712 es.
1799 682 1887 710 Nam
1899 679 1974 720 quid
1991 676 2084 718 potes}

1203 736 1235 762 in
1257 729 1312 764 hac
1332 737 1466 771 corporea
1484 735 1553 763 vita
1577 730 1628 773 effe
1646 728 1803 772 fiturum,
1830 739 1898 771 quae
1909 725 2018 767 cumfit
2029 731 2086 760 mi-

1198 778 1288 822 sera,
1315 789 1414 814 tamen
1437 790 1494 812 non
1513 779 1605 821 potest
1618 779 1669 821 effe
1684 780 1855 821 perpetua?
1880 781 2009 812 Locutus
2017 775 2086 820 sum

1202 835 1292 862 etiam
1312 840 1377 862 cum
1399 829 1506 862 Sana‘io
1528 830 1618 871 Papa
1636 832 1734 862 Leone
1752 854 1759 860 .
1786 831 1845 861 Hoc
1863 828 1920 861 loco
1938 853 1950 870 ‚
1974 828 2062 872 credo
2073 850 2087 867 ,

1204 881 1390 922 aliquantum
1416 885 1514 912 animo
1531 877 1726 922 perhorrescis
1750 902 1761 919 ‚
1782 876 1840 921 sed
1859 889 1924 911 cum
1950 877 2087 919 Proposi-

1203 935 1228 961 ti
1248 936 1293 963 tui
1312 939 1405 963 tenax
1415 927 1456 970 fis
1468 930 1502 963 &³
1507 926 1625 972 semper
1635 929 1762 971 aequaits
1774 951 1786 968 ,
1812 929 1943 970 nulloque
1965 938 2087 961 commo-

1205 984 1293 1011 tionis
1308 978 1383 1019 felle
1402 984 1535 1019 rapiaris
1546 1003 1559 1019 ‚
1577 977 1650 1020 ficut
1671 979 1761 1013 nullis
1772 978 1923 1012 extolleris
1944 978 2088 1012 illecebris

1201 1028 1402 1073 gaudiorum,
1430 1037 1482 1068 ego
1492 1038 1542 1059 nec
1551 1033 1705 1063 minimum
1725 1030 1845 1072 quidem
1861 1027 1982 1071 faaeum
2008 1029 2090 1061 Bea-

1207 1077 1352 1111 titudinis
1373 1085 1433 1109 tuae
1454 1081 1637 1119 arrogantiae
1658 1084 1777 1112 memini
1798 1083 1967 1123 contagione
1983 1076 2093 1121 fusta-

1208 1133 1233 1160 ri
1247 1150 1256 1159 .
1278 1128 1298 1160 5
1300 1127 1339 1160 etl
1346 1130 1537 1168 impatienter
1538 1124 1646 1166 ferunt
1653 1123 1787 1158 homines
1800 1150 1812 1164 ,
1832 1127 1900 1169 fific
1910 1129 2061 1170 loquamur
2074 1150 2088 1167 ,

1209 1177 1348 1221 quomodo
1368 1175 1451 1210 nobis
1474 1173 1579 1218 conscii
1591 1172 1713 1218 sumus.
1745 1177 1837 1207 Aures
1857 1182 2004 1216 praterea
2027 1181 2093 1211 Ro·-

1210 1238 1364 1261 manorum
1386 1225 1520 1269 quadam
1540 1225 1739 1260 teneritudine
1752 1225 1825 1267 pias
1842 1222 2026 1258 trahuntur.-
2052 1229 2091 1259 In
2142 1246 2146 1247 ν

1211 1289 1299 1321 quam
1313 1276 1500 1319 fisam‘litas
1516 1273 1612 1320 suase
1622 1276 1780 1315 dimittat,
1800 1275 1988 1317 plurimum,
2015 1273 2095 1308 nihii

1208 1329 1409 1371 perditurus,
1433 1330 1579 1369 acquiris.
1613 1329 1665 1360 Da
1675 1323 1831 1366 mibiboc,
1858 1327 2028 1369 &exiguas
2040 1335 2094 1358 nu-

1213 1379 1264 1412 bes
1280 1386 1392 1420 parva·
1403 1380 1576 1410 mutationis
1588 1374 1756 1419 serenitate
1765 1373 1908 1418 compesce
1923 1401 1931 1408 .
1956 1373 2097 1410 Pascha·

1213 1429 1276 1462 sius
1295 1426 1494 1475 Qesnellus
1505 1427 1643 1462 affirmat
1654 1426 1767 1462 omnia
1780 1425 1902 1460 Hilarii
1916 1424 2002 1470 apud
2027 1424 2099 1459 Ur-

1214 1478 1287 1513 bem
1300 1479 1383 1512 Acta
1394 1476 1435 1511 ab
1445 1475 1612 1512 Auxiliari
1624 1501 1635 1518 ‚
1655 1475 1735 1511 teste
1744 1475 1900 1514 oculato,
1926 1473 2097 1510 laudari&

1214 1527 1345 1571 probari
1356 1551 1367 1569 ,
1378 1527 1410 1562 &
1421 1526 1592 1573 adjungit:
1620 1529 1757 1564 Hilarius
1764 1524 1814 1569 sui
1827 1523 1967 1568 Propoliti
1978 1534 2071 1560 tenax
2083 1549 2099 1565 ,

1210 1575 1328 1618 semper
1340 1579 1467 1617 aqualis
1475 1601 1489 1618 ,
1507 1580 1584 1617 jura
1589 1574 1653 1619 Juae
1665 1575 1799 1619 Ecclefiae
1811 1601 1822 1617 ,
1847 1577 1882 1610 &²
1893 1573 1982 1619 usque
1995 1576 2041 1608 ad
2047 1586 2100 1608 ex·

1215 1632 1342 1656 tremum
1357 1622 1500 1664 spiritum
1526 1624 1675 1664 obtinuit,
1702 1628 1736 1659 ὑ
1757 1637 1818 1666 qua
1826 1625 1957 1665 pollebat
1966 1626 2101 1666 eloquen-

1215 1674 1283 1708 tia,
1304 1668 1423 1708 strenue
1435 1669 1575 1709 defentm
1586 1691 1594 1699 .

1265 1717 1466 1762 Respondeo
1477 1715 1659 1752 Auxiliaris
1669 1715 1765 1752 verba
1777 1718 1839 1752 esse
1851 1718 1960 1753 afflicti
1975 1743 1986 1760 ‚
1998 1721 2101 1761 senis,

1216 1768 1359 1809 infirmi,
1384 1779 1423 1802 ac
1444 1766 1557 1812 magni
1575 1767 1727 1811 Episcopi
1738 1768 1957 1804 consolatoria
1970 1793 1980 1809 ‚
2007 1768 2100 1805 ideo-

1214 1828 1279 1861 que
1305 1829 1374 1852 non
1397 1827 1450 1861 per
1470 1817 1619 1852 fallacem
1643 1817 1886 1863 adulationem,
1913 1819 2028 1864 scripta
2049 1831 2099 1856 ta-

1215 1878 1291 1902 men
1316 1879 1372 1912 per
1392 1867 1659 1911 dispensatoriam
1676 1868 1996 1904 commiserationem
2009 1885 2020 1904 .-
2052 1871 2099 1907 Et

1214 1916 1326 1953 omnia
1349 1917 1499 1952 videntur
1521 1928 1616 1963 agere
1640 1918 1682 1953 de
1693 1917 1760 1953 sola
1772 1920 1975 1962 reparatione
1985 1918 2099 1955 Cheli—

1214 1968 1328 2003 donii.
1356 1967 1449 2003 Absit
1468 1977 1507 2002 ut
1521 1967 1787 2004 tantus'Romani
1801 1968 1931 2013 Imperii
1943 1969 2098 2005 Minister

1213 2027 1328 2053 contra
1339 2019 1468 2053 suorum
1482 2017 1671 2062 Principum
1685 2018 1822 2055 Avitam
1835 2018 1933 2055 fidem
1947 2044 1958 2061 ‚
1984 2020 2017 2055 &
2029 2032 2100 2065 per-

1214 2079 1344 2112 petuam
1356 2069 1391 2103 in
1406 2067 1574 2104 noviffima
1585 2070 1684 2104 etiam
1696 2080 1810 2105 contra
1821 2070 1990 2106 Hilarium
2022 2071 2097 2116 lege

1213 2118 1441 2162 profeffionem
1470 2118 1610 2154 laudarit
1633 2130 1688 2155 aut
1701 2120 1845 2165 probarit
1857 2121 2044 2168 impugnari
2055 2133 2094 2156 ac

1212 2169 1311 2203 everti
1334 2170 1502 2204 Romanas
1524 2170 1759 2214 appellationes
1779 2197 1787 2204 .
1814 2172 1939 2207 Fuisset
1967 2172 2094 2207 crimen

1211 2218 1306 2259 loesae,
1333 2219 1433 2253 etiam
1457 2217 1607 2253 humanae
1628 2220 1810 2264 Majestatis
1832 2246 1840 2254 .
1868 2220 1961 2257 Absit
1982 2232 2018 2258 ut
2042 2221 2095 2256 vel

1210 2269 1406 2313 cogitaverit
1417 2269 1549 2314 Magno
1572 2269 1679 2304 Leoni
1701 2271 1778 2305 talia
1795 2282 1975 2316 proponere
1987 2297 1994 2305 .
2022 2271 2095 2306 sin-

1210 2319 1288 2364 gula
1302 2319 1370 2363 eJus
1381 2318 1477 2355 verba
1491 2319 1566 2352 sunt
1590 2320 1846 2364 introspicienda
1860 2347 1868 2355 .

1259 2367 1373 2403 Primo
1396 2369 1504 2404 scribit
1525 2370 1558 2403 se
1579 2380 1656 2404 cum
1667 2370 1869 2407 Nestario&
1891 2371 2094 2408 Constantio

1211 2419 1380 2464 Episcopis
1403 2418 1583 2454 disseruisse
1604 2420 1645 2455 de
1664 2420 1782 2456 virtute
1801 2421 1902 2456 animi
1918 2447 1929 2463 ,
1952 2422 1995 2457 de
2006 2434 2095 2458 con-

1210 2470 1323 2504 stantia
1338 2494 1350 2509 ‚
1375 2469 1416 2503 de
1439 2480 1543 2504 rerum
1562 2478 1759 2505 terrenarum
1781 2482 1997 2516 contemptu,
2023 2485 2094 2517 quo

1209 2519 1357 2552 Hilarius
1371 2528 1440 2552 erat
1451 2518 1564 2552 beatus
1574 2543 1581 2550 .
1608 2520 1727 2554 Scribit
1738 2521 1842 2564 ipsum
1856 2522 1926 2556 solo
1937 2523 1999 2557 isto
2013 2534 2093 2558 con-

1211 2577 1360 2612 temptu,
1386 2575 1456 2602 non
1480 2567 1580 2602 etiam
1603 2569 1708 2603 animi
1731 2570 2091 2608 virtute&constantia

1209 2619 1301 2653 fuisse
1314 2618 1455 2654 beatum.
1468 2616 1599 2661 Nempe
1610 2618 1804 2662 disputavit,
1816 2631 1856 2653 an
1871 2622 1992 2656 Hilarii
2006 2622 2091 2658 Aua

1207 2669 1307 2703 essent
1316 2678 1388 2702 vera
1400 2667 1590 2703 constantiae
1603 2669 1703 2703 virtus
1717 2692 1728 2708 ‚
1749 2670 1782 2704 &
1793 2681 1869 2704 curn
1883 2680 1951 2705 tam
1962 2672 2091 2707 eximio

1208 2728 1312 2753 rerum
1323 2718 1564 2753 mundanarum
1577 2729 1769 2763 contemptu
1780 2719 1863 2755 reste
1872 2719 2066 2757 cohaererent
2079 2725 2093 2757 ?

1207 2769 1295 2817 Qs
1306 2779 1376 2803 non
1388 2767 1496 2803 videat
1505 2769 1612 2803 notari
1626 2769 1793 2804 Hilarium
1805 2772 1819 2804 ἓ
1831 2772 2009 2806 Auxiliaris
2021 2773 2091 2818 egit

1207 2830 1285 2854 cum
1306 2818 1374 2863 ejus
1402 2818 1558 2863 Legaris,
1585 2819 1634 2853 uti
1658 2830 1797 2865 magnus
1820 2820 2001 2867 Gregorius
2018 2824 2090 2868 egit

1207 2880 1284 2903 cum
1297 2868 1424 2912 Ioanne
1438 2868 1622 2912 Jejuuatore
1635 2892 1646 2908 ,
1659 2869 2034 2915 Constantinopolitano
2048 2873 2089 2906 E-

1208 2919 1339 2964 piscopo
1349 2942 1362 2961 ‚
1385 2917 1580 2954 Monasticae
1593 2916 1791 2955 humilitatis
1802 2922 2004 2955 tenaciffimo
2016 2947 2027 2962 ,
2040 2933 2088 2955 ro-

1206 2980 1289 3015 gans
1309 2980 1351 3003 an
1373 2966 1440 3003 haec
1462 2979 1538 3002 curn
1564 2968 1630 3011 ejus
1651 2968 1735 3004 circa
1759 2968 1942 3013 Universaiis
1969 2971 2089 3014 Episco-

1203 3025 1238 3061 pi
1263 3019 1395 3054 titulum
1422 3017 1531 3053 Gestis
1565 3018 1760 3053 conveniret
1776 3019 1793 3051 ἓ
1819 3019 1933 3054 Etiam
1959 3021 2085 3065 reliqua

1209 3068 1350 3103 Praefesti
1363 3066 1403 3102 ad
1415 3067 1581 3102 Hilarium
1595 3068 1688 3102 verba
1701 3091 1713 3108 ‚
1739 3068 1815 3103 licet
1828 3067 1950 3104 nobilis
1973 3069 2085 3107 huma·

1209 3119 1318 3154 nitatis
1329 3118 1522 3152 variotnelle
1532 3117 1728 3152 condiantur
1739 3142 1750 3159 ‚
1777 3119 1919 3154 omnino
1940 3131 2084 3166 arguunt

1207 3171 1240 3204 &
1262 3169 1459 3203 admonent.
1487 3166 1639 3208 Tantus,
1665 3167 1698 3203 δε
1726 3167 1811 3202 varie
1822 3170 1980 3212 afflffius,
2008 3171 2086 3218 Epi·

1207 3222 1321 3264 scopus
1331 3230 1399 3254 non
1418 3224 1484 3252 erat
1507 3216 1570 3252 sale
1594 3217 1832 3262 perfricandus.
