2326 3718
688 111 1592 174 R0MAN1s,appamia-iomanis.

55 206 114 237 l-ib'·
129 215 151 237 C·
165 218 192 243 4-
227 210 357 248 scribit:
378 208 452 250 ‘Post
479 209 588 244 libellos
606 211 626 242 ὰ
648 210 755 249 cyrillo
774 209 972 242 &Memnone
994 207 1106 246 oblatos

228 258 374 303 accersttur
378 262 411 304 J
414 271 523 293 oannes
536 285 547 301 ,
573 261 611 293 de
621 260 807 293 abdicatione
821 259 861 291 ab
877 257 938 302 ipso
943 257 1035 300 sabla
1046 254 1107 300 res-

224 308 370 354 ponficrus
385 332 393 342 .
420 310 501 343 Non
515 309 769 355 ampliusjudex
780 310 907 343 futurus
920 335 931 349 ‚
949 308 1002 343 sed
1018 318 1104 341 reus.

226 360 317 396 Idem
327 360 470 403 Scriptor
495 360 536 395 de
550 361 655 395 Sanisti
664 359 817 394 Flaviani
840 359 874 393 in
888 356 1107 402 Eutychetem

224 410 428 451 tetrastando
453 422 508 454 per
519 410 721 454 Ephefinum
733 409 962 444 Latrocinium
984 407 1108 452 judicio

225 458 295 496 haec
307 459 403 494 habet
419 475 430 495 :
456 460 622 503 Theodofius
636 459 689 500 ssa.
700 471 768 502 quae
776 459 939 504 sequuntur
949 483 959 500 ‚
985 459 1110 500 Elpidio

224 512 410 545 mandavit.
440 509 573 558 Elpidio
596 510 743 550 Com-iti,
773 511 931 546 directum
952 507 1037 542 istud
1051 508 1108 550 Sy-

225 560 347 595 nodale
372 559 553 605 Iudicium.
585 563 649 604 ,Qui
669 560 970 606 ante-hacJudtctum
991 559 1029 592 de
1041 561 1106 592 Eu-

224 610 304 650 tyche
326 610 526 656 Religiossffimo
545 610 659 645 abbate
671 613 824 652 tulerunt,
850 607 983 651 intersint
1004 612 1106 642 Conci-

225 663 263 695 Iio
283 662 328 696 illi
351 663 490 704 quidem,
516 662 549 694 (o'
566 662 665 704 quiete³
684 660 718 705 se
736 670 871 705 gerant,
895 661 929 693 ό·
943 659 1105 700 judicandi

224 711 438 746 authoritatem
461 711 574 745 nullam
594 711 724 747 habeant
746 734 757 750 ,
777 710 836 754 sed
852 719 1028 746 communem
1046 720 1105 742 om-

222 761 555 804 niumsanc‘liffimorum
571 765 698 800 Parrum
716 760 898 806 sententiam
908 758 1078 803 exspec‘lent
1092 772 1103 795 ‚-

224 812 479 855 Quandoquidem
499 823 556 853 ea,
583 824 650 857 quae
663 810 789 854 fuerunt
813 820 885 845 ante
897 810 936 844 ab
959 811 1016 845 illis
1021 811 1114 851 judi,

223 870 317 902 cata,
336 864 407 902 ‚iam
430 868 633 898 excutiuntur.
661 863 773 900 Etiam
792 859 832 895 de
844 859 1104 898 Chalcedonenfi

225 911 367 954 synodo
377 935 390 953 ‚
416 910 618 955 Ephefinum
631 911 786 948 Dioscori
804 911 845 944 de
855 912 971 944 saneto
981 911 1008 944 F
1009 910 1106 944 lavia-

223 972 272 995 no
283 961 443 1004 judicium
455 963 659 999 retrastatura
671 982 684 999 ‚
708 960 820 995 scribit
831 959 919 994 idem
932 960 1103 1005 Evagrius:

224 1014 331 1044 Leonis
342 1009 499 1052 Pontificis
527 1013 644 1044 Viturii
665 1010 852 1045 „venatoribus
870 1011 1013 1044 dixerunt
1037 1014 1108 1043 Dio-

219 1058 334 1103 [corum
353 1070 412 1091 non
435 1058 539 1094 debere
557 1071 624 1094 cum
648 1060 711 1094 illis
735 1066 768 1093 in
790 1062 922 1096 Concilio
943 1060 1084 1103 confidere
1098 1085 1105 1094 .

223 1108 307 1150 Istud
313 1114 392 1142 enim
402 1106 490 1151 suum
499 1108 676 1155 Episcopum
687 1114 817 1144 Leonem
826 1111 977 1154 mandaffie
992 1123 998 1143 :
1015 1112 1110 1154 ,Quod

220 1156 507 1202 quidemfiminime
525 1159 717 1204 observarent
729 1185 740 1202 ‚
761 1157 796 1205 se
807 1161 846 1195 ab
857 1159 985 1202 Ecclefia
1006 1159 1109 1203 difies-

218 1207 323 1252 suros.
351 1212 398 1242 Et
407 1220 473 1243 cum
482 1212 638 1245 Senatores
664 1220 825 1255 rogarent,
851 1223 992 1255 quaenam
1011 1217 1110 1247 crimi-

222 1271 267 1293 na
288 1259 482 1300 objicerentur
504 1259 641 1304 Dioscoro
654 1286 665 1303 ‚
690 1259 904 1307 responderunt
926 1263 1032 1302 illum,
1058 1266 1110 1305 qui

220 1307 413 1355 personam]
415 1311 509 1343 udicis
528 1319 645 1353 praeter
669 1323 787 1354 aequum
811 1314 845 1347 &¹
857 1313 962 1346 bonum
978 1311 1110 1356 suscepe-

226 1368 279 1393 rat
289 1383 302 1399 ,
326 1359 493 1402 deberepro
504 1361 643 1403 judicio,
668 1364 749 1406 quod
759 1361 821 1405 ipfit
831 1364 869 1396 de
878 1364 949 1396 aliis
971 1364 1111 1401 dederat,

220 1407 494 1453 iudiciumsubire.
523 1412 603 1455 ,Quae
623 1423 692 1446 eum
715 1413 857 1456 dixiffent
868 1437 880 1453 ‚
907 1411 1062 1456 Dioscorus
1073 1413 1110 1446 de

222 1458 372 1503 sententia
379 1463 506 1498 Senatus
517 1467 549 1494 in
560 1463 655 1500 medio
670 1461 805 1506 Conscffu
812 1463 944 1504 statutus
954 1463 992 1504 est
1001 1489 1009 1496 .
1042 1463 1111 1498 Uti

226 1509 450 1549 discutiendus
461 1522 533 1544 reus
544 1536 551 1542 .
579 1512 691 1545 Etiam
703 1512 875 1546 Liberatus
893 1514 1064 1546 Diaconus
1077 1515 1111 1546 iu

227 1557 399 1597 Breviario
421 1558 535 1594 scribit
554 1559 596 1594 de
607 1559 773 1602 Ephefino
794 1559 1010 1594 Latrocinio:
1038 1565 1112 1593 Con·

228 1617 379 1646 venerunt
399 1610 574 1651 Flavianus
593 1611 628 1644 ἐν
649 1609 794 1645 Eutyches
808 1632 818 1646 ‚
844 1618 1002 1651 tamquam
1027 1612 1110 1651 judi-

225 1655 337 1689 candi.
366 1654 439 1697 sz
456 1654 676 1700 pariformiter
696 1657 761 1690 rei.
789 1657 874 1704 Qae
896 1659 1010 1692 omnia
1036 1660 1111 1692 sunt

220 1703 397 1744 manifeste
417 1704 500 1745 facta
521 1704 614 1749 juxta
632 1705 836 1741 Sardicenses
859 1707 1037 1742 Canones.
1067 1708 1111 1742 Et

227 1755 271 1790 fic
284 1754 373 1788 vides
383 1754 469 1798 ipsos
479 1754 604 1790 laudari
617 1764 683 1790 tam
695 1756 713 1790 a
726 1757 840 1792 Graeco
856 1781 866 1797 ,
892 1758 992 1801 quam
1016 1757 1034 1792 ὲ
1049 1758 1110 1792 La-

227 1806 303 1841 tino
313 1804 476 1849 scriptore
484 1830 496 1847 ,
522 1816 620 1851 atque
632 1806 677 1841 ita
692 1807 728 1842 in
739 1817 876 1852 utraque
891 1808 1034 1843 Ecclesia
1047 1809 1111 1852 ple-

226 1854 271 1890 τιὲ
291 1866 328 1889 ac
340 1856 508 1898 aequaliter
531 1857 686 1902 viguisse.
713 1857 823 1892 Etiam
848 1867 928 1893 tunc
950 1858 1043 1894 fuiffe
1054 1871 1111 1894 no·

226 1905 367 1943 tiffimos
389 1918 428 1941 ac
443 1906 600 1950 probatos
621 1907 784 1944 Africanae
809 1908 959 1944 Ecclefiae
981 1935 987 1942 .
1015 1910 1110 1956 Qin

227 1955 336 1996 immo
357 1955 403 1991 est
424 1957 608 2002 Disciplina
630 1957 807 1994 Sardicenfi
830 1958 989 1995 Concilio
1009 1960 1112 2005 longe

228 2006 420 2048 antiquior..
446 2007 580 2046 Etenim
597 2008 743 2054 Magnus
756 2007 954 2045 Athanasius
965 2034 976 2051 ,
1001 2010 1019 2044 ὲ
1032 2010 1112 2054 Ty-

228 2057 276 2091 ria
287 2056 427 2099 Synodo¹
439 2058 473 2091 in
487 2059 734 2095 contumaciam
745 2060 919 2096 damnatus
932 2086 943 2101 ,
969 2060 1010 2095 de
1021 2057 1112 2095 istius

228 2105 342 2148 judieii
354 2107 531 2150 iniquitate
542 2110 613 2143 sstas
626 2110 849 2153 querimonias
861 2112 1000 2145 saecutus
1012 2135 1022 2151 ,
1050 2111 1112 2145 Re-

229 2155 321 2199 giam
344 2156 510 2193 civitatem
535 2159 746 2203 &Magnum
765 2159 998 2202 Imperatorem
1022 2161 1112 2194 Con-

230 2204 414 2243 stantinum
436 2208 587 2249 acceffit,
612 2208 645 2242 ὅ(
659 2208 714 2243 hic
735 2207 775 2243 ad
787 2210 878 2243 istius
889 2209 1018 2253 Synodi
1031 2211 1113 2254 Epi-

230 2254 345 2297 stopos
357 2256 443 2289 varia
460 2256 582 2299 scripsit
602 2256 643 2290 de
656 2269 745 2301 aequa
765 2257 962 2301 judiciorum
983 2261 1089 2294 forma
1101 2283 1112 2300 ,

230 2305 267 2337 &
278 2303 425 2349 adjungit
439 2319 449 2339 :
474 2309 578 2350 ‚Quam
589 2308 623 2341 ob
634 2307 750 2351 causam
761 2318 794 2342 ut
801 2311 925 2351 propere
935 2311 980 2343 ad
986 2309 1114 2351 nostram

232 2357 382 2388 Pietatem
396 2362 531 2390 veniatis
542 2359 606 2390 volo
615 2383 625 2398 ‚
651 2368 685 2392 ut
697 2361 732 2392 (5
741 2370 839 2393 rerum
850 2362 871 2393 a
880 2359 965 2394 vobis
976 2360 1114 2394 adlatum

232 2404 371 2437 exotium
385 2411 529 2439 rationem
542 2408 624 2440 nobis
636 2407 805 2443 exhibeatis
819 2434 830 2450 ‚
856 2413 890 2444 (τ
902 2412 939 2443 de
952 2410 1037 2444 vobis
1048 2410 1115 2452 ipfis

228 2452 432 2497 satisfaciatis
458 2481 466 2488 .
494 2458 589 2490 Sacra
614 2459 717 2492 exstat
744 2460 829 2502 apud
858 2459 1115 2494 Ecclefiasticam

234 2503 450 2538 Caesaraeenfis
461 2505 593 2540 Eusebii
616 2506 785 2542 historiam
797 2534 805 2541 .
833 2510 890 2543 Est
908 2508 1119 2553 Apostolicus

234 2552 355 2587 Canon
380 2579 391 2594 ,
418 2553 607 2599 defilmptns
627 2569 668 2594 ex
689 2557 837 2600 judiciali
859 2559 1030 2603 disciplina
1052 2561 1119 2607 Ro-

233 2614 341 2641 manae
356 2605 563 2647 reipublicae,
590 2607 737 2642 firmatus
760 2619 814 2651 per
833 2608 1052 2645 Sardicensem
1065 2612 1119 2653 Sy-

235 2653 362 2687 nodum
377 2676 386 2692 ‚
399 2666 436 2688 ac
447 2654 592 2691 redastus
602 2657 637 2690 in
649 2658 812 2702 Scriptum
824 2684 831 2692 .
844 2660 950 2694 Hunc
959 2660 1120 2695 esreistius

236 2703 366 2746 Sy-nodi
377 2704 506 2742 sensum
515 2731 525 2747 ‚
549 2707 584 2744 ὅς
597 2709 684 2750 prior
694 2708 728 2742 ὃς
739 2710 898 2752 posterior
908 2711 1014 2746 totius
1025 2710 1119 2746 Chri-

236 2752 410 2788 stianitatis
430 2758 636 2792 consuetudo
648 2759 785 2793 evincit.
815 2759 919 2794 Porro
937 2763 1119 2796 Dioscorus

234 2813 274 2838 ac
283 2804 416 2843 Sanstus
427 2806 603 2841 Flavianus
626 2819 719 2842 erant
731 2810 925 2845 Patriarchae
938 2825 948 2845 .·
976 2811 1119 2847 Proinde

234 2851 276 2888 ab
286 2853 346 2888 ista
356 2856 509 2899 appellati
525 2858 648 2901 Judicis
659 2860 693 2892 in
717 2871 807 2894 reum
817 2859 1031 2897 demutatrice
1044 2862 1119 2907 lege

235 2903 344 2938 nullus
367 2917 534 2948 unquam,
560 2909 618 2942 nisi
641 2910 815 2946 Romanus
836 2910 997 2947 Pontifex
1016 2937 1029 2954 ,
1055 2913 1118 2947 fuit

237 2962 293 2995 per
305 2954 459 2991 Canones
477 2969 649 3002 exemptus
660 2986 667 2992 .

285 3000 465 3059 Easchafius
487 3009 682 3055 Qesnellus
703 3012 801 3045 errori
827 3012 1013 3057 superaddit
1034 3013 1118 3047 calu-

240 3059 386 3108 ῐῠῠξαω,
411 3058 552 3095 scribens
575 3060 666 3104 quod
677 3061 811 3096 Sanctus
825 3062 896 3097 Leo
919 3064 954 3097 in
976 3066 1117 3098 tetradia-

242 3110 330 3141 t.0r¹9
340 3102 529 3143 Chelidonii
541 3110 671 3153 Judicio
692 3123 761 3146 non
782 3113 907 3147 dederit
917 3113 1051 3148 Hilario
1063 3114 1118 3157 Sy·

242 3150 399 3209 nodalern
420 3160 601 3194 consessum
624 3172 721 3205 atque
742 3163 931 3209 suffragium
950 3189 958 3197 .
984 3165 1119 3198 Etenim

243 3209 443 3259 &putta-rium
454 3208 626 3244 mnifesto
638 3221 724 3255 patet
746 3225 787 3248 ex
800 3213 851 3248 his
868 3213 971 3249 verbis
980 3214 1119 3249 Pontifi-

242 3262 302 3284 clae
311 3252 455 3310 eP¹st91ffi
465 3256 506 3294 ad
519 3258 696 3306 Episcopos
707 3263 890 3300 Provinciae
898 3264 1094 3299 Viennensis
1107 3278 1118 3298 .-

242 3301 381 3360 Ηῑῖῆῖὶμῑ
393 3302 538 3347 7¹⁰blss¹⁴m
547 3308 668 3348 “fidens
679 3338 686 3346 .
707 3313 841 3359 Utique
851 3314 885 3348 in
897 3317 1117 3350 retractator-io

242 3347 392 3392 Iudicio.
422 3354 639 3401 Nequaquam
647 3372 689 3395 ex
699 3365 864 3399 sacrorum
873 3366 1054 3401 Canonum
1065 3366 1118 3399 de-

56 441 130 479 Cap·
149 451 191 471 10.

53 1587 130 1623 Cap·
147 1596 191 1616 η.

66 3307 140 3348 Cap.
158 3317 186 3348 3.

1166 203 1224 240 Ob
1245 204 1368 238 famam
1395 202 1438 236 de
1457 201 1581 241 Hilarii
1602 203 1814 251 sanstknqnig
1840 206 1865 251 j}
1892 204 2054 247 Eandem

1167 254 1306 299 gratiam
1317 252 1441 288 Hofius
1452 251 1488 286 iu
1501 252 1679 293 sardicensi
1693 256 1966 300 Synodoobtulit
1979 258 2048 292 Eu-

1167 304 1305 346 sebianis
1317 302 1486 348 Episcopis
1499 316 1511 338 .-
1537 301 1593 337 Ad
1605 303 1805 348 mitigandos
1819 308 1969 352 ,ipsoram
1980 306 2049 346 ani-

1168 366 1262 396 mos,
1288 353 1329 388 ad
1344 351 1582 398 pacificandam
1602 353 1780 388 Ecclefiam
1792 380 1799 386 .
1827 358 1980 400 Eundem
1988 369 2050 400 ea*

1167 406 1242 440 dem
1263 403 1305 438 de
1315 404 1409 439 causa
1427 402 1591 443 honorem
1613 403 1841 439 Orientalibus
1853 407 2045 452 Episcopis‚

1167 456 1223 500 qui
1245 454 1437 490 Maximum
1449 453 1618 500 Cynicum
1638 453 1893 496 damnaverant,
1919 459 2054 501 obtulg.

1167 515 1243 541 runt
1259 506 1391 542 Sanetus
1413 505 1502 551 Papa
1515 504 1682 542 Damasus
1701 516 1740 541 ac
1760 504 1896 540 Sanctus
1909 507 2050 544 Ambro.

1168 557 1247 593 ssus,
1452 570 1455 571 ⁷

1218 603 1404 650 Paschasius
1417 606 1617 654 Qesnellus
1627 604 1845 647 calamuiatur
1863 605 1964 646 etiam
1975 608 2051 642 San-

1167 658 1258 703 crum·
1282 657 1490 702 cyprianum
1513 682 1525 699 ‚
1563 669 1601 692 ac
1625 657 1778 692 Sannum
1804 655 2053 701 Augustinum.

1167 707 1300 742 Etenim
1325 706 1435 747 scribit
1457 732 1469 749 ‚
1494 707 1585 751 quod
1605 706 1759 743 Aurelius
1778 707 1813 743 ὅ(
1833 706 1971 752 quidam
1993 707 2056 742 alii

1168 758 1328 792 Afrorum
1343 757 1500 802 Episcopi
1511 757 1807 796 suaevinfeliciffimae
1829 769 1867 792 ac
1877 757 2057 802 prevarica-

1167 807 1257 844 tricis
1277 808 1318 842 ad
1331 807 1542 849 Gaelestinum
1554 808 1755 848 Pontificem
1776 807 1919 852 epistolae
1937 806 2058 842 funda-

1169 867 1278 892 menta
1301 856 1468 892 hauserint
1490 869 1531 892 ex
1542 858 1662 898 Sanfio
1685 858 1879 904 Cypriano,
1904 857 2055 902 adeoque.

1168 908 1258 952 quod
1270 907 1607 952 SanstusCyptianus
1624 908 1796 946 Romanas
1817 907 2056 953 appellationes

1168 958 1266 992 fuerit
1279 959 1380 993 etiam
1391 959 1553 995 aversatus
1563 983 1571 991 .
1599 958 1657 995 Est
1677 957 1852 1002 manifesta
1868 954 2036 996 calumnia
2047 981 2058 990 .

1170 1008 1306 1042 Etenim
1333 1008 1423 1050 quod
1443 1008 1606 1052 gloriosus
1643 1008 1703 1048 iste
1726 1009 1860 1052 Martyr
1885 1006 2061 1042 Romanas

1170 1056 1408 1094 Africanorum
1427 1057 1664 1102 Episcoporum
1688 1055 1941 1104 Appellationes
1958 1067 2061 1102 agno-

1170 1107 1276 1148 verit,
1304 1118 1342 1142 ac
1363 1106 1463 1141 fuerit
1480 1106 1662 1153 reveritus,
1687 1111 1853 1148 evincunt
1864 1107 1935 1152 ejus
1946 1108 2063 1149 litterae

1169 1157 1212 1193 ad
1223 1158 1375 1194 sanctam
1387 1155 1510 1203 Papam
1521 1155 1740 1194 Cornelium.
1756 1159 1827 1192 Suo,
1835 1158 1911 1192 loco
1923 1157 2065 1195 demon«
2084 1166 2227 1210 Epffi.55,

1171 1208 1322 1245 strabitur
1331 1233 1339 1241 .
1367 1206 1554 1248 Paschasius
1564 1205 1764 1252 Qesnellus
1773 1205 1918 1246 similiter
1928 1206 2040 1245 scribit
2050 1231 2065 1248 ,

1172 1259 1263 1304 quod
1275 1259 1360 1294 inter
1373 1257 1551 1293 Africanos
1564 1255 1828 1300 praevaricat-oriz
1835 1255 1981 1298 epistolae
1994 1256 2066 1293 Au-

1171 1309 1284 1344 thores
1306 1317 1426 1353 magna
1449 1319 1521 1351 pars
1546 1308 1645 1343 fuerit
1673 1307 1808 1341 Sanetus
1834 1304 2063 1350 Augustinus.

1174 1359 1404 1395 calumniose.
1435 1358 1477 1393 Ei
1500 1369 1561 1393 nec
1586 1357 1794 1403 Augustinus
1817 1357 1912 1395 suum
1937 1367 2070 1395 nomen·

1175 1410 1312 1456 praefixit
1333 1419 1391 1444 aut
1411 1409 1612 1452 subscripsit,
1626 1420 1697 1454 *nec
1707 1407 1843 1452 Alipius
1855 1431 1867 1448 ,
1893 1405 2066 1441 necPoffi-

1175 1461 1248 1496 dius
1262 1483 1273 1500 ,
1300 1471 1362 1495 nec
1372 1460 1539 1504 quisalius
1550 1458 1742 1504 Augustino
1752 1457 1925 1495 familiaris
1935 1456 2068 1500 Episco-

1177 1523 1255 1555 pus.
1283 1511 1389 1559 Qod
1414 1511 1583 1549 Romanas
1610 1510 1772 1544 Afrorum
1794 1507 1994 1543 Antistitum
2013 1518 2068 1550 ap-

1179 1561 1374 1603 pellationes
1386 1562 1442 1595 ille
1463 1563 1586 1604 semper
1595 1560 1777 1598 defenderit
1788 1557 2044 1599 constantissime
2054 1580 2070 1599 2

1178 1609 1403 1650 demonstrant
1425 1611 1533 1657 plures
1560 1610 1657 1652 ipsius
1683 1609 1757 1646 libri
1781 1619 1878 1652 atque
1903 1607 2069 1651 epistolae.

1142 1700 1143 1703 Ἰ
1179 1660 1284 1703 Quod
1305 1660 1390 1700 ipsas
1412 1660 1514 1696 etiam
1537 1668 1618 1693 tunc
1641 1656 1843 1696 defenderit,
1867 1657 2067 1696 demonstrat
2087 1671 2245 1713 Epist.261·

1171 1706 1246 1749 ,ejus
1257 1705 1298 1740 ad
1320 1706 1475 1740 sanetum
1487 1707 1697 1743 Caelestinurn
1713 1703 1848 1750 epistola
1859 1729 1870 1745 ‚
1897 1707 2013 1749 scripta
2027 1705 2069 1740 de

1181 1757 1274 1791 causa
1285 1754 1431 1791 Antonii
1443 1755 1599 1801 Episcopi
1612 1755 1802 1794 Fuffalenfis
1814 1779 1820 1788 .
1849 1757 1933 1791 Sunt
1945 1766 1994 1790 res
2007 1756 2069 1791 suo

1181 1807 1259 1843 loco
1278 1805 1502 1842 elucidandae.

1320 2000 1362 2045 C
1398 1999 1515 2045 A-.P
1552 2001 1598 2047 U
1633 1997 1677 2047 T
1747 2002 1930 2048 XVII.

1212 2122 1411 2186 Purgatur
1446 2122 1559 2165 tertia
1593 2122 1632 2166 in
1666 2118 1850 2167 Sanilum
1875 2122 2062 2182 Leonem'

1506 2186 1697 2238 calumnia
1722 2227 1737 2239 .
1889 2204 1891 2206 ’

1182 2306 1636 2394 PAschafius·Qesnellus
1646 2311 1752 2356 pergit
1770 2311 1805 2345 in
1818 2312 1973 2346 Sanctum
1986 2310 2073 2348 Leo«

1278 2371 1377 2395 nem:
1403 2361 1535 2395 Tertium
1557 2366 1648 2394 etiam
1670 2362 1783 2395 vulnus
1799 2361 1971 2396 Canonibus
1992 2361 2072 2405 infli7

1180 2409 1248 2452 xiffi·
1273 2413 1331 2445 Leo
1351 2409 1471 2445 videtur
1495 2434 1507 2451 ‚
1545 2421 1611 2444 cum
1632 2409 1840 2445 Chelidonium
1864 2416 2073 2445 communionis

1175 2458 1240 2502 suae
1258 2466 1437 2502 participem
1448 2462 1527 2502 fecit
1552 2484 1563 2500 ,
1591 2464 1625 2495 (τ
1642 2459 1738 2503 sacris
1762 2462 1916 2497 Altaribus
1939 2461 2071 2503 intereffe

1176 2509 1276 2553 paffus
1297 2509 1336 2548 est
1349 2533 1360 2549 ,
1386 2517 1546 2550 antequam
1558 2511 1623 2549 ejus
1632 2509 1728 2554 causae
1738 2522 1865 2545 examen
1887 2512 1925 2545 de
1936 2521 2014 2544 novo
2025 2515 2070 2543 in-

1175 2558 1363 2599 stitueretur.
1387 2560 1482 2602 ,Quod
1486 2559 1590 2602 procul
1609 2558 1699 2594 dubio
1710 2563 1871 2595 Canonicae
1893 2558 2070 2603 dispofitioni

1179 2615 1357 2652 eontrarium
1375 2617 1440 2644 erae
1449 2632 1461 2649 ,
1488 2620 1549 2651 qua
1558 2609 1726 2649 cautum&
1734 2618 1858 2652 propter
1869 2610 2003 2651 Ecclefiae
2013 2612 2070 2647 Ja-

1179 2661 1353 2703 cerdotiique
1375 2659 1540 2702 indivisam
1567 2664 1715 2695 unitatem
1725 2678 1741 2700 ,=
1760 2665 1805 2694 'ut‘
1819 2665 1871 2702 qui
1895 2662 1917 2692 ἃ
1937 2659 2067 2704 singulii-

1179 2709 1337 2754 Epifiopis
1352 2708 1539 2753 sementum
1558 2710 1762 2744 damnationis
1789 2717 1964 2752 exceperunt
1988 2733 1999 2749 ,
2026 2709 2066 2743 ab

1178 2761 1313 2795 omnibus
1329 2768 1388 2803 per
1399 2769 1494 2795 totam
1515 2758 1673 2801 Ecclefiam
1683 2760 1848 2801 constitutis
1860 2759 2067 2794 Sacerdotibus

1179 2813 1318 2845 damnati
1338 2808 1512 2854 censeantar
1534 2835 1541 2843 .
1580 2809 1727 2846 Adducit
1754 2811 1861 2846 varios
1887 2812 2068 2851 Canones,

1179 2862 1235 2906 qui
1258 2861 1300 2896 ab
1322 2873 1392 2896 uno
1404 2861 1569 2905 Episcopo
1589 2859 1781 2896 damnatum
1802 2870 1913 2896 vetant
1933 2860 2068 2895 admitti

1179 2911 1219 2946 ab
1241 2912 1329 2951 alio,
1353 2913 1388 2946 ἀ
1410 2912 1633 2956 prosequitur:
1660 2913 1767 2955 ,Quam
1791 2911 1951 2954 consultiits
1973 2915 2065 2954 igitur

1178 2967 1313 2996 imitatus
1323 2962 1386 3005 effer
1397 2962 1525 2995 Sandus
1539 2965 1599 2995 Leo
1609 2960 1744 3002 Ecclefiae
1754 2964 1897 2994 Romanae
1912 2963 2062 2998 Procnes,
2086 2977 2187 3010 Haerefi
2196 2988 2241 3014 72·

1177 3024 1246 3055 quot
1267 3013 1334 3046 olim
1358 3016 1491 3046 Marcion
1517 3010 1733 3053 Haerefiarcba,
1760 3012 1781 3043 ἃ
1797 3016 1920 3054 proprio
1932 3013 2065 3044 Parente

1177 3061 1319 3106 Episcopo
1338 3062 1466 3104 Ecclefia
1487 3061 1593 3104 pulsus
1619 3086 1630 3102 ‚
1665 3062 1775 3095 adiens
1799 3070 1834 3095 ut
1861 3059 2065 3102 Ecclesiasticae

1178 3112 1599 3154 communionirestitueretur,
1626 3122 1780 3154 nunquam
1792 3110 1842 3144 boc
1859 3111 1898 3144 ab
1921 3117 1963 3145 eis
1986 3111 2064 3144 obti-

1179 3175 1244 3197 nere
1249 3169 1366 3205 potuit,
1391 3163 1458 3199 teste
1470 3165 1489 3195 5
1492 3162 1576 3195 ando
1587 3161 1761 3204 Epiphanio
1774 3186 1783 3201 ,
1805 3160 1863 3204 sed
1871 3161 1927 3195 bac
1945 3161 1984 3195 ab
2001 3162 2064 3194 illis

1178 3211 1349 3257 responsione
1360 3210 1560 3255 repulfitsest:
1588 3212 1663 3246 Nos
1675 3211 1792 3254 injussu
1818 3212 1994 3246 venerandi
2007 3211 2067 3244 Pa-

1179 3266 1236 3298 tris
1248 3264 1295 3299 tui
1307 3262 1502 3298 facereillud
1514 3274 1582 3297 non
1596 3262 1780 3305 possumus.
1810 3261 1894 3297 Una
1907 3261 2063 3304 siquidem

1178 3315 1257 3349 fides
1269 3339 1279 3354 ‚
1304 3314 1337 3347 δε
1350 3313 1537 3348 animorum
1551 3324 1616 3347 una
1628 3314 1799 3347 consensio
1814 3338 1821 3345 .
1849 3313 1970 3356 Neque
1987 3321 2064 3346 con-

243 3399 276 3436 δ.
552 3408 558 3414 ,
1153 3369 1161 3430 Ι
1178 3375 1224 3400 tra
1236 3364 1496 3420 spestatiffimum
1511 3363 1687 3409 Collegarn
1711 3363 1840 3398 Patrem
1864 3373 1959 3398 tuum
1970 3359 2063 3405 quid-

267 3411 316 3439 ’ῑο
325 3425 336 3443 ³
361 3402 414 3439 sed
424 3416 464 3440 ex
475 3408 621 3451 gs²t10s0
634 3408 793 3450 beneficio
805 3415 883 3453 fecit
893 3415 925 3451 id
937 3415 1116 3451 Pontifex:
1153 3431 1158 3464 ρ
1178 3426 1276 3461 quarn
1289 3414 1405 3450 moliri.
1410 3415 1576 3460 possumus
1588 3439 1594 3447 .
1610 3418 1674 3449 ¹,Ita
1686 3416 1768 3451 Cleri
1779 3418 1906 3448 Romani
1917 3415 2060 3450 Senones,

1973 3459 2015 3494 ab
