2326 3718
642 112 921 157 Romanis
955 104 1527 158 Apperrnnomnus.

186 197 246 241 sed
252 206 369 233 tantum
381 206 417 233 ut.
433 196 490 239 ipfi
508 196 604 231 liceret
624 198 771 231 decernere
783 220 794 237 ,
818 203 852 229 ut
862 194 946 239 causa
955 196 1057 239 aliqua

190 249 362 284 retraaemr
381 253 414 280 in
436 248 537 280 eadem
563 250 745 288 Provincia,
769 246 821 280 ubi
829 246 913 288 prius
917 248 1056 288 Judicata

189 299 229 339 est
241 324 252 340 ,
275 308 354 333 utex
363 302 449 331 tertio
459 322 470 338 ,
496 299 530 332 (θ’
554 304 656 341 quinto
666 322 677 338 ,
703 294 823 339 aliisque
834 296 921 338 hujus
935 297 1057 330 concilia·

190 348 357 383 canonibus
376 356 463 390 patet
475 373 482 381 .
509 351 555 382 Et
576 352 724 391 imprimis
742 352 835 380 etiam
846 345 1057 390 observandum

186 399 246 440 est,
270 409 360 441 neque
379 398 431 432 boc
442 423 452 438 ‚
478 400 625 442 quidquid
641 398 681 439 est
684 398 840 441 privilegii
851 422 862 438 ,
888 399 940 431 vel
955 398 973 430 e*
985 399 1058 430 Scri-

179 453 285 492 ‘pturis
295 473 306 490 ,
331 449 425 482 velex
434 455 562 491 antiqua
573 450 731 482 traditione
745 472 756 488 ,
781 457 834 480 aut
856 446 1059 490 consuetudine

185 502 209 533 ἃ
233 498 378 536 Patribus
395 497 608 540 Sardicenfibus
626 496 769 540 Episcopo
780 501 911 531 Romano
923 496 1059 540 offeritur

185 550 222 584 (⁴5
232 548 395 589 instituitur
405 572 416 588 ,
436 548 496 592 sed
507 549 624 581 tantum
632 554 666 581 in
676 548 811 582 bonorem
834 547 937 581 sanai
954 549 1038 580 Petri
1047 570 1057 577 ‚

185 600 234 631 Sic
243 605 322 632 enim
338 597 436 640 Hosius
449 597 611 641 Episcopus
624 597 815 640 Cordubenfis
829 622 840 639 ‚
864 603 917 640 qui
931 597 1058 630 Concilio

179 655 317 692 praerat
333 674 341 680 .
367 650 445 682 Adeo
462 658 497 681 ut
519 650 634 682 nullum
654 649 740 682 aliud
766 657 835 681 tunc
853 651 993 688 temporis
1009 647 1058 688 jis

181 698 289 740 praeflo
311 699 376 742 effet
391 707 596 742 argumentum
608 722 619 738 ,
643 709 700 740 quo
720 697 958 740 bocfundaretur
971 719 984 736 ,
1008 693 1064 737 nifi

183 757 219 782 ut
229 754 369 782 memoria
376 748 479 782 saner
491 751 574 782 Petri
585 772 595 787 ‚
617 756 673 790 per
686 747 854 791 hujusmodi
865 747 1060 790 privilegium

185 797 330 842 Episcopo
339 801 473 833 Romano
491 795 641 833 indultum
652 821 664 839 ,
689 798 898 832 honoraretur.
922 796 1005 831 Sunt
1015 795 1062 840 ip·

181 846 301 883 fiffirna
314 849 497 882 nostrorum
510 849 717 883 Novatorum
741 856 929 892 argumenta
940 847 974 881 &
985 847 1062 881 Sen-

1828 130 1922 178 107

1114 205 1171 230 non
1188 195 1241 239 effe
1260 194 1467 228 mandandum
1480 220 1490 227 -
1516 198 1595 228 Cum
1614 200 1719 243 itaque
1739 200 1931 245 Arbanafium
1955 209 1989 240 in

1109 244 1197 289 suam
1212 250 1439 280 communionem
1459 242 1618 288 sulbeperit
1632 271 1645 287 ‚
1668 251 1746 284 nihil
1762 252 1795 294 se
1818 254 1990 289 canonibus

1114 295 1276 339 adversum
1285 295 1386 341 egisse,
1409 298 1549 339 quoniam
1554 293 1704 338 sententia
1725 310 1993 339 excommunicatio·

1116 352 1164 380 nis
1174 346 1255 380 nulla
1263 354 1344 379 erat.
1372 347 1492 391 ,Quibus
1513 347 1635 380 addidit
1654 359 1802 382 momenta
1827 363 1863 384 ex
1876 353 1992 397 visi-eri·

1114 396 1167 429 bus
1187 394 1282 439 causae
1303 401 1401 439 petita
1410 421 1422 437 ,
1438 395 1606 440 falsstatem
1635 399 1776 431 mrum
1798 402 1993 444 accusationis

1112 446 1272 488 probatam
1283 446 1467 483 authoritate
1478 447 1611 481 Morum
1622 470 1635 488 ‚
1657 450 1848 491 quamplures
1861 455 1994 486 Orientis

1115 496 1276 540 Episcopus
1297 499 1319 530 ἃ
1340 503 1537 532 communione
1553 495 1613 540 sua
1624 509 1683 532 non
1690 498 1852 543 abstinuisse
1864 499 1995 534 Athana-

1111 545 1185 587 fium
1195 570 1205 587 ‚
1229 545 1348 587 tametfi
1351 548 1554 581 damnationis
1562 546 1710 590 firmentur
1727 553 1760 582 in
1771 561 1836 583 eum
1848 551 1912 583 lata
1917 550 1997 594 fuis-

1114 594 1162 638 set
1173 608 1182 639 ;
1208 605 1272 629 tum
1282 597 1357 631 nolle
1372 597 1532 641 Epistopos
1542 600 1711 632 Orientales
1719 600 1754 633 in
1765 611 1855 635 unum
1864 605 1999 634 conveni-

1117 656 1150 679 re
1159 669 1170 686 ‚
1196 653 1337 688 quamvis
1346 655 1403 689 per
1416 651 1545 693 Legatos
1553 647 1744 693 consenfisertt
1754 673 1766 689 ‚
1789 658 1824 683 ut
1839 653 1924 692 Papa
1933 654 1962 695 J
1968 660 2000 683 u-

1119 696 1178 729 lt'us
1200 696 1352 738 universos
1365 695 1524 741 Episcopos
1545 702 1670 732 Romam
1679 709 1816 734 evocaret
1835 708 1893 742 pro
1905 696 2000 743 disi-u-

1118 745 1223 779 tienda
1232 744 1320 788 causa
1331 746 1480 790 Athanafii
1493 773 1501 780 .
1531 751 1581 780 Ait
1588 748 1728 790 postremo
1749 749 1823 783 nihil
1847 750 1999 784 adversus

1120 797 1241 829 statuta
1250 799 1286 828 N
1287 801 1372 830 icaeni
1382 800 1505 831 concilii
1516 803 1629 831 tentari
1637 823 1649 839 ,
1669 798 1700 841 fi
1709 810 1776 841 quae
1785 801 1910 838 synodus
1922 811 2001 843 qua-

1116 850 1202 888 piam
1203 844 1313 884 statuit
1323 870 1335 886 ,
1360 852 1394 880 in
1402 846 1554 889 posteriore
1563 848 1763 882 remoremur
1775 872 1782 880 .
1810 850 1927 883 alludit
1948 860 2001 883 atta

182 898 217 931 sa
229 922 237 931 .
264 897 399 932 Certum
415 899 461 932 est
483 900 546 933 esse
556 897 666 931 hausta
675 908 717 930 ex
729 896 802 939 ipsis
812 921 820 928 .
847 896 937 930 Nam
956 896 992 929 ἁ
1005 895 1060 928 Be·
1121 905 1180 939 tem
1191 896 1235 928 ad
1243 897 1384 934 synodum
1401 899 1658 939 Alexandrinam,
1683 905 1731 933 cui
1741 907 1859 932 centum
1883 899 2004 944 Episco-

182 947 338 992 *veregius
353 948 526 991 profitetur
534 945 707 981 rescribere
716 957 758 981 ex
777 944 921 989 ipsorum
946 946 1060 986 sonte,
1117 950 1153 987 pi
1163 944 1381 987 interfuerant,
1403 952 1437 980 in
1456 959 1518 989 qua
1529 949 1692 982 damnatus
1705 948 1773 990 fuit
1785 952 1874 982 Arius
1885 973 1895 989 ‚
1921 952 2003 991 cujus

177 994 367 1030 Hiucmaro
378 994 554 1029 Rhemensi
564 1019 575 1027 .

297 1217 341 1263 C
377 1216 422 1262 A
455 1215 491 1261 P
523 1214 573 1261 U
606 1211 651 1260 T
730 1214 947 1262 XXVIII.

179 1329 445 1400 Difiutiuntur
476 1331 560 1381 alia
579 1334 733 1379 Domini
751 1328 1066 1402 Archi-Epfiopi

321 1407 519 1469 Dogmata
551 1404 654 1449 circa
671 1397 925 1468 Sardicenfim

519 1470 734 1527 synodum.

278 1589 423 1625 eminus
443 1587 739 1631 Archi-Episcopus
756 1588 792 1621 in
804 1598 922 1629 quarto
935 1589 1064 1632 septimi

303 1637 377 1671 libri
399 1638 507 1680 capite
529 1635 597 1670 haec
621 1635 730 1671 scribit
744 1650 766 1669 ..·
794 1638 1005 1671 Adnotaendum
1025 1638 1064 1679 est

181 1692 319 1730 iniquum
339 1689 455 1719 omnino
475 1683 574 1729 visum
590 1686 640 1729 effe
651 1685 847 1720 Orientalibus
861 1711 872 1728 ,
895 1684 922 1726 fi
930 1689 1063 1722 Occiden-

182 1738 262 1771 tales
288 1736 452 1780 Episcopi,
475 1741 619 1769 etiam'in
635 1736 773 1778 plenario
791 1738 943 1778 Concilio,
967 1745 1063 1771 tenta-

183 1795 249 1821 rent
258 1786 422 1821 retrafflare
424 1789 457 1831 J
459 1787 557 1820 udicia
567 1790 599 1819 in
611 1787 730 1826 synodis
746 1786 952 1821 Orientalibus
957 1787 1062 1829 sada,

184 1838 265 1880 quod
285 1847 315 1869 eo
331 1836 422 1878 pallo
432 1835 539 1870 barum
551 1837 724 1874 synodorum
734 1836 943 1871 authoritatem
954 1839 1063 1872 violari

183 1885 371 1928 ataulfi-stum
391 1885 473 1929 effl’t.
505 1889 611 1927 Itaque
629 1891 687 1920 vix
708 1887 791 1920 credi
808 1887 922 1929 potest,
948 1898 995 1922 eos
1015 1893 1062 1921 ita

184 1945 367 1979 comparatos
374 1934 461 1979 fuisse
473 1961 484 1977 ,
509 1935 638 1979 ursolius
649 1940 778 1970 Romani
789 1938 940 1981 Pontificis
963 1937 1063 1971 autbo-

182 1992 306 2021 ritatem
320 1984 377 2030 fita
383 1984 559 2029 superiorem
572 1987 623 2030 effe
640 1985 860 2028 confiterentur.
888 1987 1062 2031 Praesertim

186 2046 253 2070 cum
272 2034 401 2078 schisma
413 2043 542 2069 recenter
563 2038 716 2070 adversus
724 2036 804 2070 illum
810 2037 967 2080 fecissent,
985 2048 1063 2072 eum-

186 2096 243 2129 que
263 2084 297 2118 ob
316 2084 367 2118 hoc
386 2086 693 2128 excommunicassent,
719 2088 801 2129 quod
812 2091 913 2127 Caput
937 2087 1002 2131 effet
1019 2099 1063 2121 eo-

185 2146 272 2176 rum,
301 2140 352 2178 qui
370 2135 446 2178 leges
469 2133 679 2177 Ecclefiasticas
697 2135 804 2178 peffum
813 2136 978 2170 dederant:
1008 2136 1062 2172 Ut

186 2185 318 2218 Ducem
345 2183 571 2227 &Principem
581 2184 742 2219 malorum
758 2209 769 2224 ,
793 2184 850 2227 qui
873 2187 994 2230 primus
1013 2186 1064 2230 ja·-

184 2243 285 2268 nuam
305 2232 549 2267 communionis
584 2233 743 2268 sceleratis
779 2244 877 2278 atque
902 2235 1064 2270 damnatis

183 2283 308 2327 aperuit
320 2306 331 2323 ‚
355 2282 536 2326 caeterisque
547 2282 671 2317 aditum
682 2283 760 2317 fecit
772 2283 814 2318 ad
826 2284 979 2319 solvenda
989 2286 1062 2329 Jura

181 2334 311 2368 Divina
322 2356 329 2363 .
355 2334 523 2366 orientales
541 2338 621 2366 enim
627 2339 684 2375 per
694 2331 766 2373 istas
782 2334 963 2377 tempestates
974 2347 1063 2379 regu-

186 2385 248 2416 tam
258 2381 333 2415 banc
342 2390 452 2415 certam
478 2384 512 2416 (θ’
524 2383 728 2416 indubitatam
746 2383 949 2426 Ecclefiasticae
971 2384 1063 2428 disci-

182 2433 281 2475 plinae
292 2431 343 2475 effe
354 2431 567 2465 contendebant
581 2457 591 2472 ,
615 2437 706 2465 resin
721 2436 843 2467 Oriente
853 2435 1009 2475 ‚iudicatas
1020 2446 1062 2468 re-

187 2482 315 2515 tratiari
333 2492 391 2514 non
411 2481 484 2525 poffe
504 2486 537 2514 in
549 2482 725 2521 occidente,
750 2492 801 2517 nec
822 2485 839 2517 ἑ
857 2491 962 2517 contra
981 2508 989 2516 .
1013 2488 1061 2517 Ita

181 2541 313 2574 ‘namque
321 2531 485 2575 affirmavit
496 2530 657 2565 concilium
671 2531 880 2566 antiochenum
903 2539 936 2566 in
946 2532 1063 2576 epistola

183 2583 230 2614 ad
232 2586 264 2626 J
264 2583 356 2614 ulium
369 2584 485 2623 Papam
494 2605 505 2622 ‚
533 2586 565 2614 in
577 2593 636 2624 qua
646 2579 787 2624 Episcopi
800 2583 944 2625 adferunt
965 2594 1061 2617 exem-

179 2632 265 2673 plum
286 2632 493 2665 damnationis
505 2633 595 2665 Pauli
615 2631 796 2671 Samosateni
808 2657 818 2674 ‚
843 2633 883 2666 ab
906 2632 1062 2676 Epiftopis

183 2680 386 2714 Orientalibus
396 2682 544 2722 decreta,
570 2691 661 2723 quam
682 2684 823 2715 Occidens
846 2688 975 2726 recepit,
999 2694 1062 2717 con-

181 2728 325 2774 sensuque
329 2728 382 2773 suo
388 2729 526 2772 firmavit
538 2729 646 2774 absque
666 2743 742 2765 novo
750 2737 906 2774 examine,
927 2733 1002 2775 ficut
1019 2744 1061 2768 et-

184 2784 246 2813 tam
255 2784 363 2814 oriens
372 2785 483 2823 recepit
495 2803 506 2820 ‚
532 2784 567 2817 er
577 2781 786 2823 approbatione
804 2781 863 2825 sua
872 2783 1061 2826 confirmavit

188 2829 405 2865 dannationem
415 2833 436 2863 a
448 2831 555 2868 synodo
564 2832 745 2865 occidentali
754 2833 902 2868 decretam
909 2834 1060 2868 adversus

186 2881 361 2914 Novarum.
389 2884 428 2914 At
431 2884 463 2926 J
466 2882 542 2916 alius
553 2884 642 2924 Papa
650 2881 831 2925 respondens
852 2883 919 2917 huic
936 2883 1060 2926 epistola

186 2929 314 2960 concilii
337 2930 526 2971 antiocheni,
551 2942 610 2965 non
630 2933 806 2966 contradicit
824 2932 950 2976 absoluti
957 2934 1058 2977 supre-

188 2987 272 3010 mam
283 2977 334 3020 effe
345 2979 554 3015 authoritatem
572 2984 768 3015 Orientalium
778 2986 973 3017 Cone-iliorum
986 3007 997 3024 ,
1004 2981 1062 3026 sed

187 3025 342 3068 Athanafii
360 3030 475 3063 tantum
484 3030 573 3072 fado
594 3031 740 3072 inhaeret,
763 3033 993 3076 explicandaque
996 3034 1058 3076 Ju·

187 3076 263 3109 dieto
275 3099 287 3117 ,
312 3078 392 3118 quod
399 3079 544 3114 adversus
553 3091 617 3114 eum
620 3081 726 3123 ficerat
735 3082 831 3117 latum
841 3087 873 3116 in
884 3084 990 3123 synodo
1010 3086 1060 3123 Ty-

185 3130 237 3158 ria
247 3150 256 3159 .
283 3127 333 3158 Ait
342 3131 419 3160 enim
428 3127 504 3161 illud
512 3129 561 3173 effi
571 3137 690 3165 irritum
702 3156 713 3173 ,
723 3133 802 3175 quod
807 3134 953 3168 adversus
969 3132 1057 3167 Atha-

187 3173 299 3217 naſsum
314 3197 326 3214 ‚
352 3175 600 3222 Presbyter-umque
621 3183 687 3222 ejas
706 3186 876 3218 Macarium
895 3183 1058 3223 testimonio

187 3222 360 3267 absentibus
373 3226 431 3260 illi:
443 3234 559 3269 recepta
573 3229 690 3270 fuerint
703 3234 723 3265 a
731 3233 897 3278 Judicibus
907 3235 1059 3278 delegatis,

187 3275 370 3316 apertiffimis
395 3275 548 3318 Athanafii
572 3276 692 3317 hostibus
708 3305 721 3322 ,
746 3284 782 3318 θ
800 3284 839 3318 ab
857 3295 890 3319 ρο
907 3287 1035 3326 ejunus
1045 3308 1057 3326 ‚

187 3325 310 3367 ideoque
320 3326 479 3368 ‚Iudicium
492 3327 567 3361 illud
575 3332 720 3372 integr-ton
727 3341 786 3366 non
791 3333 876 3376 fm'ffe
889 3358 901 3374 ,
924 3333 982 3377 fid
990 3343 1059 3368 ta„-

184 3372 252 3407 tiam
274 3382 308 3409 ε»
326 3387 499 3422 humpen,
518 3387 556 3411 ex
566 3388 622 3421 quo
625 3375 795 3421 sequeretur
813 3384 891 3417 illud
896 3389 1058 3420 executioni

1124 1293 1263 1329 Tertius
1285 1293 1331 1328 est
1346 1318 1359 1334 ,
1383 1293 1473 1337 quod
1497 1296 1612 1329 eadem
1635 1294 1776 1330 Ecclesia
1799 1295 1941 1330 noluerit
1962 1296 2013 1331 so-

1073 1302 1188 1663 [iius
1208 1343 1355 1378 Romani
1368 1342 1540 1379 pontificis
1557 1343 1790 1380 authoritatem
1809 1346 1873 1380 effe
1886 1346 1941 1379 sua
1963 1346 2013 1380 su-

1120 991 1207 1037 causa
1216 995 1253 1028 de
1263 999 1376 1038 integro
1387 994 1578 1038 disiuffafuit
1589 1005 1623 1031 in
1634 1001 1762 1033 concilio
1781 1003 1908 1033 Nicaeno
1916 1024 1925 1032 .

1173 1043 1306 1079 Errores
1315 1043 1467 1088 plurimi.
1495 1045 1624 1079 Primus
1636 1049 1699 1089 est,
1724 1049 1814 1093 quod
1822 1048 2006 1085 orientalis

1124 1093 1267 1129 Ecclesia
1279 1094 1440 1129 censuerit
1452 1094 1507 1129 sua
1518 1095 1696 1138 synodalia
1707 1098 1835 1140 Judicia
1855 1110 1924 1133 non
1936 1099 2007 1143 pos-

1125 1145 1156 1179 se
1183 1145 1343 1179 retrastari
1366 1154 1420 1188 per
1438 1144 1689 1180 Occidentalem
1709 1169 1717 1177 .
1745 1147 1912 1182 Secundus
1938 1147 1984 1183 est
1993 1167 2006 1190 ‚

1123 1193 1213 1238 quod
1224 1193 1338 1229 eadem
1348 1193 1489 1230 Ecclefia
1500 1196 1642 1229 censeret
1663 1194 1872 1229 manifestum
1894 1206 1936 1228 eo
1957 1209 2010 1239 pa-

1126 1245 1180 1279 sto
1206 1243 1323 1279 violari
1354 1243 1487 1279 istarum
1523 1244 1736 1288 Synodosum
1760 1243 2012 1280 authoritatem.

1127 1393 1288 1439 perior-em
1298 1417 1307 1426 .
1332 1394 1480 1441 Qartns
1489 1393 1535 1429 est
1546 1418 1559 1434 ,
1584 1394 1675 1439 quod
1688 1393 1750 1430 hac
1760 1394 1804 1430 de
1813 1396 1908 1430 eausa
1928 1395 2012 1430 fece-

1126 1443 1170 1479 rit
1180 1442 1328 1479 Schisma
1347 1444 1388 1478 ab
1398 1443 1630 1485 Occidentali,
1656 1445 1692 1479 ὅ(
1709 1444 2014 1480 excommunicave-

1127 1492 1168 1527 rit
1181 1493 1302 1536 Julium
1313 1492 1515 1529 Pontificem
1528 1518 1540 1535 ,
1565 1494 1615 1530 uti
1628 1494 1863 1539 Caputeo‘rum
1876 1495 1933 1540 qui
1945 1494 2013 1540 pes-

1127 1541 1365 1577 sum-dederant
1383 1544 1475 1589 leges
1496 1543 1750 1579 Eociefiasticas.
1778 1545 1929 1594 Qintus
1940 1544 2012 1586 est,

1126 1591 1214 1634 quod
1226 1590 1291 1627 haec
1302 1591 1415 1627 omnia
1425 1593 1688 1628 demonstrentur
1695 1604 1739 1627 ex
1747 1593 1894 1628 adduffis
1904 1593 2013 1629 verbis

1126 1640 1349 1675 Orientalium
1358 1666 1367 1675 .
1399 1641 1535 1676 Etenim
1546 1642 1640 1678 verba
1655 1641 1723 1677 hcc
1732 1653 1802 1678 non
1814 1643 1888 1679 sunt
1894 1643 2013 1680 otien-

1128 1689 1202 1723 talis
1216 1690 1383 1724 Ecclesias-
1411 1690 1526 1724 Absit.
1555 1691 1639 1724 Sunt
1648 1691 1800 1726 scelerata
1819 1693 2012 1727 Eusebian-

1130 1739 1294 1774 Fastionis
1306 1738 1399 1773 verba
1409 1764 1420 1780 ,
1447 1740 1616 1782 desumpta
1637 1749 1680 1773 ex
1691 1739 1843 1775 scelerata
1852 1740 2014 1785 epistola,

1127 1799 1230 1831 quamv
1238 1789 1351 1824 Fanio
1361 1789 1380 1824 ὲ
1390 1787 1716 1834 Philippo—Politano
1728 1790 1906 1826 Conventu
1926 1790 2014 1826 misit

1126 1839 1168 1873 ad
1179 1840 1254 1873 suos
1264 1839 1456 1882 Symmistas
1466 1863 1477 1880 ,
1501 1839 1601 1875 etiam
1611 1839 1652 1874 ad
1662 1840 1864 1876 facinorosos
1877 1842 1913 1876 in
1924 1840 2013 1876 Afri·

1126 1898 1164 1925 ca
1185 1888 1377 1923 Donatistas
1386 1912 1394 1920 .
1422 1889 1533 1923 Etiam
1555 1889 1688 1925 istarum
1710 1890 1859 1934 vulpium
1891 1890 2014 1926 caudas

1127 1939 1167 1973 ad
1179 1938 1421 1973 demoliendam
1434 1939 1557 1973 Christi
1572 1940 1703 1974 vineam
1716 1941 1855 1975 tentavit
1877 1939 1934 1975 sibi
1944 1941 2014 1976 col-

1127 1989 1246 2034 ligare.
1272 1989 1384 2023 Faffio
1395 1988 1533 2023 affirmat
1544 1988 1603 2023 sibi
1614 1990 1750 2025 adfuisse
1758 1990 1927 2036 octoginta
1936 1991 2014 2035 Epi·

1124 2040 1259 2084 scoposz·
1286 2039 1330 2073 Et
1343 2049 1453 2073 tamen
1465 2039 1607 2083 epistolae
1617 2040 1777 2083 synodali
1796 2052 1866 2076 non
1878 2040 2012 2076 subscri-

1126 2089 1274 2131 pserunt,
1300 2089 1359 2122 nisi
1373 2089 1577 2133 septuaginta
1589 2090 1678 2124 duo.
1706 2089 1750 2123 Et
1769 2090 1855 2125 inter
1874 2090 1953 2125 istos
1963 2091 2012 2127 est

1126 2137 1260 2172 illustris
1272 2137 1327 2171 ille
1339 2135 1502 2180 Ischyras‚
1528 2138 1738 2183 imaginarius
1750 2140 1929 2184 Episcopus
1937 2141 2009 2176 Ma·

1129 2187 1261 2222 reotidis
1273 2211 1281 2220 .
1308 2186 1356 2222 At
1377 2186 1455 2222 vero
1480 2187 1515 2221 in
1537 2189 1676 2224 secunda
1705 2190 1745 2223 ad
1772 2190 2011 2226 Constantium

1125 2237 1355 2280 Imperatorem
1379 2235 1547 2282 Apologia
1567 2238 1700 2274 SanQus
1712 2238 1910 2275 Athanasius
1929 2251 2012 2275 enu-

1126 2296 1227 2320 merat
1240 2286 1426 2321 orientales
1439 2286 1618 2332 Episcopos
1628 2313 1639 2330 ,
1664 2290 1720 2331 qui
1729 2289 1906 2324 Sardicenfi
1916 2290 2012 2324 Con·-

1126 2335 1205 2370 cilio
1228 2335 1479 2380 subscripserunt
1489 2362 1500 2377 ,
1525 2337 1558 2371 &
1579 2337 1779 2382 prosequitur
1788 2352 1800 2372 .·
1825 2341 1891 2383 Qui
1917 2344 2011 2382 igitur

1126 2389 1259 2420 Decretis
1281 2386 1385 2425 symdt
1398 2385 1630 2430 subscripserunt
1644 2411 1655 2428 ,
1674 2386 1750 2431 sunt
1771 2388 1833 2429 isti.
1860 2391 2011 2432 Etpluri-

1125 2440 1167 2468 mi
1185 2436 1238 2468 alii
1255 2433 1329 2478 sunt
1343 2459 1354 2475 ‚
1379 2441 1511 2478 quiante
1530 2436 1607 2470 hanc
1618 2438 1758 2476 synodum
1765 2446 1821 2480 pro
1832 2439 1918 2472 nobis
1931 2442 2008 2481 scri·

1121 2483 1243 2528 pserunt
1257 2509 1268 2525 ‚
1291 2492 1354 2517 tum
1381 2496 1420 2518 ex
1444 2483 1507 2526 Afia
1517 2509 1528 2525 ,
1557 2494 1621 2519 mm
1640 2497 1680 2519 ex
1705 2486 1833 2530 Rhagia
1850 2511 1862 2528 ,
1884 2496 1947 2521 tum
1964 2499 2006 2523 ere

1132 2539 1148 2567 1
1147 2533 1253 2577 sautia
1263 2559 1274 2575 ,
1297 2532 1600 2578 quotumfingulorum
1610 2540 1729 2570 nomina
1737 2535 1872 2580 cumsuis
1881 2537 2006 2579 epistolis

1125 2583 1378 2626 cimam-feruntur
1404 2608 1415 2624 ,
1436 2593 1529 2626 prope
1552 2583 1713 2629 sexaginta
1734 2611 1742 2618 .
1767 2591 1806 2620 In
1830 2586 2006 2631 universum

1123 2643 1219 2667 autem
1228 2639 1351 2669 trecenti
1359 2635 1564 2679 quadraginta
1573 2660 1580 2668 .
1608 2636 1659 2670 Hi
1672 2647 1749 2671 cum
1773 2638 1831 2671 suo
1842 2637 1943 2672 Cleto
1968 2638 2006 2672 &

1124 2683 1247 2728 populo
1266 2694 1356 2718 erant
1370 2684 1549 2719 Orientalis
1571 2684 1713 2720 Ecclesia
1725 2709 1735 2719 .
1759 2687 1839 2721 Haec
1861 2686 2005 2722 Ecclesia

1125 2744 1192 2768 non
1202 2733 1436 2779 dogmatizavit
1446 2735 1500 2769 sua
1508 2734 1686 2777 Synodalia
1697 2735 1822 2780 Judicia
1833 2748 1901 2772 non
1914 2736 2004 2781 posse

1123 2784 1280 2819 rettastati
1291 2795 1346 2827 pet
1357 2785 1543 2818 Romanam
1568 2784 1743 2820 Ecclesiam
1753 2809 1765 2826 ‚
1791 2797 1852 2822 nec
1874 2787 2004 2830 judica-

1122 2833 1170 2868 vit
1182 2845 1237 2877 per
1247 2834 1343 2868 istam
1351 2835 1607 2881 retractationem
1619 2835 1792 2871 manifesto
1807 2837 1922 2871 violari
1935 2838 2002 2871 sua-

1122 2895 1193 2918 rum
1204 2882 1413 2926 synodorum
1435 2883 1664 2920 authoritatem
1675 2909 1687 2927 ,
1711 2896 1772 2920 nec
1793 2888 1925 2929 negavit
1946 2887 2003 2920 so·-

1124 2934 1185 2967 lius
1211 2933 1356 2968 Romani
1367 2933 1542 2971 Pomificis
1562 2934 1794 2969 authoritatem
1811 2936 1876 2969 effe
1886 2936 1940 2970 sua
1953 2936 2004 2970 su-

1121 2983 1278 3028 periorem
1288 3008 1299 3024 ,
1327 2995 1388 3018 nec
1398 2983 1544 3019 Schisma
1554 2985 1632 3019 fecit
1643 2982 1793 3019 adversus
1803 2985 1903 3028 ipsam
1914 3010 1926 3026 ,
1940 2996 2002 3023 nee

1121 3033 1421 3069 excommunicavit
1442 3033 1564 3078 Julium
1575 3034 1770 3069 Pontificem
1783 3058 1791 3067 .
1818 3033 1866 3068 Ea
1878 3035 2001 3079 quippe

1124 3084 1218 3118 nullo
1228 3085 1320 3128 paeto
1331 3084 1405 3118 suut
1415 3083 1599 3118 Christiana
1607 3108 1616 3116 .
1642 3085 1724 3119 Sunt
1744 3081 1904 3120 horrenda
1917 3084 2000 3120 faci-

1124 3144 1202 3168 nora
1213 3134 1312 3168 solius
1325 3133 1481 3168 sceleratae
1492 3134 1653 3168 Factionis
1666 3133 1851 3169 Eusebianae
1861 3159 1873 3176 ,
1898 3134 2000 3171 solius

1121 3184 1261 3219 scelerati
1270 3182 1580 3227 Philippo-Politani
1593 3183 1828 3219 Conventiculi
1839 3210 1847 3218 .
1874 3184 1999 3220 Proin-

1119 3232 1160 3268 de
1168 3233 1335 3269 Dominus
1346 3231 1640 3279 Archi-Episcopus
1660 3234 1806 3272 scelerata
1829 3235 1922 3270 istius
1932 3236 1998 3270 Fa-

1120 3283 1238 3319 &ionis
1257 3285 1424 3329 Dogmata
1447 3283 1481 3318 δε
1500 3294 1599 3328 opera
1616 3283 1797 3320 transcribit
1817 3285 1850 3319 in
1863 3295 1998 3320 omnem

1120 3334 1322 3370 Orientalem
1335 3333 1508 3368 Ecclesiam
1521 3358 1528 3366 .
1557 3333 1609 3369 Eo
1619 3333 1687 3378 jure
1699 3358 1711 3376 ,
1735 3345 1802 3378 qno
1813 3335 1896 3369 olim
1908 3334 1999 3370 Gen·

1119 3383 1193 3420 tiles
1199 3383 1421 3422 abominanda
1428 3383 1593 3420 Gnosticae
1602 3384 1768 3422 Fafflonis
1779 3383 1901 3465 flagitis:
1913 3394 1998 3440 tran-

1889 3444 1947 3468 cri-
