2326 3718
709 135 989 180 RoMAms
1025 133 1610 178 APPELLA110N1BUS.
1894 150 1989 194 225

242 235 282 259 ac
295 224 364 269 ejus
374 223 471 259 Cleto
483 218 651 264 inscriptas
662 245 672 261 ,
701 218 821 253 venifle
838 217 872 250 in
886 216 1031 251 Africam
1042 241 1053 257 ,
1078 225 1122 249 at-

241 285 308 319 que
327 277 373 309 ira
394 271 555 306 Ceciliani
579 271 811 314 Episcopatum
820 269 917 301 etiam
933 268 951 301 ὲ
974 266 1124 309 Principe

238 325 336 361 *finisse
354 321 533 357 stabilitum
547 347 554 354 .
582 321 734 364 Princeps
757 319 884 361 plenam
903 329 1011 360 pacem
1030 315 1125 351 dabat

238 373 419 414 vEcclefiis³
446 373 479 406 ὅ(
501 373 635 407 ευοᾶοε
644 370 686 406 ad
706 371 859 404 sincerum
873 368 1001 402 Divinae
1023 367 1120 408 Maje-

234 422 335 460 ,statis
354 423 545 466 obseqnium
569 420 773 458 hortabatur.
803 419 969 453 Anulinus
988 418 1123 449 affirmat

235 474 368 508 >litteras
377 473 469 508 fuiffe
482 473 499 506 a
511 469 753 507 secumdebitis
766 467 1047 503 admonitionibus
1061 476 1122 499 tra·

243 525 329 559 ditas
352 549 360 557 .
386 522 510 558 Verum
534 523 595 556 ista
613 532 661 555 res
684 521 864 554 momordit
895 519 1065 553 Donatum
1087 528 1123 548 ac

243 574 447 619 Majorinum
459 598 470 614 ‚
497 573 529 606 ὅ(
550 571 682 607 Relatio
696 571 914 613 prosequitur:
943 567 1007 606 Post
1014 574 1123 607 paucos

243 627 308 660 dies
318 624 490 664 exstiterunt
500 622 622 663 quidam
641 645 652 660 ,
679 622 815 653 adunata
824 618 921 663 secum
939 618 1041 658 Populi
1053 617 1123 649 mul-

245 676 375 709 titudine
386 698 398 714 ,
422 678 472 715 qui
501 673 647 704 Ceciliano
674 670 933 703 contradicendum
962 673 1123 708 putarent,

244 722 540 769 quiquewfaJZ-iculum
561 728 592 754 in
602 721 685 754 aluta
689 720 837 764 fignatum
848 742 859 758 ,
884 717 1051 752 &libellum
1063 714 1124 756 sine

238 776 320 819 figno
331 767 496 809 obiulerunt
521 776 670 806 Dicatiom'
689 782 760 803 meae
773 794 783 809 ‚
810 778 900 810 atque
910 768 1059 809 impendio
1075 775 1124 807 po-

237 826 412 871 stolarum,
435 834 468 856 ut
492 820 666 865 adsacrum
682 819 924 854 &venerabilem
946 822 1126 849 comitatum

242 881 374 911 nominis
381 873 469 917 vestri
484 874 641 916 dirigerem
654 896 661 903 .
689 873 768 913 ‚Qua
779 878 920 903 manente
938 867 1084 901 ceciliano
1095 870 1127 896 in

242 927 322 969 statu
327 924 380 968 suo
391 949 402 965 ‚
426 922 563 967 subjec‘lis
573 922 726 956 eorundem
737 920 818 952 Ac‘lis
833 942 843 958 ,
870 920 925 960 quo
937 917 1042 950 cunc‘la
1062 919 1126 947 Ma·

239 977 334 1022 jestas
347 974 445 1017 vestra
451 973 539 1016 poffer
548 969 710 1014 dignoscere
720 992 732 1008 ‚
760 971 911 1002 Parvitas
918 978 983 999 mea
1006 966 1128 1009 dirigere

245 1031 368 1062 curavit
381 1048 388 1056 .
414 1021 544 1065 Optimi
565 1018 726 1060 Principis
749 1015 1056 1060 pietasturbulentis
1074 1013 1126 1048 ho·

245 1073 392 1110 minibus
401 1071 491 1105 dedit
502 1071 615 1102 ansam
626 1066 797 1102 accusandi
811 1066 972 1099 Ceciliani
984 1090 994 1105 ,
1021 1075 1058 1097 ac
1082 1074 1128 1096 tu·

244 1120 454 1160 multuandi.
480 1119 614 1153 sanetus
641 1116 846 1160 Augustinus
868 1115 996 1159 pergit:
1025 1111 1130 1155 Trans-

245 1173 315 1213 mlffi
340 1170 431 1206 libelli
443 1170 516 1203 duo.
544 1172 627 1202 Unus
638 1173 671 1200 in
691 1168 776 1202 aluta
789 1190 799 1205 ,
825 1172 895 1199 item
907 1166 984 1199 alius
990 1163 1053 1206 fine
1057 1163 1131 1206 figi!-

240 1224 275 1260 ,Io
287 1247 297 1263 ,
324 1220 473 1255 coherens
499 1220 592 1254 eidem
611 1220 703 1251 aluta
715 1240 726 1256 ‚
753 1218 844 1251 datus
864 1217 912 1248 die
931 1216 1038 1248 decimo
1043 1212 1134 1257 septi·

246 1285 294 1308 mo
305 1271 452 1306 kalendas
467 1272 541 1302 Maii
554 1294 565 1309 ,
593 1266 779 1311 Carthagine
789 1290 799 1306 ,
825 1268 949 1300 Domino
957 1264 1047 1303 nostro
1060 1267 1133 1296 Con-

243 1323 376 1363 stantino
390 1317 510 1365 Augusto
524 1323 646 1352 tertium
655 1315 777 1362 Confido
789 1339 797 1347 .
827 1315 891 1357 Post
912 1315 989 1348 hanc
1007 1316 1133 1348 Relatio-

245 1384 318 1408 nem
327 1372 370 1405 ad
376 1369 407 1413 se
416 1369 608 1412 miffamjuffit
620 1372 782 1409 Imperator
790 1372 893 1400 venire
899 1374 1000 1407 partes
1010 1365 1055 1396 ad
1061 1367 1135 1405 Epi-

246 1421 359 1469 scopale
363 1424 396 1467 J
398 1420 522 1452 udicium
533 1424 565 1451 in
577 1418 651 1451 Urbe
665 1420 758 1450 Roma
764 1415 942 1458 faciendum
952 1439 962 1455 ,
977 1415 1028 1448 ubi
1041 1425 1135 1456 quem—

249 1473 413 1507 admodum
438 1467 526 1512 causa
553 1469 635 1502 didio
649 1478 738 1509 atque
746 1466 837 1508 finita
840 1466 879 1507 fit
889 1490 899 1506 ‚
926 1467 960 1499 er
970 1466 1135 1498 Cecilianus

249 1528 388 1558 innocens
402 1521 556 1562 ‚iudicatus
573 1517 612 1560 fit
625 1542 636 1558 ,
662 1518 801 1550 indicant
821 1516 909 1558 Gesta
921 1513 1132 1556 Ecclesiastico.

250 1571 374 1608 Prioris
384 1568 698 1613 super-scriptionem
710 1568 798 1610 supra
813 1566 998 1601 audivimus
1018 1576 1057 1598 ex
1073 1563 1136 1607 epi-

249 1622 334 1657 stola
357 1621 397 1655 ad
410 1619 625 1654 Vincentium
644 1618 917 1650 Cartennensem.
945 1614 1137 1650 posterioris

250 1671 354 1708 libelli
366 1668 575 1704 substantiam
587 1669 720 1702 Sanetus
736 1667 938 1711 Augustinus
948 1664 1086 1708 exponit
1101 1663 1135 1696 in

250 1722 379 1767 praefata
390 1718 526 1763 epistola
538 1716 577 1750 ad
590 1717 745 1758 quosdam
762 1717 939 1759 Episcopos
951 1713 1137 1749 Donatista·

250 1783 325 1807 xum
340 1784 348 1805 :
376 1770 535 1810 Aliquanto
546 1767 605 1810 post
620 1768 764 1807 Majorim'
783 1768 1007 1800 Ordinationem
1018 1788 1029 1806 ‚
1055 1775 1139 1806 quem

251 1827 353 1856 eontra
379 1820 560 1853 cecilianum
574 1817 688 1860 nefario
694 1815 801 1860 scelere
811 1818 991 1850 levaverunt
1003 1840 1014 1855 ,
1041 1818 1138 1847 Dona-

252 1872 330 1913 tistae
341 1876 486 1914 erigentes
500 1869 602 1901 Altare
612 1875 711 1900 contra
726 1868 825 1900 Altare
837 1869 871 1901 (5
882 1872 1029 1899 unitatem
1050 1864 1137 1896 Chri-

247 1922 289 1966 fli
302 1919 455 1963 discordiis
471 1918 636 1960 furialibus
661 1917 827 1958 diffipantes
838 1942 849 1958 ‚
872 1922 1023 1958 petierunt
1034 1917 1054 1947 ἃ
1065 1918 1139 1946 Con-

249 1971 382 2013 stantino
405 1979 473 2003 tunc
487 1972 676 2012 <Imperatore
679 1971 711 2013 J
714 1967 812 2000 udices
837 1964 1017 2009 Episcopos,
1043 1964 1140 2007 quide

250 2021 313 2068 suis
325 2019 527 2064 quaestionibus
542 2043 553 2060 ,
579 2029 645 2061 qua
657 2025 689 2051 in
703 2017 804 2060 Africo
815 2026 926 2052 exortae
935 2021 1023 2058 pacis
1035 2020 1137 2050 vincu-

256 2074 319 2105 lum
342 2070 545 2108 dirimebant,
568 2068 691 2101 arbitrio
714 2069 807 2100 medio
829 2069 996 2109 iudicarent
1015 2089 1023 2099 .
1051 2063 1143 2107 ,Quod

256 2119 441 2162 posteaquam
458 2117 574 2159 fac‘lum
584 2115 642 2156 est,
666 2114 812 2159 praesente
837 2115 985 2148 ceciliano
998 2138 1008 2153 ‚
1037 2113 1140 2147 &illis

258 2175 309 2214 qui
320 2169 466 2202 adversas
486 2178 550 2201 eum
568 2172 790 2208 navigaverant
803 2189 813 2204 ,
832 2165 993 2206 judicante
1005 2161 1140 2195 Melchia-

257 2221 297 2253 de
307 2243 318 2259 ,
344 2227 413 2251 tunc
420 2221 561 2250 Romame
573 2215 659 2250 Urbis
672 2214 816 2258 Episcopo
828 2238 837 2253 ‚
861 2226 924 2247 cum
934 2213 1059 2257 Collegis
1067 2210 1143 2255 suis,

257 2278 329 2311 quos
352 2268 394 2300 aa
410 2275 511 2309 preces
534 2263 755 2304 Donatistarum
765 2262 884 2305 miserat
902 2269 1084 2304 Imperator,
1112 2266 1143 2294 in

261 2316 411 2351 ceciliano
436 2314 514 2349 nihil
535 2313 656 2356 probari
665 2319 781 2354 potuit,
806 2324 840 2346 ae
844 2321 899 2354 per
910 2312 961 2345 boc
973 2313 1022 2345 illo
1032 2317 1062 2342 in
1070 2314 1145 2351 Epi-

257 2366 377 2411 scopatu
401 2363 586 2405 confirmato,
613 2366 748 2397 Donatus
772 2368 822 2405 qui
842 2363 988 2397 adversas
1001 2372 1065 2395 eum
1075 2370 1143 2394 tunc

259 2418 369 2451 aderat
373 2414 440 2456 fuit
453 2414 661 2447 condemnatus
674 2436 681 2444 .
711 2414 957 2448 Donatistarum
981 2423 1085 2454 preces
1098 2411 1144 2443 su-

261 2477 317 2512 pra
342 2463 524 2499 audivimus
545 2463 563 2496 ὲ
586 2462 704 2495 sancto
726 2462 869 2505 Optato.
898 2459 1096 2495 Audivimus
1106 2459 1146 2493 ab

261 2517 327 2551 illis
339 2514 460 2550 laudari
471 2512 727 2547 Constantinum
740 2536 751 2552 ,
778 2512 866 2555 quod
877 2512 953 2546 effet
975 2511 1015 2544 de
1032 2520 1147 2554 genere

260 2566 347 2612 justo
359 2591 369 2607 ,
389 2564 544 2608 quodque
555 2563 622 2606 ejus
639 2561 731 2595 Pater
744 2574 810 2596 non
823 2562 945 2596 fecisset
957 2561 1147 2604 persecutio·

264 2628 339 2652 nem
356 2640 366 2656 ‚
392 2615 532 2657 ideoque
554 2613 663 2646 Gallia
685 2614 703 2646 a
724 2613 911 2646 traditionis
925 2611 1062 2645 crimine
1073 2612 1147 2645 effet

262 2664 403 2701 munda.
434 2665 523 2699 Inter
534 2662 737 2697 Diocletiani
751 2662 894 2706 Augusti
916 2661 1071 2705 Collegas
1081 2662 1149 2695 fue-

263 2726 311 2752 rat
334 2714 549 2750 Constantius
577 2712 720 2747 Chlorus
743 2737 754 2754 ,
779 2712 901 2757 Magni
935 2711 1146 2746 Constantini

263 2767 429 2807 Genitor,
452 2764 508 2808 qui
529 2763 742 2806 Collegarum
765 2762 900 2806 impiam
924 2761 1149 2796 crudelitatem

263 2816 424 2852 aversatus
445 2839 456 2854 ,
482 2812 557 2848 licet
591 2812 825 2847 Gentilismum
856 2823 923 2846 non
955 2811 1129 2855 deponeret
1141 2833 1152 2850 ‚

269 2865 474 2900 Christianos
495 2875 562 2897 non
585 2863 757 2897 dumtaxat
779 2863 960 2905 persecutus
986 2874 1055 2897 non
1067 2861 1151 2903 fuit,

269 2913 322 2948 sed
346 2915 472 2958 insuper
493 2914 610 2948 dilexit
631 2925 669 2947 ac
700 2912 845 2957 protexit
867 2938 874 2946 .
900 2912 1087 2956 Impetravit
1117 2911 1151 2945 in

270 2963 380 2997 Gallia
401 2975 437 2997 ac
461 2967 554 2998 omni
576 2964 645 3006 ejus
656 2963 794 2997 Dioecefi
811 2988 817 2994 .
846 2963 950 2997 Porro
966 2961 1152 2996 Donatista-

270 3024 343 3047 rum
361 3013 530 3047 contentio
551 3013 715 3058 originem
737 3025 774 3048 ac
796 3023 984 3056 praetextum
1004 3012 1102 3046 traxit
1112 3023 1153 3046 ex

271 3062 458 3099 traditionis
469 3063 603 3096 crimine
630 3063 675 3097 ob
686 3062 783 3097 duras
793 3063 1031 3106 persecutiones
1042 3062 1153 3107 graffa-

273 3124 310 3148 to
322 3114 355 3146 in
371 3111 483 3146 Africa
495 3136 503 3143 .
528 3113 714 3148 Persecutio
723 3115 824 3148 etiam
837 3122 1005 3147 vexaverat
1026 3113 1153 3145 ltaliam

272 3164 308 3198 δε
323 3162 443 3196 almam
457 3160 586 3197 Urbem
599 3187 606 3194 .
627 3162 729 3197 Porro
739 3163 920 3197 Donatistae
932 3161 1154 3197 Melchiadem

275 3212 470 3248 Pontificem
482 3235 492 3251 ‚
519 3211 607 3257 quod
627 3212 849 3248 Formatarum
868 3213 1067 3248 commercio
1078 3213 1154 3246 sem-

275 3274 331 3307 per
340 3261 606 3297 communicasset
625 3261 795 3297 ceciliano
808 3288 818 3303 ‚
844 3264 990 3308 adeoque
1001 3263 1068 3307 ejus
1081 3262 1153 3305 Epi-

276 3314 442 3357 scopatum
468 3311 684 3346 confirmasset
705 3335 716 3352 ,
741 3313 855 3347 merito
887 3312 1028 3348 habuere
1047 3314 1154 3356 suspe-

272 3364 360 3398 stum
374 3387 381 3394 .
408 3361 534 3396 Verum
545 3360 628 3410 hanc
651 3363 779 3398 causam
791 3375 859 3398 non
871 3365 935 3398 ausi
951 3363 1130 3405 exprimere
1145 3386 1155 3402 ,

277 3422 513 3458 praetexuerunt
525 3411 738 3458 suspicionem
749 3412 870 3458 Lapsns
882 3437 893 3454 ,
918 3424 974 3448 aut
986 3412 1153 3447 Traditio-

1189 213 1256 247 nis.
1284 211 1340 246 Ad
1353 214 1580 249 retractandam
1592 215 1753 253 Cecinarti
1763 226 1802 254 ae
1812 218 1974 264 Majaini
1993 231 2070 255 cau·

1189 265 1254 298 sam
1266 263 1468 306 postularunt
1480 264 1668 300 Gallicanos
1679 269 1851 305 Antistites
1865 295 1872 303 .
1891 272 2067 314 sperarunt

1190 314 1383 358 placiturum
1395 313 1536 357 Principi
1546 339 1558 354 ,
1583 318 1672 358 quod
1684 318 1853 355 Gallicana
1863 333 1944 365 gens
1954 321 1999 355 ob
2007 321 2067 356 Pa-

1190 366 1246 399 tris
1264 365 1458 399 memoriam
1477 364 1658 400 crederetur
1680 367 1784 402 vivere
1798 371 1832 404 in
1844 371 1911 415 ejus
1922 372 2069 409 benevoq

1188 416 1288 451 lemia
1300 438 1308 447 .

1237 465 1419 499 Donatistae
1441 463 1502 500 hac
1523 466 1558 500 in
1572 477 1606 500 re
1616 465 1797 510 graviffime
1818 468 2019 516 impegerunt
2034 472 2070 506 in

1189 516 1361 550 Canones.
1389 516 1483 550 Hinc
1504 517 1595 550 enim
1620 516 1662 551 ad
1688 515 1905 552 vincentium
1927 522 2070 554 Carten-

1188 566 1322 599 nensem
1346 566 1463 608 scripsit
1487 568 1621 602 Sanetus
1648 567 1852 611 Augustinus
1873 580 1881 599 ε
1909 570 2070 609 Donatistae

1189 616 1371 649 Cet-ilianum
1388 617 1475 657 priuis
1497 619 1581 659 apud
1602 618 1736 661 collegas
1761 617 1989 661 Transmarinos
2010 629 2072 652 con-

1188 672 1303 699 vincere
1313 665 1474 700 debuerunt
1487 692 1495 699 .
1522 666 1588 709 Ipse
1609 677 1709 701 autem
1730 672 1893 710 Imperator
1905 670 1987 712 longe?
1999 670 2074 700 ordi-

1189 718 1291 749 natius
1302 723 1360 759 egit
1370 741 1377 748 .
1408 716 1540 759 Utique
1551 719 1677 752 causam
1693 719 1943 752 transmittendo
1955 719 1996 752 ad
2009 718 2076 753 Ro·

1190 777 1323 800 manum
1338 765 1534 802 Pontificem
1545 792 1556 808 ‚
1584 768 1727 811 aliosque
1739 769 1854 811 partim
1867 769 1967 805 Italos
1978 793 1988 808 ‚
2009 779 2077 812 par-

1190 818 1251 850 tim
1274 816 1390 850 Gallos
1411 816 1614 861 Episcop05‚
1641 818 1813 859 speeiantes
1836 817 1876 852 ad
1895 818 1963 863 eius
1973 818 2079 863 Syno-

1190 866 1267 900 dum
1286 867 1319 900 &
1342 866 1523 903 Dioeceses.
1551 866 1777 902 Transmarini
1791 867 1911 910 Judicii
1931 870 2079 912 frequen-

1192 916 1309 950 tissima
1332 915 1377 949 est
1398 917 1483 959 apud
1507 917 1606 951 Afros
1617 918 1774 953 memoria
1787 941 1794 950 .
1823 918 2001 961 Pei-ipsum
2014 918 2080 962 pas-

1193 968 1248 1001 sim
1269 966 1459 1010 intelligunt
1486 967 1653 1002 Tribunal
1675 968 1866 1003 Romanum
1889 992 1895 999 .
1925 969 2081 1006 Eundem

1193 1017 1355 1050 excelsum
1379 1017 1511 1050 Sanctus
1533 1017 1742 1062 Augustinus
1761 1028 1853 1053 notat
1864 1017 1898 1053 in
1913 1015 2080 1053 litteris-ad

1194 1066 1387 1099 Donatistas
1410 1077 1417 1097 τ
1445 1067 1609 1105 Donatista
1642 1070 1762 1102 litteras
1797 1070 1841 1101 ad
1873 1071 2083 1110 Imperatorem

1194 1114 1421 1155 Constantinum
1441 1140 1452 1155 ,
1477 1124 1510 1149 ut
1519 1122 1599 1149 inter
1625 1117 1712 1157 Afros
1725 1116 2085 1161 Eptfiopn'Transmarinl

1188 1165 1363 1209 judicarent
1374 1188 1385 1203 ,
1411 1164 1554 1208 miserunt
1565 1190 1573 1197 .
1603 1169 1691 1198 Datis
1699 1169 1729 1208 J
1730 1168 1862 1200 udicrbus
1881 1180 1948 1211 quos
1957 1167 2087 1211 postula·

1196 1224 1307 1249 verant
1318 1239 1329 1255 ,
1352 1216 1385 1249 ὑ
1397 1218 1498 1247 Roma
1504 1215 1714 1257 judicantibus
1725 1227 1782 1248 non
1794 1217 2084 1258 obtemperaverunt.

1197 1265 1389 1301 Donatissas
1403 1265 1511 1309 arguit
1525 1289 1536 1306 ‚
1561 1265 1651 1308 quod
1674 1265 1760 1300 solos
1775 1264 1966 1299 Gallicanos
1978 1267 2086 1309 postu-

1198 1316 1296 1349 larint
1308 1315 1488 1357 Episcopos
1501 1327 1512 1346 :
1538 1314 1667 1349 Laudat
1686 1314 1944 1350 Constantinum
1957 1338 1982 1357 ,-
1996 1314 2088 1360 quod

1200 1366 1265 1400 illis
1274 1364 1457 1409 adjunxerit
1470 1365 1661 1398 Romanum
1684 1363 1882 1400 Pontificem
1895 1389 1906 1405 ,
1933 1365 2089 1400 voluerit·

1199 1427 1262 1458 que
1281 1415 1385 1459 ipsum
1408 1413 1487 1449 huic
1507 1413 1629 1456 judicio
1652 1414 1813 1459 praefidere
1837 1440 1843 1448 .
1871 1413 2001 1451 Clarias
2021 1414 2091 1450 boe

1201 1465 1310 1501 scribit
1322 1465 1355 1499 in
1367 1463 1429 1499 alia
1441 1464 1686 1499 adDonatistas
1705 1465 1842 1509 epistola
1854 1478 1866 1499 .·
1892 1468 2022 1507 Majores
2039 1474 2091 1499 ve·

1196 1516 1250 1558 stri
1270 1513 1397 1560 causam
1411 1516 1553 1548 ceciliani
1575 1517 1618 1548 ad
1628 1519 1838 1558 Imperatorem
1860 1515 2091 1558 Constantinum

1202 1566 1389 1601 detulerunt.
1416 1567 1477 1599 Sed
1494 1571 1566 1606 quia
1585 1566 1794 1605 Constantinus
1815 1575 1873 1598 non
1895 1562 1933 1607 est
1951 1565 2039 1608 ausus
2051 1566 2089 1599 de

1201 1615 1288 1659 causa
1311 1613 1451 1657 Episcopi
1465 1616 1604 1657 judicare
1615 1641 1625 1656 ,
1652 1627 1718 1650 eam
1729 1615 1947 1658 diJ‘cutiendam
1958 1614 2091 1657 atquo-fi-

1203 1667 1346 1699 mendam
1356 1664 1511 1709 Epist-opis
1533 1667 1682 1708 delegavit
1693 1691 1700 1698 .
1728 1667 1821 1709 ,Quod
1829 1665 1992 1707 &sollum
2010 1664 2046 1705 est
2056 1669 2092 1699 in

1204 1716 1279 1750 Urbe
1298 1720 1392 1748 Roma
1419 1738 1430 1754 ,
1453 1714 1628 1756 presidente
1652 1716 1818 1749 Melchiade
1839 1714 1984 1758 Episcopo
2009 1715 2090 1749 illius

1203 1764 1336 1807 Ecclefiae
1349 1775 1413 1799 cum
1423 1766 1527 1798 multu
1538 1765 1665 1810 collegis
1675 1763 1740 1807 suis
1750 1790 1757 1797 .
1788 1764 1919 1808 Nempe
1930 1765 2093 1799 Constan-

1204 1817 1292 1851 tinus
1302 1824 1457 1851 erattunc
1475 1814 1624 1850 Eeclefiae
1648 1814 1934 1854 Catechumenus,
1960 1814 2091 1857 ejusque

1203 1863 1430 1900 Hierarchiam
1455 1879 1466 1905 5
1492 1866 1529 1899 ὄι-
1548 1865 1701 1899 Canones
1731 1875 1865 1900 noverat
1887 1889 1894 1897 .
1925 1865 1978 1898 Ex
2010 1874 2091 1899 tunc

1203 1914 1287 1960 apud
1299 1917 1330 1949 se
1342 1914 1480 1948 habebat
1491 1915 1649 1948 eximium
1662 1915 1840 1950 Doctorem
1853 1915 1997 1949 Hofiutn
2009 1915 2092 1949 Cor-

1202 1966 1378 2000 dubensem
1405 1965 1621 2008 Episcopum.
1650 1965 1703 1999 Ex
1726 1966 1796 2008 ipso
1820 1975 1954 2000 noverat
1975 1967 2006 1999 se
2020 1977 2090 1999 non

1204 2015 1292 2061 posse
1304 2015 1540 2050 Ecclefiasticas
1549 2015 1692 2059 judicare
1703 2016 1812 2051 causas
1824 2041 1836 2057 ‚
1861 2016 2093 2059 autincompe-

1204 2065 1347 2102 tentibus
1379 2065 1549 2108 Judicibus
1579 2065 1727 2108 delegare
1747 2090 1754 2098 .
1782 2066 1877 2100 Hinc
1903 2068 2091 2109 praesentem

1205 2115 1333 2150 causam
1343 2114 1514 2148 transmisit
1525 2114 1644 2148 Sancto
1654 2114 1839 2149 Melchiadi
1851 2137 1863 2156 ‚
1888 2117 1942 2149 cui
1955 2114 2091 2149 debeba-

1205 2175 1257 2200 tur
1268 2175 1322 2208 per
1333 2163 1544 2205 Apostolicos
1556 2164 1710 2198 Canones
1722 2189 1729 2195 .
1758 2165 1802 2198 Et
1816 2164 1883 2207 quo
1904 2164 2091 2199 Donatistis

1208 2213 1385 2258 impartiret
1406 2211 1550 2256 aliquid,
1577 2212 1734 2248 Pontifici
1757 2214 1912 2256 adjunxit.
1931 2215 2092 2259 quosdam

1207 2265 1397 2298 Gallicanos
1412 2263 1592 2308 Episcopos
1605 2289 1612 2295 .
1641 2264 1687 2297 lta
1700 2264 1874 2307 postmodo
1885 2264 1951 2308 ipse
1969 2265 2093 2308 scripsit

1207 2315 1246 2348 ad
1270 2314 1433 2348 AElafium
1459 2313 1579 2347 Africae
1594 2313 1764 2348 vicarium
1780 2338 1790 2355 ‚
1815 2315 1848 2349 ὅ(
1860 2314 1900 2349 ad
1914 2314 2097 2359 Chrestum·

1209 2365 1406 2408 Episcopum
1432 2364 1670 2406 Syracusanum
1683 2388 1690 2397 .
1902 2383 1906 2389 ·

1265 2413 1411 2456 Epistola
1423 2437 1434 2453 ‚
1460 2424 1522 2454 qua
1534 2412 1771 2448 Constantinus
1781 2417 1908 2451 causam
1920 2416 2092 2453 transmitit

1209 2463 1390 2497 Melchiadi
1404 2486 1414 2502 ,
1440 2461 1485 2495 est
1497 2459 1590 2504 hujus
1601 2465 1744 2497 tenoris:
1772 2464 1874 2508 Visum
1884 2466 1922 2502 est
1937 2466 2009 2498 mibi
2022 2491 2032 2507 ,
2057 2476 2092 2500 ue

1209 2514 1372 2546 cecilianus
1385 2522 1447 2545 cum
1458 2513 1556 2545 decem
1568 2510 1723 2554 Episcopis
1737 2535 1746 2549 ,
1773 2519 1824 2555 qui
1834 2515 1917 2547 illum
1937 2526 2017 2549 reum
2036 2516 2092 2558 fa-

1209 2575 1269 2597 cere
1280 2564 1444 2596 videantur
1460 2586 1471 2602 ,
1498 2564 1533 2596 Θ
1552 2563 1649 2596 decem
1659 2563 1749 2602 aliis,
1774 2574 1846 2604 quos
1860 2563 1919 2607 ipse
1937 2562 2001 2606 suae
2023 2568 2090 2601 litis

1212 2615 1418 2654 dijudicationi
1440 2613 1605 2655 necessarios
1630 2612 1844 2655 existimaverit
1856 2638 1866 2654 ‚
1893 2618 2016 2647 Romam
2038 2627 2095 2648 na.

1210 2670 1288 2707 vigio
1303 2665 1436 2704 trajiciat
1449 2687 1459 2702 ,
1488 2664 1521 2697 (⁰5
1535 2663 1576 2695 ibi
1598 2673 1693 2695 coram
1705 2663 1788 2696 vobit
1809 2688 1818 2703 ‚
1846 2664 1978 2698 Rheticio
1999 2672 2090 2699 etiam

1213 2713 1520 2759 Augustodunenfi,
1549 2716 1683 2745 Materno
1707 2714 1923 2756 Coloniensi,
1949 2716 1981 2749 Θ
1999 2719 2091 2750 Mari-

1211 2776 1248 2797 no
1271 2763 1472 2802 Arelatensi,
1499 2764 1624 2807 collegis
1649 2762 1753 2802 vestris
1766 2786 1775 2802 ,
1800 2775 1869 2806 quos
1891 2777 1927 2799 ea
1945 2766 1982 2799 de
2000 2764 2093 2808 causa

1212 2819 1335 2847 Romam
1350 2823 1499 2846 maturare
1507 2815 1640 2856 jusserim
1655 2837 1665 2853 ‚
1687 2815 1768 2855 poffit
1788 2817 1909 2854 audiri,
1931 2814 2003 2857 ficut
2019 2815 2091 2857 san·

1212 2866 1328 2905 Hifflma
1337 2867 1395 2896 Dei
1405 2865 1453 2897 lex
1462 2887 1474 2904 ,
1497 2873 1531 2897 ut
1542 2863 1627 2904 nostis
1639 2887 1649 2903 ,
1669 2864 1795 2904 postulat
1807 2890 1814 2897 .
1842 2865 1972 2908 Nempe
1985 2866 2094 2901 Evan-

1213 2917 1315 2960 gelica
1329 2914 1393 2947 Dei
1417 2914 1469 2947 lex
1486 2915 1673 2947 Romanum
1686 2913 1886 2957 Episcopum
1909 2916 2015 2949 sanxit
2027 2915 2090 2950 esse

1215 2966 1390 2998 Primatetn
1417 2975 1454 2998 ac
1467 2963 1613 3007 Judicem
1636 2961 1736 2997 totiu's
1751 2964 1919 3006 Ecclefiae,
1945 2966 1979 3000 δε
2001 2964 2093 3008 Apo-

1216 3016 1346 3049 stolicus
1357 3013 1477 3047 Canon
1489 3012 1615 3048 addidit
1624 3014 1727 3057 ipsum
1738 3014 1800 3047 esse
1811 3038 1822 3055 ‚
1848 3015 1951 3049 totius
1962 3015 2090 3050 Latinae

1215 3064 1470 3099 Christianitatis
1481 3062 1702 3098 patriarcham
1715 3078 1725 3098 :
1751 3063 1846 3098 Hinc
1865 3066 1997 3108 praesens
2017 3076 2089 3098 cau—

1216 3116 1246 3150 sa
1258 3116 1325 3150 alio
1342 3114 1471 3148 devolvi
1485 3125 1551 3147 non
1563 3124 1689 3157 poterat
1701 3138 1711 3155 ‚
1737 3113 1834 3157 quarn
1846 3113 1884 3148 ad
1898 3115 2012 3149 Sedena
2023 3116 2092 3149 Ro·

1217 3176 1344 3200 menam
1365 3188 1372 3195 .
1400 3164 1508 3197 Hasce
1531 3164 1617 3207 leges
1639 3163 1878 3199 Constantinus
1904 3165 2089 3201 observatas

1217 3216 1342 3256 voluit,
1367 3225 1405 3247 ac
1427 3213 1519 3247 nullo
1544 3214 1579 3247 in
1602 3214 1693 3257 apice
1710 3213 1825 3249 violari
1845 3241 1853 3249 .
1881 3215 1983 3263 Qod
2007 3216 2090 3249 Mel-

1216 3266 1344 3301 chiades
1355 3261 1483 3307 Iudicio
1497 3263 1672 3306 praesederit
1683 3289 1693 3305 ‚
1718 3263 1834 3300 diserte
1845 3266 1979 3301 testatur
1990 3265 2088 3299 etiam

1216 3318 1347 3352 Sanstus
1359 3315 1518 3358 Optatus.
1547 3314 1590 3348 Et
1600 3314 1681 3349 reste
1702 3315 1811 3351 scribit
1825 3317 1858 3350 in
1876 3327 1992 3358 quarto
2005 3315 2090 3350 libro

1215 3367 1326 3401 Petrus
1347 3365 1387 3399 de
1408 3364 1544 3398 Marna:
1573 3367 1727 3398 sententia
1743 3364 1800 3410 sub
1811 3366 1987 3400 Melcbiadis
2004 3368 2091 3396 nomi-

1213 3428 1248 3452 ne
1259 3424 1394 3459 concepta
1405 3414 1443 3456 est
1453 3415 1538 3457 apud
1546 3418 1692 3457 optatum
1701 3440 1709 3448 .
1737 3417 1817 3450 Adeo
1834 3421 1961 3458 antiqua
1980 3413 2017 3452 est
2038 3411 2092 3451 ista
2107 3396 2181 3435 0²1³·
2191 3404 2217 3432 3·

1942 3460 2044 3504 forma
