2326 3718
273 246 281 279 1
331 245 376 280 E:
400 245 468 287 ejus
491 241 601 277 fabula
624 239 747 284 sibiipsi
758 239 812 275 hic
822 253 890 276 non
918 241 1056 276 cohaeret
1068 267 1075 274 .
1103 241 1164 275 Et-

276 296 369 330 enim
390 291 614 336 Imperatorias
634 291 878 336 Episcopalium
891 294 1059 327 causarum
1077 291 1162 326 dele-

278 346 428 390 ga'tiones
441 342 728 387 affirmat-viguisse
739 342 838 377 etiam
852 343 886 376 in
906 342 1015 376 Gallia
1026 366 1038 383 ‚
1064 341 1161 385 idque

275 393 422 429 constare
433 404 476 427 ex
489 391 655 427 Valeriani
670 392 822 436 Episcopi
834 392 1006 435 suffragio:
1035 393 1078 426 Et
1100 392 1161 426 sta-

275 445 337 478 tim
348 442 438 478 addit
454 442 634 486 Episcopos
646 442 725 477 istos
743 443 783 476 ad
811 442 1086 485 Agrippinensem
1099 443 1159 485 Sy-

273 493 401 528 nodum
410 493 600 529 convenisse
609 492 879 534 adpaefiulationem
894 494 1042 525 Fratrum
1055 516 1063 523 .
1075 492 1157 525 Non

272 544 374 589 igitur
385 555 428 577 ex
439 544 524 577 sacra
535 543 741 588 delegatione
753 565 760 573 .
789 540 958 576 Valeriani
970 541 1155 584 suffragium
1194 551 1198 558 ¹

224 610 227 613 ¹
270 606 333 628 nec
343 604 445 628 unum
456 593 525 637 jota
536 592 633 627 habet
644 616 655 632 ‚
676 591 765 635 quod
779 592 878 625 faciat
891 591 965 624 talis
979 586 1155 634 delegatio·

269 645 324 678 nis
341 643 532 679 memoriam
543 657 554 677 .-
581 640 763 688 Qomodo
774 640 926 685 igiturex
947 640 1017 684 ipso
1027 639 1154 674 constat

269 693 346 728 istas
355 693 576 738 delegationes
586 691 723 736 viguisse
732 690 832 725 etiam
844 691 879 724 in
904 690 1015 725 Gallia
1027 691 1040 724 ?
1066 690 1149 726 Non

268 755 358 790 nego
382 743 540 788 viguisse,
565 741 619 775 sed
639 741 767 775 affirmo
785 740 871 774 istud
899 753 968 775 uon
981 740 1149 782 constare,

267 793 373 828 immo
393 803 452 826 nec
472 789 686 835 conjeciurari
711 802 752 826 ex
777 790 946 825 Valeriani
976 790 1128 837 suffragio
1139 816 1147 824 .

265 843 419 878 Praeterea
430 841 625 876 Valerianus
635 866 646 882 ,
673 852 711 877 ac
721 841 800 876 item
812 841 984 875 Amandus
995 841 1147 886 Argenti-

265 891 372 927 nenfis
383 891 566 937 Episcopus
576 891 710 934 quidem
723 894 884 926 affirmant
896 891 1037 935 priorem
1047 892 1147 933 quin-

263 953 327 987 que
338 943 579 987 Episcoporum
589 941 760 986 Synodum
772 941 928 976 suffecisse
939 941 979 976 ad
990 941 1145 976 damnan-

200 981 210 993 ’
261 992 343 1027 dum
363 991 566 1037 Euphratam
579 1004 595 1034 ,·
619 991 666 1026 ast
678 991 733 1025 ubi
754 990 870 1026 dicunt
881 991 982 1034 ipsam
992 991 1146 1026 fuissein-

96 2814 181 2856 Epist.
205 2823 232 2843 2·

263 1042 521 1086 appellabilem?
546 1041 642 1076 Toto
667 1040 753 1076 coelo
771 1039 832 1075 ista
846 1040 1021 1076 differunt.
1047 1042 1141 1090 Qin

259 1091 365 1127 immo
389 1091 570 1136 Euphratas
591 1089 722 1125 videtur
752 1090 923 1134 appellasse
940 1115 948 1123 .
977 1088 1140 1137 Alioquin

258 1139 427 1185 ‘quomodo
453 1139 494 1174 ad
504 1139 574 1183 ejus
582 1140 711 1175 causam
723 1139 957 1176 retrastandam
976 1141 1143 1176 convenis-

256 1191 303 1224 ξι
323 1189 390 1224 haec
400 1191 533 1234 praesens
543 1181 648 1233 maior
663 1189 819 1233 Synodus
830 1192 843 1226 ἓ
868 1191 964 1240 Qin
975 1192 1009 1227 ἀ
1019 1191 1061 1226 ab
1080 1191 1141 1226 hac

252 1238 382 1274 videtur
413 1239 611 1286 appellatum
631 1264 640 1273 .
666 1240 803 1276 Etenim
829 1241 998 1276 Dominus
1024 1241 1140 1276 Archi·

249 1289 432 1335 Episcopus
450 1290 622 1335 profitetur
643 1290 746 1335 ipsam
756 1292 944 1326 convenisse
960 1303 1050 1328 anno
1062 1302 1138 1336 qua-

249 1340 428 1386 dragesimo
451 1341 546 1376 sexto
557 1341 665 1386 quarti
676 1339 779 1375 &culi
792 1354 805 1375 .-
830 1340 880 1376 At
890 1340 969 1376 vero
990 1342 1138 1387 sequenti

247 1401 339 1425 anno
365 1389 547 1434 Euphrates
563 1415 575 1432 ,
599 1391 646 1426 uti
661 1391 787 1436 integer
805 1391 1009 1436 Episcopus,
1033 1391 1139 1427 adfuit

247 1440 426 1476 Sardicenfi
441 1440 598 1476 Concilio
609 1464 621 1480 ‚
646 1441 682 1476 ἀ
692 1452 768 1476 cum
778 1440 966 1477 Vincentio
977 1442 1138 1485 Capuano

246 1491 317 1534 egit
327 1500 376 1525 tes
384 1502 453 1525 non
466 1491 629 1527 modicas.
654 1491 733 1526 Erat
742 1491 822 1537 ergo
833 1492 959 1527 solutus
968 1491 1009 1527 ab
1022 1491 1138 1537 Agrip-

244 1539 386 1585 pinensis
406 1539 634 1576 damnationis
660 1540 796 1576 vinculo
818 1567 826 1574 .
854 1541 952 1576 Certe
985 1553 1055 1576 noo
1081 1551 1137 1582 per

244 1589 347 1623 alium
360 1613 372 1630 ,
397 1601 497 1633 quam
518 1601 576 1632 per
594 1590 788 1623 Romanum
809 1590 1009 1623 Pontificem
1033 1612 1043 1620 .
1068 1587 1135 1622 Res

246 1640 292 1673 est
303 1638 440 1671 discussa
453 1638 598 1680 superius
612 1659 620 1668 .
646 1636 817 1671 Persevero
843 1637 885 1672 de
895 1636 986 1671 istius
998 1638 1044 1672 rei
1055 1637 1134 1672 veti-

245 1697 314 1723 tate
323 1684 488 1731 ambigere
502 1709 510 1718 .

299 1735 483 1771 Audiamus
503 1735 537 1769 ὅ(
560 1734 686 1769 sextum
700 1735 887 1778 exemplum
901 1748 913 1769 .·
939 1738 1133 1771 saturninum

250 1785 428 1830 Episcopum
451 1783 648 1828 arelatensem
673 1787 823 1818 Gallicani
835 1784 974 1828 Episcopi
985 1788 1133 1824 in51nodo

251 1835 404 1879 Partfienfi
421 1842 729 1875 excommunicarunt,
754 1841 808 1876 qui
827 1836 911 1869 nulla
932 1841 1075 1871 mentione
1077 1836 1131 1879 fa·

251 1887 299 1921 lia
317 1887 543 1929 confirmationis
568 1887 589 1918 a
609 1889 738 1918 Romano
753 1886 891 1928 Pontifice
909 1887 1035 1920 decretae
1050 1911 1062 1926 ,
1086 1889 1132 1926 s,-

247 1938 386 1972 nodicam
405 1935 494 1979 suam
525 1935 690 1978 Epistolam
728 1934 872 1978 miserunt
895 1938 940 1972 ad
970 1934 1131 1980 Episcopos·

252 1992 385 2020 Orientis
398 2009 406 2017 .
436 1984 739 2029 significantseinter
765 1993 1027 2020 excommunicatos
1041 1995 1129 2028 pone-

251 2047 284 2070 re
298 2041 496 2074 Auxentium,
519 2035 554 2068 (3·
573 2037 697 2077 reliquos
722 2034 880 2079 Epist-opos
890 2048 962 2079 quos
970 2048 1132 2071 excommu-

252 2092 364 2120 nicatos
382 2085 470 2129 fuisse
487 2082 668 2127 scripserant
687 2084 824 2131 Episcopi
840 2088 1025 2121 orientales.
1053 2090 1129 2120 Tum

252 2138 436 2171 denunciant
456 2140 736 2169 excommunicatum
755 2138 775 2169 ἃ
792 2135 918 2180 sefutffe
930 2139 1128 2171 saturninam

254 2185 451 2230 Arelatensem
464 2210 471 2218 .
499 2186 697 2229 Respondeo
717 2186 908 2221 Dominum
930 2186 1129 2231 Archi-Epi-

251 2239 381 2279 scopum
393 2236 541 2270 recedere
554 2235 570 2268 ὲ
585 2238 643 2270 suo
654 2235 798 2272 themate
809 2262 816 2269 .
845 2237 979 2272 Etenim
1005 2249 1072 2271 non
1085 2237 1132 2271 ait

251 2287 335 2320 hanc
357 2285 564 2320 Parifiensem
592 2286 766 2328 synodum
793 2287 887 2324 fuisse
909 2288 1092 2321 immunem
1112 2285 1130 2319 ὲ

251 2337 403 2370 Romana
417 2335 636 2380 appellatione
646 2360 657 2376 ,
672 2337 724 2369 sed
739 2347 808 2370 non
820 2330 961 2370 reiulisse
972 2336 1131 2376 Romam,

253 2398 313 2420 nec
325 2386 500 2431 expestaffe
517 2385 680 2420 Romanae
699 2385 961 2420 confirmationis
983 2385 1127 2429 Rescrip-

252 2448 342 2472 tum.
371 2434 563 2471 immediate
583 2435 725 2470 retulisse
749 2435 792 2470 ad
803 2436 1004 2474 Orientales.
1031 2434 1132 2470 Vide·

252 2497 304 2522 tur
313 2497 426 2521 contra
437 2486 492 2520 sua
501 2486 607 2529 priora
621 2486 746 2520 Affetta
768 2485 957 2520 Gallicanas
976 2483 1130 2528 synodos

253 2538 270 2571 a
294 2537 454 2572 Romanis
473 2536 572 2570 etiam
599 2533 816 2570 relationibus
838 2535 979 2569 eximere
1000 2559 1007 2567 .
1035 2534 1131 2570 Certe

254 2587 404 2621 Sanctum
416 2585 642 2621 Alexandrum
670 2584 877 2619 Alexandriae
887 2583 1107 2620 Patriarcham
1118 2609 1131 2626 ‚

254 2636 332 2672 dum
356 2637 475 2672 Arium
493 2637 526 2671 &
547 2635 616 2679 ejus
641 2636 771 2669 asseclas
782 2634 928 2670 Clericos
943 2635 1131 2676 damnavit,

255 2688 392 2721 retulisse
416 2686 456 2720 ad
481 2687 634 2721 Sannum
645 2685 1073 2729 PontificemSylvestrum‚
1098 2686 1132 2720 δε

255 2736 432 2780 originales
455 2736 574 2770 litteras
597 2746 676 2770 tunc
700 2735 900 2780 permanfiffi:
922 2735 956 2769 in
970 2734 1132 2769 Romanis

258 2784 410 2820 Archivis
432 2811 442 2827 ‚
468 2786 599 2820 testatur
625 2785 660 2819 in
688 2785 821 2829 epistola
841 2785 882 2820 ad
904 2785 1132 2828 Imperatorem

256 2833 488 2871 Constantium
540 2835 690 2871 Liberius
721 2835 877 2872 Pontifex
903 2848 915 2869 .·
948 2833 1134 2883 Qomodo

258 2887 357 2931 igitur
367 2885 535 2921 Gallicana
542 2886 695 2930 Synodus
716 2897 784 2920 non
799 2885 945 2921 retulerit
954 2885 1133 2920 damnatio·

259 2947 334 2970 nem
345 2935 615 2981 Archi-Episcopi
625 2935 793 2971 Saturnini
804 2938 817 2970 ἒ
843 2936 899 2970 Est
912 2935 975 2970 alia
985 2935 1117 2979 quaestio
1125 2959 1132 2968 .

263 2986 391 3020 Deinde
410 2987 577 3021 Dominus
600 2985 896 3030 Archi-Episcopus
907 2985 986 3019 alibi
1007 2985 1133 3029 profite-

261 3045 314 3068 tur
325 3034 507 3077 dogmatica
517 3035 772 3071 provincialium
786 3035 998 3079 Synodorum
1009 3035 1132 3079 Judicia

263 3085 384 3126 semper
403 3082 494 3116 fuisse
508 3085 733 3127 appellabilia:
758 3085 944 3134 Qomodo
965 3085 1067 3130 igitur
1077 3083 1131 3120 hic

263 3132 534 3178 Agrippinensem
545 3133 577 3166 &
590 3134 794 3170 Parifiensem
804 3134 971 3170 manifeste
980 3135 1131 3180 Dogma-

262 3183 342 3216 ticas
351 3180 502 3223 Synodos
513 3183 676 3223 praetendit
701 3185 964 3231 inappellabilcs?
989 3186 1130 3231 oportet

261 3233 325 3268 else
343 3230 391 3265 sui
401 3239 590 3265 memorem.

734 192 737 195 .
775 157 860 203 DE
882 153 1264 204 Ganrcaun
1298 152 1608 206 Eeeunn

1361 302 1710 351 CAPUT
1788 309 1958 358 XXVI.

1252 427 1514 495 Discutiuntur
1545 432 1661 502 Senfh
1694 438 1849 482 Domini
1881 441 1985 486 Petri
2016 438 2060 488 de

1334 564 1345 570 ¹
1403 505 1554 551 Marcii
1586 510 1686 552 circa
1721 511 1752 552 S
1739 505 1908 570 ynodum

1510 578 1541 620 S
1541 573 1760 642 ardicenfim
1776 612 1789 624 .

1211 687 1300 776 A
1328 750 1413 775 mata
1435 742 1474 783 est
1486 766 1497 782 ,
1521 748 1566 775 uti
1576 743 1732 784 diximus,
1750 744 1891 788 superna
1913 749 2091 786 synodorum

1211 792 1443 826 Prouincialium
1464 792 1629 827 authoritas
1649 799 1683 827 in
1694 792 1971 840 ferendisJudiciis
1984 823 1996 839 ,
2020 809 2089 841 que

1207 849 1374 882 temperata
1385 841 1454 883 fuit
1465 841 1626 884 Resnsptis
1638 846 1809 886 Principum
1822 869 1835 885 ‚
1856 853 1909 889 qui
1931 847 2087 891 revifiones

1205 889 1357 934 causarum
1365 891 1656 936 fieripraecipiebant
1666 919 1675 927 .
1703 896 1784 928 Hinc
1795 905 1882 928 ηοω
1893 899 2016 940 Regula
2031 900 2088 932 da·

1206 949 1239 973 ta
1248 940 1346 983 occafio
1357 965 1369 981 ‚
1394 953 1485 984 quam
1494 942 1664 987 5ardicense
1674 945 1836 977 concilium
1847 946 1978 979 condidit
1988 969 2002 987 ‚
2027 957 2090 989 qua

1205 990 1361 1035 transfusa
1385 991 1424 1032 est
1442 998 1476 1027 in
1490 996 1665 1028 Romanum
1676 992 1857 1036 Episcopum
1868 995 1999 1036 potestas
2009 996 2065 1030 illa
2073 1019 2088 1038 ‚

1203 1051 1272 1083 quae
1294 1044 1527 1084 imperatoribu:
1548 1043 1729 1086 competebat
1741 1067 1753 1084 ,
1778 1045 1952 1078 concedendi
1974 1045 2088 1087 revlfio-

1205 1102 1256 1124 nes
1280 1090 1463 1135 hujusmodi.
1491 1096 1539 1126 Eo
1559 1102 1659 1127 tamen
1680 1092 1814 1126 adhibito
1834 1102 2088 1137 temperamento,

1203 1142 1284 1183 quod
1305 1141 1389 1184 infra
1415 1143 1637 1184 adnotabitur„
1655 1145 1689 1179 0
1715 1143 1866 1179 miserum
1890 1145 2088 1182 Romanum

1204 1190 1403 1235 Episcopum
1415 1216 1426 1233 ,
1452 1193 1510 1237 qui
1525 1192 1560 1227 in
1571 1193 1795 1228 Provinciales
1808 1195 1941 1229 suorum
1952 1190 2088 1240 Episco-

1202 1251 1318 1283 potum
1329 1242 1485 1284 Synodos
1497 1240 1582 1276 nihil
1591 1242 1760 1285 potestatis
1769 1244 1896 1287 accepit
1916 1244 2085 1281 arehristo

1201 1290 1354 1326 Domino
1363 1315 1373 1333 ‚
1401 1293 1436 1326 ὃ(
1448 1291 1558 1326 nescio
1570 1291 1651 1336 quid
1661 1290 1830 1335 potestatis
1849 1303 1906 1336 per
1916 1293 2086 1328 Sat-dicon·

1200 1338 1237 1374 fis
1249 1341 1376 1383 Synodi
1385 1341 1522 1385 gratiam
1532 1351 1680 1376 mutuare
1688 1341 1800 1377 debuit
1819 1341 1839 1376 a
1850 1342 1933 1377 laica
1951 1343 2086 1388 Regum

1201 1389 1378 1427 violentia!
1398 1391 1506 1426 immo
1515 1391 1537 1425 ὀ
1547 1391 1762 1439 miserrimum
1773 1402 2014 1437 quemcumque
2025 1392 2087 1429 ho·

1201 1440 1345 1482 minem,
1369 1442 1427 1484 qui
1450 1441 1529 1476 talia
1551 1451 1739 1477 commenta
1758 1450 1863 1476 tentat
1885 1440 2085 1478 Christianis

1199 1489 1362 1525 ment-ibus
1386 1490 1571 1533 imprimere
1599 1496 1608 1528 l
1638 1493 1674 1528 si
1700 1491 1875 1526 Romanus
1901 1491 2086 1536 Episcopus
2107 1495 2111 1499 '

1200 1538 1325 1571 nullam
1338 1535 1392 1571 hic
1402 1538 1420 1572 a
1433 1537 1567 1572 Christo
1577 1539 1732 1574 Domino
1745 1539 1979 1575 authoritatem
1991 1563 2004 1581 ‚
2027 1540 2085 1576 sod

1198 1585 1304 1621 solum
1325 1585 1412 1621 istud
1434 1586 1522 1623 laicae
1533 1587 1699 1624 violentias
1707 1588 1953 1624 imitamentum
1961 1588 2059 1625 hahet
2069 1614 2085 1633 ‚

1198 1645 1263 1679 qua
1284 1636 1444 1679 potestate
1463 1647 1559 1672 antea
1569 1638 1759 1684 degradavit
1777 1639 2083 1684 Mattianum-Epi-

1198 1686 1342 1728 scopum
1350 1684 1595 1721 Arelatensem?
1619 1688 1698 1735 Qa
1714 1687 1872 1730 potestate
1881 1687 2083 1731 appellantes

1196 1734 1323 1770 admisit
1333 1733 1508 1770 Basiliden:
1532 1735 1567 1772 ὅ(
1577 1736 1767 1772 Martialem
1779 1737 1793 1771 ἓ
1817 1737 1895 1784 Qa
1905 1738 2015 1772 fronte
2025 1739 2082 1782 Ju-

1197 1784 1260 1819 lius
1268 1783 1395 1820 admifit
1414 1785 1449 1820 ἀ
1458 1787 1619 1830 reparavit
1630 1785 2014 1822 SanstunAthauafium
2023 1810 2036 1828 ,
2044 1787 2081 1822 dt

1196 1833 1298 1880 longe
1308 1834 1413 1878 plures
1423 1835 1604 1870 Orientalis
1614 1835 1762 1871 Ecclefiae
1782 1833 1824 1870 ad
1836 1837 1867 1870 se
1878 1835 2081 1880 appellantes

1197 1884 1375 1928 Episcopos
1400 1885 1434 1933 ᾇ
1445 1885 1614 1921 Clericos?
1639 1885 1739 1921 Certe
1748 1883 1809 1921 hac
1821 1885 1862 1920 de
1874 1897 1908 1920 re
1919 1886 2030 1922 scribit
2041 1887 2079 1921 in

1196 1934 1417 1970 Ecclefiassica
1430 1933 1567 1971 historia
1578 1933 1830 1971 Theodoretus:
1850 1936 1964 1979 Julius
1983 1937 2081 1972 Eccle-

1187 1982 1331 2029 fiasticam
1350 1983 1478 2028 sequens
1504 1986 1635 2030 regulam
1654 2010 1667 2027 ,
1691 1988 1726 2021 θ
1746 1983 1930 2029 Eusebianos
1951 1989 2080 2020 Ram

1195 2039 1298 2068 venire
1302 2036 1384 2076 juffir
1395 2059 1407 2076 ,
1433 2037 1469 2070 δ’
1479 2038 1595 2070 Divino
1607 2034 1762 2078 Athanafio
1771 2037 1848 2069 diem
1856 2037 1902 2069 ad
1912 2040 1945 2081 J
1948 2037 2078 2070 eduum

1194 2085 1297 2117 dixit.
1323 2087 1389 2128 ,Qui
1405 2084 1717 2126 fimuluecitationem
1737 2092 1870 2128 accepit,
1897 2091 1929 2119 in
1939 2091 2022 2120 eiiam
2039 2083 2075 2130 se

1194 2135 1296 2168 dedit.
1322 2140 1363 2168 At
1374 2134 1570 2177 quifabulam
1581 2145 1713 2178 norant,
1736 2141 1844 2180 quippo
1863 2141 1916 2178 qui
1934 2147 2003 2170 em
2021 2133 2080 2178 ipfi

1193 2185 1404 2223 condiderant,
1429 2188 1555 2219 Romam
1578 2187 1645 2220 ideo
1658 2185 1785 2228 profe&
1808 2184 1969 2228 consum,
1994 2186 2078 2229 quud

1193 2235 1377 2269 mendacium
1382 2234 1476 2276 facilc*
1485 2232 1694 2278 deprehensum
1701 2242 1741 2269 m
1751 2234 1935 2278 sentiebant.
1961 2236 2076 2281 Qam

1193 2284 1339 2328 regulam
1354 2308 1366 2325 ,
1390 2294 1486 2327 quem
1515 2285 1689 2319 Canonem
1717 2286 1844 2318 secutus
1868 2284 1915 2317 est
1941 2282 2074 2327 Julius?

1193 2332 1291 2368 Certe
1313 2343 1383 2368 non
1407 2333 1508 2367 alium
1522 2358 1533 2374 ‚
1558 2345 1656 2378 quam
1680 2333 1932 2378 Apostolicum,
1957 2334 2076 2368 confir-

1194 2392 1320 2418 matum
1340 2383 1359 2417 a
1370 2382 1406 2417 N
1410 2384 1504 2418 icaena
1515 2384 1652 2428 Synodo
1662 2407 1675 2423 ,
1700 2384 1734 2418 ἀ
1746 2384 1908 2418 redactum
1927 2381 1963 2416 in
1986 2383 2074 2418 Scri-

1194 2443 1286 2477 ptum
1309 2456 1318 2466 .
1354 2432 1467 2468 Nemo
1486 2433 1677 2478 indignetur
1696 2458 1708 2474 ,
1733 2432 1823 2477 quod
1844 2433 2074 2476 Imperatorias

1194 2482 1439 2527 Episcopalium
1458 2484 1625 2518 causarum
1649 2483 1872 2527 delegationes
1892 2481 2076 2525 dicamefl'e

1194 2533 1335 2577 Regiam
1360 2533 1395 2567 in
1409 2532 1555 2567 Ecclesiae
1565 2533 1760 2578 dignitatem
1784 2533 1819 2567 ἃ.
1837 2534 1943 2567 sacros
1963 2523 2073 2567 Cano*

1193 2593 1249 2617 nes
1275 2582 1469 2617 violentiam
1495 2608 1504 2617 .
1531 2583 1668 2617 Etenim
1693 2583 1860 2617 Dominus
1889 2580 2004 2616 Petrus
2029 2583 2073 2617 de

1192 2632 1307 2668 Marea
1329 2634 1468 2668 affirmat
1487 2632 1747 2668 Provincialium
1766 2629 1978 2675 Synodorum
2003 2631 2071 2665 sen·

1192 2684 1332 2723 tentias,
1358 2694 1437 2727 quas
1447 2691 1597 2726 perpetua
1609 2682 1824 2717 Ecclesiamm
1845 2679 2070 2722 consuetudo,

1193 2734 1228 2768 δε
1251 2733 1403 2774 Nicaeni,
1427 2732 1575 2776 adeoque
1595 2733 1694 2769 etiam
1717 2730 2070 2776 ApostoliciCanones

1193 2782 1299 2818 velint
1309 2784 1470 2827 supremas
1493 2782 1763 2822 &inconcuffas,
1788 2781 1881 2816 fuiffe
1905 2791 1961 2824 per
1983 2782 2070 2815 sacra

1193 2832 1360 2876 Rescripta
1370 2832 1530 2867 retractari
1540 2831 1634 2875 julias
1654 2832 1673 2866 a
1684 2831 1846 2867 Romanis
1867 2829 2071 2873 Imperatori-

1194 2882 1275 2917 bus:
1300 2882 1489 2930 Qisistam
1499 2883 1752 2927 Delegationem
1774 2881 1868 2925 fuisse
1886 2879 2068 2914 coneuffioae

1192 2943 1287 2974 nem,
1314 2932 1388 2977 quis
1397 2943 1565 2968 tantorum
1576 2932 1764 2977 Sigillorum
1776 2929 2005 2972 inst-astionem
2018 2931 2068 2962 in·

1193 2983 1320 3018 ficietur
1330 2982 1422 3018 fuisse
1431 2982 1640 3018 violentam?
1665 2978 1764 3015 Certe
1782 2979 1863 3021 ista,
1890 2981 1983 3014 sacris
2004 2979 2067 3014 Ca·

1193 3032 1337 3070 tionibus
1358 3034 1502 3068 consona
1527 3056 1538 3072 ,
1569 3031 1738 3074 Rescripta
1772 3028 2003 3074 dispensatorie
2026 3040 2066 3064 ae

1191 3083 1350 3128 patienter
1371 3082 1520 3118 toleravit
1540 3082 1622 3116 olim
1643 3079 1783 3116 Ecclesia
1803 3092 1813 3124 ;
1840 3079 1967 3129 dissona
1987 3090 2067 3115 con·

1193 3134 1313 3169 stanter
1329 3133 1486 3173 excustk,
1511 3131 1559 3165 uti
1579 3130 1766 3167 violentias.
2059 3157 2062 3161 ,
2087 3144 2090 3149 ·

1241 3182 1344 3229 Qod
1363 3183 1517 3217 Romana
1534 3179 1712 3224 appellatio
1728 3180 1766 3215 fit
1777 3190 1846 3214 non
1857 3179 2063 3224 desumptum

1191 3244 1234 3268 ex
1253 3232 1361 3276 Regia
1381 3230 1540 3267 violentia
1558 3230 1799 3265 imitamentum
1810 3253 1822 3271 ,
1847 3230 1904 3264 sed
1912 3237 2063 3274 perpetua

1191 3280 1412 3323 confirmado,
1437 3290 1534 3325 atque
1555 3279 1747 3324 Apostolica
1768 3278 1931 3320 traditio,
1957 3276 2063 3312 immo

1192 3333 1226 3367 δε
1237 3331 1400 3366 Divinum
1411 3328 1533 3364 Christi
1543 3329 1731 3366 institutum
1741 3355 1754 3372 ,
1777 3330 1822 3365 est
1832 3328 1963 3372 antiqua
1981 3326 2063 3361 fides

1193 3380 1368 3417 Gallicanas
1377 3379 1543 3415 Ecclefiae.
1570 3379 1703 3416 Etenim
1723 3382 1809 3416 inter
1818 3377 1980 3420 Ludovici
1999 3377 2066 3418 lm·

1193 3430 1346 3477 potatoris
1356 3429 1431 3472 Pii,
1455 3430 1492 3465 in
1502 3441 1616 3476 quarto
1625 3430 1869 3470 additamento,
1895 3427 2064 3485 Capituli*

1961 3488 2011 3512 ria

1305 689 1381 727 Udi
1397 691 1570 727 exordium
1592 706 1603 726 :
1630 696 1749 729 canone
1770 701 1873 740 itaque
1895 701 2022 731 Nicaeno
2036 698 2091 741 fn·
2107 706 2178 745 Cap.
2193 714 2222 744 3.
