2326 3718
802 135 1038 192 RERUM,
1073 133 1532 181 er’VERnoauM.

314 218 433 255 liabilis
453 227 535 262 opus
563 216 609 252 est
634 215 751 262 praevia
771 216 930 252 relatione
956 216 999 252 ad
1024 216 1139 252 Sedetn

246 295 250 297 >
311 267 533 312 Apostolicam
546 292 554 299 .
1066 266 1139 301 ibid.

248 319 433 355 ,Hoereticis
452 329 538 352 arma
550 318 750 363 Dogmatica
764 318 979 353 transmittere
999 317 1045 351 est
1057 317 1141 351 faci·-

309 379 371 402 nus
391 367 489 413 longe
512 370 696 409 enormius,
720 367 818 410 quam
840 380 932 402 arma
959 367 1139 412 corporalia

307 416 477 462 deportare
488 418 528 452 ad
542 417 648 451 hostes
663 443 670 450 .
899 421 901 423 '
1021 417 1096 454 106-
1110 430 1140 453 2-

259 467 440 503 Haereticus
452 468 470 502 ὲ
482 469 580 502 Clero
593 466 782 501 manifestus
798 466 934 512 seipsum
945 467 1080 502 damnat
1102 479 1138 501 ac

307 518 482 563 degradat.
769 555 770 559 Ἰ
1040 525 1094 564 33.
1110 529 1138 553 2.

258 569 399 602 Hermes
422 567 700 611 Metropolitanus
721 567 944 602 Narbonensis
968 567 1007 601 ab
1019 567 1138 600 Hilaro

306 617 395 662 Papa
416 617 625 651 confirmatur
646 619 681 651 in
705 618 758 651 sua
784 616 948 652 Cathedra
964 642 975 658 ,
1005 617 1057 651 sed
1083 616 1140 650 sub

267 690 269 693 .
306 667 426 712 poenali
450 665 690 701 moderamine.
1041 666 1093 715 38.
1109 677 1141 701 2.

255 719 367 753 Heros
391 725 429 751 a‘c
439 715 581 754 Lazarus
602 719 753 752 accusant
775 716 945 763 Pelagium
967 716 1140 751 Haeresiar—

305 766 404 811 cham
430 767 464 802 &
486 766 664 811 perducunt
685 768 726 802 ad
751 768 923 811 Synodum
941 766 1139 810 Diospolita-

307 827 398 851 nam.
1012 845 1014 848 .
1087 842 1093 848 .
1107 829 1137 853 2.

246 867 394 902 Herotis
409 864 688 912 Archi-Episcopi
709 866 904 903 Arelatensis
924 867 1019 901 causa·
1035 826 1140 900 :iirea-

307 918 401 952 titur.
903 927 1001 963 42.2.
1028 918 1062 950 Θ
1079 915 1141 959 seq.

256 967 449 1002 Hierarchia
464 966 629 1002 Africanae
641 967 790 1002 Ecclesiae
802 968 992 1011 exponitur.
1025 975 1091 1011 149·
1110 977 1140 1001 2-

305 1020 340 1052 &
350 1017 411 1061 seq.
439 1016 538 1062 Apud
567 1018 668 1052 Afros
689 1018 938 1062 Metropolitica
961 1014 1141 1050 authoritas

303 1079 374 1102 non
386 1078 454 1101 erat
464 1067 611 1101 adstricta
621 1077 715 1100 certae
725 1067 818 1104 Sedi,
846 1067 900 1100 sed
912 1068 1034 1109 semper
1055 1074 1141 1099 tran-

303 1116 384 1149 sibat
395 1116 436 1149 ad
448 1116 609 1150 seniorem
623 1116 870 1149 consecratione
882 1116 1080 1159 Episcopum
1093 1123 1141 1149 to·
1175 1114 1178 1134 ³

247 1183 251 1186 >
304 1165 371 1200 tius
383 1164 503 1199 Africae
515 1190 522 1197 .

304 1264 542 1307 Monarchica.
576 1283 578 1285 ·
910 1296 911 1299 ,
1019 1275 1095 1312 125-
1113 1278 1140 1302 1·

254 1311 482 1349 Hierarchiam
506 1315 668 1350 Romanae
694 1314 841 1349 Ecclesiae
863 1309 1140 1351 Tvvandalorum

307 1365 464 1408 Episcopi
476 1365 623 1400 Africam
637 1366 766 1410 ingressi
781 1366 815 1399 in
835 1366 866 1399 se
883 1365 1114 1401 transtulerunt
1127 1391 1134 1400 .
1148 1360 1149 1365 ¹

310 1425 387 1460 151.
401 1424 433 1449 a..

254 1463 486 1508 Hieronymus
508 1465 670 1501 Casanate
682 1465 962 1500 Eminentiffimus
986 1478 1025 1501 ac
1037 1466 1141 1501 Reve-

302 1514 510 1549 rendissimus
528 1516 556 1549 S.
572 1515 613 1550 R.
626 1517 664 1550 E.
682 1515 866 1550 Cardinalis
887 1517 1142 1551 subministravit

301 1575 345 1599 ex
370 1565 546 1599 Caffinenfi
568 1565 773 1601 Monasterio
792 1565 954 1601 Codicem
971 1567 1143 1602 continen-

300 1624 368 1649 tem
383 1615 466 1649 ultra
486 1615 771 1650 ducentaslitteras
785 1616 961 1660 plurimum
981 1618 1141 1653 illustran-

300 1674 351 1698 tes
363 1666 430 1699 aCia
446 1663 755 1709 EphefiniConciiii
768 1690 780 1708 ‚
803 1666 837 1701 ὅ(
850 1665 1138 1702 Chalcedonensis.

305 1724 382 1762 327.
396 1724 428 1749 2.

252 1762 563 1807 Hierosolymitana
592 1766 746 1803 Ecclesia.
759 1767 1004 1812 Sanctinlacobi
1032 1770 1143 1803 Omo-

301 1812 445 1858 phorion
459 1817 606 1856 traduxit
616 1819 658 1853 de
666 1817 851 1853 Patriarcha
863 1820 897 1854 in
908 1818 1138 1853 patriarcham.

306 1873 413 1912 194⁴·
442 1865 525 1900 Non
539 1868 665 1912 accepit
675 1868 758 1903 illud
770 1868 900 1904 Roma.
916 1868 989 1903 ibid.
1018 1870 1143 1918 Qatn-

299 1913 361 1948 diu
372 1914 535 1949 duraverit
547 1918 717 1950 translatio
726 1917 930 1959 Ornophorii
954 1918 996 1951 de
1005 1918 1144 1952 Patriar·

301 1960 363 1996 cha
386 1963 420 1996 in
439 1962 687 1999 patriarcham?
1065 1967 1140 2000 ibid.

248 2011 582 2054 Hierosolymit'anus
602 2013 792 2046 patriarcha
813 2015 1034 2047 Antiocheno
1057 2016 1142 2056 post·

304 2060 462 2104 ponitur,
1015 2071 1092 2108 194-
1110 2072 1139 2097 1·

252 2108 578 2153 Hierosolymitanus
589 2108 832 2147 Patriarchatus
844 2110 1018 2156 quomodo
1041 2122 1142 2146 emer-

301 2161 400 2195 serit?
1019 2159 1139 2208 158·2·

249 2206 377 2245 Hilarii
392 2210 590 2247 Arelatensis
603 2222 678 2247 cum
692 2215 723 2249 S.
736 2213 850 2247 Leone
876 2222 967 2248 mota
983 2213 1119 2256 quaestio
1130 2236 1141 2253 ‚

299 2270 374 2306 7-2-
401 2262 574 2305 originem
590 2262 689 2298 duxit
711 2275 754 2297 ex
767 2263 960 2297 Chelidonii
984 2261 1140 2307 Episcopi

299 2319 356 2351 per
381 2310 413 2343 S.
428 2311 579 2346 Leonem
591 2313 793 2356 reparatione
804 2334 812 2344 .
1062 2312 1139 2346 ibid.

250 2357 377 2391 Hilarii
389 2359 525 2402 scopus,
547 2371 655 2401 error,
681 2363 716 2395 ἀ
727 2362 863 2396 audacia
875 2362 959 2397 circa
972 2362 1141 2397 Romanas

299 2409 535 2452 appellationes
547 2434 559 2451 ,
585 2419 630 2456 14.
645 2422 674 2447 1.
692 2411 785 2446 >Non
797 2411 1015 2458 *impugnavit
1039 2413 1141 2456 Papa·

302 2458 366 2491 lem
387 2458 590 2494 Primatum.
748 2481 750 2483 »
802 2486 809 2492 .
1068 2462 1139 2496 thid.

250 2507 400 2542 Hilarius
425 2509 621 2545 Arelatensis
642 2510 760 2546 unicus
782 2511 817 2546 in
837 2513 947 2548 Gallia
970 2514 1140 2557 praetendit

302 2557 580 2602 Autocephaliam
594 2586 604 2602 ‚
632 2562 684 2596 seu
707 2562 956 2607 exemptionem
973 2564 990 2598 a
1003 2563 1142 2597 Patriar·

302 2607 400 2642 chico
418 2609 498 2654 jugo
512 2611 658 2646 Romani
671 2613 844 2647 Antistius
857 2614 886 2653 ‚'¹
915 2622 917 2625 “
1046 2611 1098 2650 88·
1113 2625 1139 2649 1·

252 2658 401 2692 Hilarius
422 2662 549 2695 censuit
570 2673 612 2695 ex
628 2661 795 2697 Gallicani
818 2662 962 2698 Praefecti
984 2663 1067 2698 Sede
1082 2664 1140 2698 suo

302 2708 426 2744 throno
448 2709 605 2745 accessisse
629 2722 749 2746 novam
785 2713 959 2759 dignitatis
981 2713 1138 2757 speciem.

254 2785 256 2787 »
303 2770 356 2805 19.
386 2770 412 2794 ι.
440 2760 569 2794 Contra
592 2773 719 2797 morem
742 2763 862 2797 Gallia
880 2765 1071 2798 festinanter
1094 2765 1140 2798 su·

299 2808 521 2852 perordinavit
539 2835 549 2851 ,
577 2823 644 2845 non
657 2813 715 2847 soli
729 2812 879 2856 Projefio
889 2838 900 2854 ‚
928 2814 981 2848 sed
1009 2813 1140 2848 &Che-

301 2859 432 2939 libdgnio
453 2883 464 2901 ,
495 2861 568 2894 ibid.
604 2862 643 2896 ln
671 2864 800 2906 propria
822 2864 915 2898 causa
946 2865 1134 2907 cespitavit‚

306 2912 317 2939 i
338 2913 349 2939 1
371 2931 378 2938 .
569 2924 571 2926 ·
846 2939 848 2941 .
891 2934 896 2943 .

253 2955 407 2990 Hilarius
427 2958 461 2991 in
475 2962 706 2997 ⁴retrastatorio
720 2961 913 2998 Chelidonii
939 2962 1064 3008 judicio
1083 2963 1139 2999 ha-

311 3006 384 3040 buit
395 3008 597 3050 synodalem
608 3014 789 3047 consessum
800 3039 811 3054 ‚
837 3025 934 3058 atque
945 3014 1139 3060 suffragium,

308 3056 365 3102 67-
385 3066 413 3091 1.
441 3058 522 3094 Non
546 3070 595 3093 ex·
614 3063 785 3098 Sacrorum
807 3064 985 3099 Carnona-m
1005 3065 1139 3106 debito,

307 3106 361 3140 sed
375 3117 414 3140 ex
427 3109 573 3151 gratioso
585 3111 613 3144 S.
629 3110 751 3147 Leonis
763 3114 935 3148 beneficio.
946 3115 1017 3148 ibid.
1046 3115 1139 3149 Eam·

308 3156 384 3191 dem
396 3158 530 3201 gratiam
542 3158 662 3194 Hosius
688 3161 725 3195 in
736 3164 910 3199 Sardicensi
925 3164 1062 3207 Synodo
1083 3164 1138 3198 ob-

308 3207 386 3240 tulit
399 3207 590 3242 Eusebianis
611 3210 796 3255 Episcopis.
1033 3229 1035 3231 ¹
1065 3215 1138 3247 ibid.

259 3256 409 3291 Hilarius
432 3268 500 3291 non
521 3259 620 3293 evasit
641 3260 916 3299 victorzadversus
940 3265 1138 3300 Pontificem

266 3336 270 3342 ,
311 3307 459 3341 Leonem
471 3332 482 3348 ,
495 3317 532 3345 ut
544 3309 841 3357 vulr„Qesriellus.‘
851 3327 856 3346 x
874 3316 969 3352 16.'1.
997 3316 1053 3349 An
1068 3316 1138 3349 fue-

359 3355 466 3396 Gbrist.
480 3362 665 3402 Lupiopera
677 3363 711 3394 T.
732 3365 813 3395 Vnt

253 1213 453 1249 Hierarchia
468 1214 688 1250 Ecclefiastica
703 1226 771 1250 non
782 1215 826 1249 est
840 1175 1148 1250 Aristocratigsssezd
1176 1202 1180 1217 ξ

1249 214 1293 249 rit
1314 214 1332 248 a
1355 214 1473 248 Santto
1493 213 1833 262 Leonedegradatus?
1861 214 1914 253 16.
1928 228 1958 252 2·
1984 217 2072 251 Ana

1249 265 1367 299 Sansto
1387 263 1501 298 Leone
1527 263 1567 297 ad
1591 265 1749 307 judicium
1775 268 1966 302 revocatus?
1999 268 2072 300 ibid.

1248 316 1318 349 Suae
1339 313 1510 348 Cathedrae
1532 313 1702 359 privilegio
1724 316 1768 351 ob
1780 317 1987 360 pertinaciam
2011 317 2073 360 pri-

1249 373 1364 405 vatus,
1395 374 1494 410 17.1.
1521 362 1675 398 Tandem
1695 369 1868 402 conversus
1895 377 1931 401 ac
1954 366 2073 401 illumi-

1248 424 1344 449 natus
1354 414 1393 447 ad
1406 414 1518 447 seriam
1531 413 1763 456 poenitenciam.
1788 418 1860 450 ibid.
1888 417 1919 450 A
1933 417 2074 452 nonnul-

1249 465 1288 498 lis
1312 462 1452 497 creditur
1470 465 1585 507 sponte
1603 474 1645 497 ex
1669 464 1850 507 Episcopali
1869 465 1992 501 throno
2015 468 2074 501 de*

1248 513 1401 548 scendiffe
1413 539 1424 554 ‚
1450 514 1484 548 ὅ(
1496 513 1536 548 ad
1548 512 1710 550 silentium
1722 514 1898 553 Lerinensis
1908 516 2075 552 Monaste-

1248 564 1288 598 rii
1299 563 1422 598 rediisse
1435 590 1443 598 .
1983 568 2074 602 tibia.

1201 615 1348 648 Hilarius
1364 625 1430 647 non
1443 613 1512 647 vult
1525 614 1685 649 demutari
1710 614 1742 649 in
1756 614 1973 649 accusatorem
1985 640 1996 655 ,
2021 616 2076 650 sed

1249 664 1435 708 simpliciter
1458 665 1625 708 protestari
1644 689 1654 704 ‚
1686 674 1736 711 14.
1757 673 1783 699 2
1818 663 1968 699 Hilarius
1993 675 2077 700 errat

1248 726 1323 748 cum
1348 713 1539 748 Mariniauo
1561 715 1753 750 Ravennate
1775 715 1942 759 Episcopo
1961 738 1972 755 ,
1999 727 2043 765 ¹4·
2057 730 2076 747 ι.

1248 764 1447 798 Nullatenus
1467 765 1637 808 praetendit
1659 765 1893 809 appellationes
1912 764 2080 799 Romanas

1248 815 1394 854 auferre,
1420 824 1475 848 aut
1496 814 1748 849 circumducere.
1778 826 1824 858 ¹4-
1846 825 1880 852 2.
1907 814 2082 859 praetendc·

1251 863 1306 898 bat
1330 888 1340 904 ,
1370 875 1410 897 ne
1435 865 1650 907 appellationi
1671 865 1864 899 tribueretur
1886 866 2015 900 effeetus
2033 866 2081 899 su·

1249 915 1411 957 spenfivus
1423 937 1434 954 ,
1453 915 1527 947 ibid.
1550 915 1705 959 Ignorare
1720 925 1786 948 non
1798 915 1904 956 potuit
1915 916 2082 950 Sardicen-

1251 965 1298 998 ses
1309 963 1481 1005 Canones,
1510 965 1584 998 ibid.
1611 965 1779 1000 Hilarium
1789 964 2009 999 circumduxit
2022 976 2082 999 no-

1249 1025 1290 1048 va
1303 1013 1543 1057 Autocephalia
1559 1039 1566 1046 .
1629 1042 1630 1045 ,
1992 1026 2045 1061 15.
2059 1019 2081 1048 1.

1201 1063 1349 1097 Hilarius
1369 1065 1537 1107 praesentat
1558 1065 1590 1099 se
1600 1066 1719 1100 Sancto
1735 1064 1866 1104 Leoni,
1893 1065 1925 1099 ὃς
1937 1064 1979 1099 de
1998 1066 2082 1098 facta

1251 1112 1447 1149 Chelidonii
1466 1115 1674 1159 reparatione
1692 1116 1858 1159 queritur,
1874 1113 1915 1151 ,8-
1931 1125 1960 1151 1.
1987 1114 2083 1150 Dicit

1251 1162 1482 1204 sefimpliciter
1494 1164 1676 1205 protestari.
1694 1166 1770 1199 idid.
1798 1164 2084 1199 Clementerexci-

1250 1212 1338 1256 pitur
1360 1212 1378 1245 a
1396 1212 1515 1245 San&o
1541 1213 1672 1245 Leone.
1699 1212 1775 1250 8.2‚
1793 1216 1839 1250 >ln
1854 1215 2013 1250 Concilio
2024 1216 2084 1249 Save

1250 1261 1421 1297 cerdotum
1455 1271 1523 1294 non
1553 1260 1669 1294 habuit
1695 1284 1707 1300 ,
1731 1262 1822 1305 quod
1848 1264 2085 1298 rationabiliter

1242 1311 1484 1353 snsponderet,
1510 1308 1583 1343 ibld.
1610 1309 1733 1352 Papale
1755 1321 1815 1353 pro
1826 1309 2086 1355 Chelidonioju-

1252 1365 1375 1400 dicium
1393 1359 1563 1397 admittere
1582 1359 1822 1394 contumaciter
1843 1361 1968 1395 recusat
1983 1385 1992 1392 .
2018 1370 2084 1408 9·¹-

1251 1417 1345 1450 Hinc
1357 1410 1533 1449 insalutato
1542 1409 1706 1445 Pontifice
1717 1410 1827 1445 Roma
1838 1410 1969 1455 aufugit
1980 1435 1988 1444 .
2010 1412 2085 1445 ibid,

1250 1465 1404 1509 Ejusdem
1415 1463 1559 1499 excessus
1572 1459 1653 1497 varii
1664 1483 1685 1495 .=
1800 1483 1805 1493 Α
1832 1493 1834 1495 .
1992 1495 1995 1497 ,
2008 1472 2040 1507 9.
2051 1473 2085 1498 2.

1202 1516 1349 1554 Hilarius
1373 1513 1621 1550 pictaviensium
1642 1512 1825 1557 Episcopus
1848 1510 2086 1547 laudatSatdi·

1252 1568 1364 1602 censes
1384 1565 1542 1601 Canones
1555 1590 1562 1598 .
1589 1561 1634 1601 18.
1650 1575 1678 1601 1.
1707 1563 1828 1598 Scribit
1839 1562 2041 1597 Constantio
2052 1563 2085 1596 se

1249 1618 1381 1653 exulare
1392 1627 1459 1652 non
1471 1616 1611 1651 crimine
1622 1639 1635 1657 ,
1650 1613 1703 1650 sed
1715 1615 1857 1649 fafflone
1865 1638 1877 1656 ,
1888 1622 1945 1661 29.
1956 1622 1988 1647 2.
2016 1611 2088 1649 Cut

1251 1680 1320 1704 non
1334 1668 1541 1713 appellaverit
1554 1667 1572 1699 ἓ
1985 1698 1987 1700 .
2013 1661 2084 1696 ibid.

1202 1719 1337 1756 Hilarus
1359 1718 1519 1753 Pontifex
1539 1714 1796 1761 jurisdictionem
1816 1724 1946 1753 exercet
1955 1714 1992 1750 in
2003 1714 2087 1749 Her-

1251 1778 1374 1805 metem
1401 1768 1625 1806 Narbonensis
1648 1767 1802 1804 Ecclefiae
1811 1766 2086 1811 Metropolitam,

1252 1820 1306 1867 38.
1318 1832 1351 1857 2.
1378 1820 1426 1854 Ea
1437 1819 1479 1854 de
1489 1830 1522 1854 re
1532 1816 1642 1853 scribit
1665 1817 1706 1853 ad
1718 1819 1900 1854 Leontium
1911 1817 2087 1852 Arelaten-

1251 1872 1317 1905 sem
1331 1868 1651 1914 Archi-Episcopum
1661 1892 1673 1909 ‚
1700 1870 1796 1904 suum
1819 1869 1854 1903 in
1866 1867 1978 1904 Gallia
1989 1868 2087 1903 Vica-

1249 1919 1335 1951 rium
1348 1943 1357 1949 .
1383 1919 1455 1951 ibid.
1484 1920 1678 1954 Hermetem
1697 1921 1873 1954 confirmat
1897 1918 1935 1953 in
1957 1916 2090 1951 Narbo-

1251 1965 1342 2000 nensi
1355 1963 1519 2005 Cathedra
1530 1989 1542 2006 ‚
1570 1966 1625 2000 sed
1637 1967 1694 1999 sub
1705 1970 1826 2008 poenali
1839 1967 2066 2005 moderamine
2077 1988 2090 2006 ,

1249 2012 1322 2044 ibid.
1361 2011 1562 2045 Mamertum
1588 2014 1811 2047 Viennensem
1839 2014 2090 2057 Metropolitam

1244 2060 1433 2105 judicavit,
1459 2060 1687 2103 compescuit,
1711 2070 1808 2103 atque
1819 2062 1980 2096 correxit.
2016 2065 2089 2097 ibid.

1203 2110 1379 2146 Hincmari
1401 2108 1599 2144 Rhemensis
1621 2120 1710 2144 error
1735 2110 1820 2145 circa
1847 2112 2001 2147 Gratiani
2038 2113 2090 2147 le-

1251 2171 1327 2207 gem
1341 2185 1348 2193 .
1991 2173 2043 2209 94.
2056 2173 2088 2197 2.

1203 2212 1388 2246 Hincmaro
1402 2209 1579 2245 Rhemenfi
1591 2210 1669 2255 quid
1682 2208 1879 2247 Benedirstus
1889 2212 1947 2247 111.
1960 2213 2092 2248 conces-

1251 2263 1349 2296 serit?
1375 2259 1442 2308 189.
1460 2268 1479 2294 ι.
1509 2263 1649 2296 Canone
1662 2271 1717 2310 27.
1732 2265 1853 2297 octavae
1872 2263 2001 2307 Synodi
2026 2265 2091 2297 frae-

1245 2320 1348 2346 natur
1368 2311 1436 2354 ejus
1455 2313 1599 2346 excessus
1615 2313 1700 2347 circa
1714 2313 1806 2346 usum
1820 2313 1939 2347 Pallii.
1970 2313 2014 2347 Et
2027 2315 2090 2348 Ca-

1203 2388 1206 2391 ·
1251 2373 1341 2397 none
1366 2370 1412 2408 17.
1450 2362 1624 2396 damnatur
1646 2362 1714 2405 ejus
1735 2363 1947 2396 contumacia
1974 2374 2090 2398 contra

1252 2410 1423 2447 Romanas
1446 2412 1675 2445 evocationes.
1847 2416 1849 2418 ’
1967 2422 2093 2459 219¹·1»

1202 2463 1403 2497 Hincmarus
1424 2457 1615 2494 Rhemensis
1636 2460 1756 2494 artium
1777 2461 2092 2505 &temperamento-

1250 2523 1324 2547 rum
1348 2511 1411 2545 fuit
1422 2510 1689 2551 callentissimus,
1716 2508 1830 2548 1884.
1851 2513 1933 2551 Non
1951 2512 2089 2548 :tantum

1250 2562 1291 2596 ad
1303 2563 1368 2605 ipsa
1379 2560 1577 2604 exploranda
1591 2584 1603 2600 ,
1630 2562 1681 2595 sed
1697 2562 1797 2595 etiam
1809 2562 1850 2596 ad
1865 2563 2069 2606 prasticanda
2082 2587 2090 2595 .

1251 2612 1327 2646 ibid.
1341 2613 1545 2654 ·Numquam
1570 2621 1678 2645 tamen
1700 2610 1742 2644 eo
1763 2611 1896 2646 devenit
1927 2613 2090 2653 audaciae,

1251 2671 1289 2696 ut
1301 2662 1420 2696 diceret
1434 2661 1490 2695 fibi
1506 2672 1561 2705 per
1572 2662 1725 2705 antiquos
1735 2661 1998 2697 Canoneslicere
2010 2674 2089 2706 quo-

1203 2738 1205 2740 ψ
1249 2712 1416 2747 tidianum
1430 2710 1524 2745 usum
1544 2711 1651 2754 pallii.
2011 2713 2089 2757 ibid.

1201 2764 1404 2799 Hincmarus
1440 2760 1635 2796 Rhemenfis
1670 2762 1886 2806 Metropolita
1932 2763 2088 2800 Canones

1252 2813 1430 2847 Africanos
1450 2813 1572 2855 primus
1594 2813 1740 2856 usurpare
1767 2814 1866 2857 coepit
1877 2812 2025 2848 adversus
2037 2824 2089 2856 ap·

1251 2863 1444 2906 pellationes
1467 2861 1656 2898 Romanas.
1685 2860 1766 2909 248.
1794 2874 1822 2899 1.
1843 2864 1952 2898 Solius
1976 2875 2087 2902 tameat

1250 2914 1411 2947 inferioris
1427 2912 1539 2947 Cleri.
1814 2914 1818 2917 ’
1991 2943 1996 2950 ,
2016 2913 2086 2947 ibid.

1201 2963 1403 2997 Hincmarus
1420 2961 1614 2997 Rhemenfis
1625 2963 1842 3006 Metropolita
1863 2975 1934 3008 qua:
1959 2964 2087 3008 privile-

1249 3014 1304 3057 gia
1314 3013 1472 3056 acceperit
1484 3012 1502 3045 a
1516 3012 1693 3048 Beneditto
1705 3012 1761 3048 111.
1775 3012 1939 3048 Pontifice
1952 3040 1959 3047 .
1976 3011 2089 3051 188-2.

1252 3064 1308 3097 An
1333 3063 1551 3106 impetraverit
1588 3063 1820 3107 quotidianum
1847 3063 2084 3100 usumapallii.

1250 3114 1322 3146 ibid.
1350 3113 1579 3147 Damnatusin
1594 3111 1623 3150 8.
1637 3113 1776 3157 Synodo
1792 3139 1800 3146 .
1819 3143 1822 3148 .
1865 3145 1867 3147 ,
1948 3145 1950 3148 ,
2009 3114 2082 3145 ibid.

1202 3164 1401 3197 Hincmarus
1422 3162 1615 3197 Rhemenfis
1639 3164 1846 3206 pertinaciter
1866 3162 2005 3199 docuit&
2019 3161 2086 3195 Ro-

1251 3224 1346 3248 mana
1373 3212 1513 3247 Ecclesia
1536 3213 1651 3247 sanciri
1665 3214 1964 3258 nonpofl'emovos
1975 3211 2086 3245 Cano-

1196 3292 1198 3294 ,
1250 3274 1305 3298 nes
1320 3287 1329 3303 ‚
1347 3262 1411 3296 »sed
1424 3273 1510 3297 nova
1524 3262 1696 3298 dumtaxat
1719 3264 1846 3298 decreta
1857 3262 1967 3298 hausta
1978 3272 2018 3294 ex
2029 3271 2085 3303 ge-

1881 3322 1916 3359 19
1918 3322 1949 3359 3.
1972 3323 1997 3346 1-
2025 3309 2082 3342 Est

1907 3363 2030 3405 dogma

1251 3312 1412 3348 neralibus
1438 3312 1588 3347 Ecclesiae
1604 3312 1808 3396 ICanoni‘bus
1834 3337 1840 3345 .

1646 3372 1658 3397 1
1707 3373 1731 3398 2
