2326 3718
377 147 413 193 4
983 124 1444 174 Eptsrozi'

300 230 349 253 eos
359 217 494 252 ebaritas
505 225 579 253 novo
589 216 791 251 commendata
800 217 952 259 Praecepto
962 239 973 257 ‚
999 226 1154 259 nunquam
1160 223 1230 258 pax
1241 216 1388 247 Dominico
1400 214 1504 250 reliaa
1515 213 1650 261 disi-effu:
1676 219 1744 251 vna
1749 221 1914 260 pertinacis
1925 228 1996 255 cura
2005 214 2115 265 Propo-⁸

292 267 345 311 fiti
357 293 368 309 ‚
394 274 505 303 rationi
515 263 743 309 velleimperare
754 291 765 307 ‚
790 278 850 300 non
859 268 956 301 cedere
967 291 975 299 .
1005 269 1231 307 contemptores
1243 263 1456 299 authoritatem
1465 264 1597 301 veterum
1607 292 1619 309 ,
1642 271 1898 313 novarum-cupidi
1909 271 2110 315 questionum,

295 316 390 362 solam
395 323 540 361 putantes
544 311 675 360 seientia·
687 317 799 351 rec‘iam
810 324 894 351 viam
906 315 1036 360 qualibet
1044 324 1209 358 conceptam
1211 315 1366 357 facilitate
1373 312 1549 366 sente-gutiam
1562 331 1573 351 .-
1593 320 1648 352 -Εό
1668 317 1757 361 usque
1768 316 1993 362 tumoris-elati,
2017 333 2052 357 ut
2065 325 2112 358 ad

298 368 453 402 arbitrium
458 365 545 410 suum
555 366 703 409 utriusque
715 367 805 402 Orbis
814 376 922 410 putent
933 368 1140 401 inclinandum
1148 366 1199 409 effe
1204 370 1237 411 J
1239 366 1366 398 udicium
1380 389 1392 407 ,
1404 369 1497 403 necin
1507 379 1624 404 numero
1636 369 1788 403 Fideltum
1800 370 1980 412 deputantes
1992 374 2013 406 5
2012 385 2108 416 equa-

296 428 344 453 ces
361 418 545 450 Traditionis
558 418 700 451 Paternae
711 442 723 459 ,
741 416 838 461 fisuae
849 419 983 451 viderint
993 418 1091 451 cedere
1101 414 1336 459 nollesententiae
1351 441 1358 449 .
2086 422 2096 433 ³

345 467 394 501 At
403 477 480 501 ecce
489 466 569 501 dum
579 478 620 503 ex
632 467 729 511 hujus
741 467 837 502 vestri
848 466 1048 502 saluberrimi
1059 466 1222 500 examinis
1239 474 1336 508 atque
1351 465 1470 510 Judicii
1495 469 1588 505 causa
1609 479 1717 504 moras
1728 469 1816 507 duco
1837 472 1871 506 in
1884 471 1971 508 alma
1992 472 2033 508 U
2035 473 2111 515 rbe,

292 515 329 550 ὃς
338 515 383 550 ob
395 516 626 552 litterariorum
639 518 928 552 instrumentorum
941 516 1119 552 absentiam
1130 527 1232 560 cogor
1243 514 1408 551 inchoatis
1418 516 1628 559 Synodorum
1638 519 1782 555 Scholiis
1795 522 1903 569 largiti
1917 522 2013 556 ferias
2023 548 2035 564 ‚
2057 518 2110 558 in·

291 566 370 600 cido
380 568 414 600 in
428 567 548 613 Magni
562 567 655 611 Papae
668 568 791 602 Leonis
801 579 899 611 opera
912 593 923 609 ,
952 567 1048 601 novis
1070 565 1156 608 typis
1180 566 1215 600 &
1228 565 1485 601 Commentariis
1509 566 1631 613 donata
1646 611 1648 613 ι
1654 581 1710 613 per
1731 570 1936 607 Paschafium
1949 572 2110 621 Qesne1=

291 615 383 658 lum,
410 618 496 660 apud
517 617 704 652 Parifienses
724 618 955 661 Presbyterum
980 616 1258 660 Congregationis
1271 617 1417 656 oratorii
1439 616 1581 652 Domini
1599 616 1732 660 JESU.
1760 622 2018 657 Commentariis
2037 634 2108 657 eru-

290 665 387 700 ditis.
413 667 538 713 Dignis
546 679 651 702 carere
664 678 754 703 naevo
781 669 815 702 ὅς
827 678 905 712 ruga
916 691 923 698 .
949 665 1074 702 Verum
1090 664 1172 700 adeo
1185 667 1302 711 rugosa
1314 668 1387 701 sunt
1399 691 1410 707 ‚
1439 678 1475 701 ut
1486 668 1586 702 etiarn
1606 667 1708 710 ipsum
1720 695 1731 710 ,
1757 672 1849 716 cujus
1873 673 2109 709 Encomiasten

289 726 395 761 agunt
405 741 417 758 ,
442 717 775 761 invadantMagnum
789 716 962 759 Leonem,
987 716 1205 751 adseverantia
1226 727 1301 751 eum
1316 741 1327 757 ‚
1353 717 1432 752 dum
1452 719 1514 752 suae
1525 715 1695 752 Cathedrae
1707 718 1910 764 Phyla‘cteria
1923 722 2110 759 studet'am-

288 767 410 809 phare,
435 768 599 802 exceffiffe
617 768 652 801 in
667 767 844 808 Canones,
871 768 906 801 in
934 765 1194 801 Provincialium
1204 766 1418 809 synodorum
1442 767 1512 812 jura
1524 792 1535 808 ,
1562 769 1595 802 in
1611 760 1780 813 privilegia
1802 773 1838 806 &
1852 769 2032 808 liber-uitem
2046 773 2108 807 Ec-

288 815 454 850 clefiarum
467 842 474 848 .
502 817 597 864 Qin
621 816 655 851 &
668 816 773 861 ipsum
785 816 915 861 impetit
930 814 1170 859 Apostolorum
1196 816 1379 859 Principem
1394 841 1405 857 ,
1431 818 1561 862 ejusque
1582 819 1742 852 Divinam
1756 818 1976 864 potestatem,
2002 834 2065 866 qua
2085 823 2107 857 a.

287 864 421 900 Christo
433 866 586 901 Domino
608 868 733 911 accepit
747 868 870 902 solvere
892 866 1004 901 omnia
1016 890 1027 906 ,
1053 866 1087 900 &
1099 867 1174 900 suos
1195 866 1230 900 in
1246 866 1363 909 iniquae.
1372 867 1596 902 damnationis
1607 868 1674 902 saio
1687 868 1878 905 flustuantes
1903 874 2105 909 antnaufta-

285 925 406 959 gentes
414 916 541 952 Fratres
551 917 744 952 confirmare
756 942 764 951 .
790 917 1068 951 Romanastotius
1083 914 1206 950 Mundi
1216 917 1453 960 appellationes
1464 918 1637 952 contendit
1659 920 1723 953 effe
1743 930 1809 953 non
1833 920 1851 953 a
1863 921 1988 955 Divina
1997 923 2105 966 Majo-

283 965 365 1000 state
375 965 574 1011 impartitam
588 968 748 1003 Romanae
760 965 931 1003 Cathedrae
940 963 1175 1000 authoritatem
1191 990 1202 1006 ,
1227 964 1281 1000 sed
1292 967 1402 1001 nescio
1416 968 1504 1011 quod
1518 969 1615 1002 Hofii
1635 967 1852 1004 Cordubensis
1865 971 2042 1014 Episcopi,
2067 972 2104 1006 &

280 1015 478 1052 Sardicenfis
499 1028 569 1052 non
583 1037 594 1043 -
604 1017 821 1053 OEcumenicae
844 1014 975 1058 Synodi
998 1015 1116 1060 fragile
1134 1016 1306 1051 indultum
1317 1043 1325 1051 .
1349 1017 1444 1065 Qin
1458 1018 1563 1052 imm&
1586 1020 1768 1062 prorumpit
1781 1020 1916 1055 ulterius
1927 1047 1935 1055 .
1966 1021 2103 1057 Etenim

281 1065 418 1101 scribit:
444 1069 604 1109 Οεηζθῖιηέ
624 1070 772 1100 evincitur
782 1066 955 1099 orientales
967 1064 1008 1098 ab
1019 1065 1251 1099 occidentalium
1270 1078 1316 1100 ore
1322 1074 1391 1101 tunc
1402 1075 1542 1110 temporis
1553 1079 1611 1102 non
1618 1070 1789 1113 pependiffe
1802 1093 1810 1102 .
1837 1070 1893 1104 Est
1917 1069 2036 1106 diserta
2061 1082 2102 1106 ac

280 1113 389 1151 lucida
401 1118 552 1160 profeffio
563 1113 739 1149 Eusebiani
751 1113 941 1149 schismatis
955 1128 962 1147 :
989 1114 1306 1159 Philippo-politam
1318 1117 1558 1153 Conventiculi
1572 1144 1579 1152 .
1606 1118 1725 1164 Longe
1735 1119 1825 1154 aliud
1847 1132 1909 1155 nos
1923 1121 2020 1156 docet
2032 1121 2101 1156 sce-

278 1163 426 1208 phanus,
451 1165 600 1198 laudatus
609 1161 737 1199 Larissae
748 1165 927 1210 Episcopus
941 1190 952 1206 ‚
977 1166 1128 1200 adversus
1141 1166 1197 1201 sibi
1211 1167 1370 1202 inflishm
1382 1167 1424 1202 ab
1438 1168 1628 1213 Epiphanio
1648 1170 1838 1204 Patriarcha
1860 1171 2101 1206 Constantino-

277 1214 429 1255 politano
440 1212 710 1258 degradationem
721 1215 865 1250 clamans
875 1216 914 1250 ad
930 1215 1070 1251 vestrum
1083 1216 1330 1252 Antecefforem
1342 1218 1555 1254 Bonifacium
1573 1231 1580 1252 :
1606 1221 1637 1252 51
1653 1225 1733 1253 enim
1758 1222 1794 1254 ὁ·
1816 1221 1882 1254 alia
1899 1229 2025 1262 peccata
2046 1223 2100 1255 di‘-

275 1266 396 1297 mittere
403 1264 607 1305 potestatem'aei
619 1265 711 1299 Verbo
723 1269 781 1300 Dei
785 1266 954 1309 percepistis
966 1291 980 1306 ‚
1008 1270 1129 1300 Divina
1140 1268 1254 1301 dicente
1265 1270 1417 1311 scriptura
1432 1292 1444 1309 ,
1469 1275 1541 1312 quia
1548 1271 1632 1313 quod
1640 1275 1672 1303 in
1681 1277 1763 1303 terra
1782 1269 1939 1313 Jblveritis
1949 1296 1960 1312 ‚
1986 1270 2038 1304 hoc
2064 1268 2100 1305 Θ

274 1316 312 1345 in
322 1314 400 1347 caelis
411 1314 462 1357 effe
467 1313 594 1358 filatum
604 1339 615 1356 ‚
640 1319 752 1359 quanta
761 1321 858 1362 magis
869 1316 1018 1351 babebitis
1026 1317 1202 1359 potestatem
1212 1328 1246 1351 tn
1260 1317 1308 1351 bis
1318 1344 1328 1359 ,
1355 1330 1422 1362 quae
1432 1321 1584 1354 adversar
1620 1331 1667 1354 me
1679 1319 1828 1364 affusum
1852 1317 2098 1363 at'quet'decre'ta?

271 1361 455 1398 Profitetur
466 1388 478 1405 ‚
503 1377 573 1400 non
595 1367 741 1400 solorum
760 1367 1057 1412 ‘Metropolitanum
1067 1392 1078 1408 ,
1104 1367 1159 1401 sed
1187 1369 1222 1402 &
1237 1367 1501 1404 ‘patriarcharum
1512 1395 1522 1410 ‚
1552 1374 1615 1404 n'ec
1637 1371 1808 1406 dumtaxat
1819 1370 2100 1416 circafiiieirdog·

269 1422 361 1447 mata
370 1438 382 1454 ,
408 1414 463 1448 sed
473 1415 574 1450 etiam
584 1416 671 1450 circa
682 1416 1184 1461 canonicascausas-synodalia
1198 1418 1319 1461 judicia
1329 1420 1419 1463 posse
1431 1421 1591 1455 reti-astari
1618 1421 1651 1455 ἃ
1660 1420 1827 1456 exsufflari
1840 1432 1910 1465 :per
1924 1421 2104 1456 Romano»

270 1474 344 1496 rum
357 1464 556 1509 Episcopo„
581 1465 715 1507 &shanc
728 1467 923 1512 potestatem
933 1469 999 1503 effe
1007 1479 1079 1503 non
1098 1466 1276 1515 modicam*
1287 1470 1473 1514 portionem
1484 1470 1670 1507 coeiestium
1677 1470 1832 1507 Clavium
1842 1496 1855 1514 ‚
1875 1471 1963 1518 lqu'as
1975 1471 2100 1518 Magia-

268 1512 453 1549 fler-Deus
471 1515 562 1551 dedit
574 1517 692 1552 Sancto
702 1516 843 1553 Petro.·
1318 1533 1320 1535 ·
1481 1545 1496 1549 m
1517 1546 1520 1549 -
1558 1546 1580 1550 γ»
1846 1520 1847 1523 ’
1880 1538 1882 1541 ·
1913 1535 1941 1553 1‘·
1971 1533 1986 1552 ἰ·

319 1563 356 1597 N
358 1575 394 1598 ec
404 1565 439 1599 in
451 1566 558 1601 solum
569 1566 755 1610 Apostolici
766 1568 913 1614 Collegii
925 1566 1148 1612 Coryphaeum
1162 1591 1174 1606 ,
1200 1575 1240 1599 ac
1249 1565 1319 1606 ejus
1329 1563 1742 1602 Romanamsedemssfifflt
1764 1569 2100 1608 istorumfflfifflm'ut

264 1613 425 1648 *tariorum
438 1615 572 1658 injuria.
603 1617 736 1651 Invadit
747 1628 864 1650 omnes
884 1618 1093 1660 Episcopus,
1116 1611 1471 1656 omna-Ch‘iffimm·
1494 1612 1632 1642 Etenim
1651 1615 1692 1642 Μ
1716 1614 2008 1652 δῖινὲῠθὲῗθῧῖΰῖ-
2024 1620 2100 1665 ‘1¹²5’

264 1661 476 1695 Rothaldum
484 1663 744 1695 Sveffionensem
761 1665 965 1700 Episcopum
974 1657 1205 1692 e‘xauthorarat
1216 1682 1229 1698 ‚
1249 1657 1383 1701 Synodi
1398 1657 1571 1694 Antistites
1580 1657 1662 1692 reae
1681 1659 1801 1703 scripsit
1812 1661 1949 1696 Sanetus
1971 1661 2096 1702 &Mn-

264 1719 352 1752 gnns
368 1707 528 1741 Pontifex
551 1706 714 1740 Nicolaus
728 1720 741 1740 .-
766 1708 934 1751 Privilegia
954 1708 1039 1740 Sedis
1054 1707 1158 1747 nostrae
1185 1706 1273 1751 ustae
1285 1708 1330 1741 ad
1340 1716 1462 1741 mortem
1474 1733 1486 1750 ‚
1514 1713 1633 1743 Divina
1643 1719 1795 1744 annuente
1811 1717 1940 1758 grava,
1968 1710 2096 1760 vestigii

267 1762 398 1792 Patriam
407 1756 568 1797 nostrorum
574 1755 731 1800 sequentes
746 1781 758 1798 ,
783 1757 992 1799 defendemus.
1022 1759 1083 1791 sed
1106 1760 1141 1793 (a
1151 1761 1205 1792 ves
1217 1758 1273 1792 illa
1286 1783 1298 1799 ,
1322 1767 1470 1801 quatenus
1482 1758 1601 1793 illibata
1613 1783 1625 1800 ‚
1650 1767 1749 1802 utpote
1760 1766 1852 1795 totius
1868 1759 2095 1804 Balefiaevun·

268 1813 344 1842 mini
354 1808 508 1848 remedia,
532 1807 733 1848 eustodiasteur
747 1831 760 1848 ,
784 1817 846 1840 toto
852 1814 1004 1846 conamine
1028 1809 1309 1842 &omnibusrvms
1322 1816 1436 1852 operari
1461 1821 1496 1847 ac
1515 1809 1660 1853 desudare
1688 1810 1823 1845 debetisss
1840 1813 2093 1856 tguonlamtpo»

263 1859 373 1899 flalicae
394 1859 480 1891 Sedis
496 1860 663 1903 Privilegia
680 1857 753 1901 sient
765 1864 897 1902 tegmina
908 1884 919 1900 ‚
945 1868 979 1892 ut
995 1864 1043 1892 ita
1062 1860 1198 1893 dicamus
1213 1885 1225 1901 ,
1248 1865 1340 1894 totius
1352 1859 1487 1902 Ecclefiae
1505 1859 1670 1894 Catholicae
1680 1884 1688 1894 .
1719 1865 1891 1907 Privilegia
1901 1887 1913 1904 ,
1937 1865 2091 1907 linquar,

270 1908 359 1949 hujus
372 1905 502 1947 Ecclefiae
510 1906 583 1951 sunt
593 1915 759 1943 munimina
767 1915 844 1942 circa
856 1921 954 1942 omnes
975 1914 1104 1951 impetus
1112 1916 1310 1951 pravitatum
1324 1935 1333 1943 .
1358 1914 1447 1944 Nam
1468 1912 1547 1954 quod
1567 1910 1721 1945 leothaldo
1728 1912 1815 1947 hodie
1833 1920 1957 1958 cantigrt
1968 1938 1980 1955 ,
2006 1914 2092 1949 unck

265 1957 351 2002 scitis
360 1983 382 1999 ‚.
397 1959 475 1999 quod
493 1969 561 1991 cras
571 1959 691 1992 cuilibet
703 1971 760 1992 non
771 1966 894 1993 eveniat
905 1958 1031 2000 vestrum
1044 1961 1057 1993 ?
1083 1960 1185 2006 Qod
1199 1960 1303 2004 ipsum
1316 1985 1328 2001 ‚
1353 1961 1403 1994 uti
1417 1971 1514 2005 caput
1524 1962 1636 2007 magni
1649 1962 1803 2005 ponderis
1816 1988 1829 2005 ,
1852 1965 1970 2008 repetit
1981 1963 2019 2001 ὶιὶ
2026 1963 2089 2000 fle.

269 2008 347 2042 teris
364 2008 403 2042 ad
418 2009 619 2043 Francorum
636 2008 764 2055 Regem
778 2010 936 2044 Carolum
950 2009 1091 2044 Calvum
1104 2035 1115 2050 ,
1141 2023 1179 2045 ac
1193 2011 1227 2044 in
1241 2010 1359 2045 litteris
1370 2010 1410 2045 ad
1422 2010 1642 2055 Rudolphum
1653 2009 1974 2059 Archi-Episcopum
1996 2013 2092 2050 Bitu·

268 2059 438 2092 ricensem.
466 2060 549 2103 Agit
562 2060 597 2093 in
611 2060 833 2094 Hincmarum
847 2059 1095 2104 Metropolitam
1108 2060 1344 2095 Rhemenfium
1358 2059 1518 2097 Rothaldi
1531 2062 1791 2107 Degradatorem
1803 2088 1815 2104 ,
1842 2064 2013 2100 Romanas
2032 2063 2088 2110 ap-

268 2108 461 2151 pellationes
479 2109 662 2144 ordientem
684 2111 820 2151 rodere,
847 2111 882 2144 &
902 2111 1120 2145 mussitantem
1140 2113 1223 2155 ipsas
1244 2111 1403 2146 adversari
1427 2112 1555 2154 Juribus
1576 2112 1834 2148 Provincialium
1856 2115 2088 2159 synodorum.

269 2160 450 2193 Rofionem
469 2159 505 2192 in
529 2160 661 2202 plenum
685 2161 851 2202 morsum,
877 2161 1133 2196 muffitationem
1160 2161 1194 2195 in
1217 2162 1319 2195 altum
1346 2161 1522 2196 clamorem
1545 2163 1717 2205 perficiunt
1738 2162 1807 2198 haec
1816 2163 2084 2200 Commota-iai

269 2209 424 2243 Clamant
436 2209 629 2244 Sardicensis
640 2211 767 2254 Synodi
781 2221 1006 2245 commentum
1025 2223 1092 2245 non
1106 2211 1247 2245 transisse
1259 2213 1293 2246 in
1306 2223 1414 2246 mores
1423 2237 1435 2253 2
1459 2211 1719 2247 Provincialium
1729 2213 1942 2256 synodorum
1953 2213 2084 2257 Iudicia

268 2259 412 2293 mansisse
421 2260 503 2293 olim
515 2260 661 2303 suprema
682 2261 717 2294 &
734 2262 923 2295 inconcusia
934 2285 946 2302 ‚
972 2262 1055 2295 nulli
1069 2262 1189 2296 iubeffe
1203 2263 1260 2296 nisi
1280 2262 1497 2296 OEeumenicae
1507 2262 1646 2306 Synodo
1669 2263 1772 2297 totius
1794 2263 1963 2305 Ecclesiae,
1990 2263 2082 2298 dam-

269 2317 363 2343 natos
377 2308 460 2342 olim
477 2309 654 2353 Episcopos
666 2310 706 2344 ad
717 2310 802 2346 hanc
816 2311 918 2345 solam
933 2335 945 2351 ‚
969 2323 1039 2345 non
1061 2313 1102 2346 ad
1116 2312 1304 2346 Romanam
1329 2312 1446 2346 sedem
1467 2313 1670 2356 provocasse.
1698 2312 1869 2348 Omnibus
1887 2313 2086 2349 Christianis

269 2356 426 2405 claudunt
449 2359 611 2394 Divinum
633 2360 727 2394 illum
752 2373 790 2395 ac
813 2360 1035 2396 Beatiffimum
1057 2372 1184 2404 portum
1198 2388 1208 2403 ‚
1234 2362 1269 2397 in
1283 2373 1352 2407 quo
1376 2372 1429 2397 tot
1440 2362 1532 2396 omni
1552 2363 1668 2397 saeculo
1680 2364 1793 2407 magni
1803 2367 2085 2408 quatumcumque

270 2409 430 2442 Gentium
454 2409 629 2453 Episcopi,
653 2410 796 2455 itemque
816 2411 939 2446 Clerici
968 2424 1006 2445 ac
1022 2412 1113 2446 Laici
1126 2437 1137 2453 ‚
1166 2413 1286 2447 inflista
1308 2412 1364 2446 fibi
1390 2422 1448 2447 aut
1464 2413 1625 2446 intentata
1651 2411 1670 2445 a.
1690 2413 1754 2447 suis
1773 2413 2001 2456 Metropolitis
2026 2425 2085 2449 aut

268 2457 464 2493 Patriarchis
474 2459 653 2502 Synodalia
673 2461 842 2506 naufragia
857 2461 1003 2506 gloriose
1022 2464 1206 2496 evaserunt.
1233 2462 1401 2496 innovant
1427 2462 1461 2496 ὅ(
1475 2462 1605 2497 firmant
1618 2462 1806 2497 Eusebianae
1819 2465 1986 2498 Fauionis
2007 2463 2084 2504 Phi,-

270 2508 583 2552 lippo-Politanam
602 2510 848 2545 Aristocratiam
861 2536 868 2543 .
891 2511 1086 2553 improbant
1107 2513 1251 2546 Matrem
1274 2511 1473 2554 Ecclesiam,
1498 2524 1568 2557 quae
1591 2523 1668 2546 cum
1689 2511 1861 2546 Photianae
1872 2512 2082 2551 Rebellionis

270 2558 483 2592 Settatoribus
494 2558 615 2593 Graecis
629 2571 799 2602 nunquam
824 2560 975 2593 sustinui:
996 2561 1098 2596 redire
1122 2563 1156 2596 in
1171 2563 1441 2597 communionem
1455 2585 1467 2603 ‚
1492 2562 1553 2596 nifi
1563 2562 1681 2595 Sancto
1693 2561 1792 2595 Petro
1805 2562 1957 2604 reparatis
1981 2573 2020 2596 ac
2037 2574 2082 2601 ex

270 2610 398 2653 integro
408 2608 543 2642 redditis
553 2609 703 2642 omnium
714 2610 864 2652 gentium
883 2610 1156 2652 appellationibus
1168 2637 1175 2644 .
1202 2612 1276 2647 Scio
1289 2613 1345 2646 iiia
1361 2611 1607 2646 Commentaria
1619 2610 1732 2645 multis
1744 2611 1917 2646 verborum
1940 2611 2082 2654 phaleris

270 2658 414 2701 profiteri
425 2656 605 2693 Primatum
616 2658 778 2693 Romanae
790 2659 957 2693 Ecclefiae.
986 2662 1034 2695 At
1045 2661 1175 2706 sibi-ipsi
1189 2674 1256 2697 non
1269 2661 1430 2696 cohaerere
1451 2660 1597 2695 fabulam
1621 2660 1823 2696 demonstrat
1846 2661 1882 2694 in
1906 2662 2024 2696 litteris
2038 2663 2080 2697 ad

270 2705 443 2741 Theffaliae
464 2706 645 2751 Episcopos
658 2733 665 2741 .
691 2710 823 2744 Sanetus
847 2709 1004 2743 Pontifex
1025 2711 1217 2747 Bonifacius
1241 2713 1379 2756 primus:
1407 2715 1499 2746 Tenet
1514 2712 1603 2745 Sedes
1618 2709 1776 2753 apostolica
1789 2714 2019 2754 Principatum,
2045 2722 2080 2745 ut

271 2758 405 2800 querelas
423 2763 553 2791 omnium
572 2759 692 2792 licenter
713 2767 858 2801 acceptet.
887 2758 991 2793 Porrd
1017 2761 1263 2797 Commentaria
1289 2761 1411 2796 habent
1438 2772 1506 2795 non
1521 2772 1641 2805 paucos
1661 2761 1866 2805 symmystas
1877 2786 1884 2793 .
1912 2762 2078 2797 Omnium

270 2806 424 2850 Princeps
433 2806 478 2841 est
490 2806 606 2842 Petrus
617 2808 657 2843 de
668 2809 781 2844 Mat-ca
791 2832 803 2849 ,
827 2808 1126 2855 Archi-Episcopus
1137 2812 1319 2847 Parisienfis
1330 2811 1477 2845 Ecclefiae
1487 2836 1494 2843 .
1524 2811 1567 2845 Et
1579 2810 1700 2844 malum
1714 2823 1781 2845 non
1806 2811 1921 2845 desinit
1933 2812 2055 2854 serpere
2067 2837 2076 2845 .

271 2856 375 2892 Haud
386 2857 455 2891 leve
465 2857 587 2892 malum
599 2883 606 2890 .
633 2857 718 2894 Vere
726 2860 814 2893 enim
826 2860 866 2894 ad
880 2860 1057 2895 orientalis
1070 2863 1192 2905 lllyrici
1207 2863 1387 2905 Episcopos
1399 2861 1514 2904 scripsit
1526 2861 1675 2895 laudatus
1686 2861 1877 2895 Bonitacius
1889 2874 1896 2893 ι
1923 2866 1961 2894 ln>
1972 2862 2079 2895 sanli‘t

272 2909 357 2940 Petri
368 2908 574 2942 contumeliam
584 2907 716 2952 quisquis
728 2908 856 2954 insurgit
867 2934 879 2950 ‚
905 2910 1057 2945 habitator
1067 2913 1216 2953 caelestium
1231 2924 1286 2945 nim
1294 2916 1407 2955 poterit
1418 2912 1469 2955 esse
1479 2915 1645 2955 Regnorum
1656 2935 1667 2952 ,
1694 2917 1727 2944 in
1745 2923 1812 2954 quae
1825 2912 1923 2946 nuilus
1939 2910 1998 2953 fine
2003 2924 2077 2956 gra·

271 2961 318 2989 tia
321 2959 353 3000 J
355 2962 475 2989 uniter-is
492 2957 620 2993 intrabit
631 2983 641 2992 .

322 3004 408 3050 Qis
419 3003 486 3038 haec
502 3005 691 3044 Christiano
704 3012 831 3053 pestere
840 3011 1043 3045 considerans
1054 3036 1065 3052 ‚
1092 3012 1125 3045 in
1139 3012 1250 3046 anima
1262 3013 1318 3046 sua
1332 3022 1400 3046 non
1419 3010 1535 3045 sentiat
1548 3010 1689 3054 aliquam
1714 3011 1888 3047 scintillam
1912 3012 2001 3046 istius
2022 3013 2075 3046 Sa-

270 3053 460 3088 cro-saneti
481 3053 594 3098 Ignis,
619 3059 709 3100 cujus
732 3061 861 3104 plenam
881 3061 1046 3094 flammam
1070 3062 1164 3095 senfit
1188 3062 1338 3106 Jeremias
1360 3059 1524 3103 Propheta
1542 3074 1549 3093 :
1576 3061 1692 3093 Fac‘lus
1711 3061 1750 3101 est
1771 3068 1803 3094 in
1813 3064 1897 3095 corde
1915 3074 1974 3095 meo
1995 3060 2080 3105 quas?

272 3108 351 3147 ignis
374 3102 559 3145 exaestuans,
586 3105 754 3150 claususque
765 3115 796 3143 in
808 3109 904 3151 offlbus
916 3117 989 3144 meis
1002 3136 1010 3143 .
1037 3115 1084 3145 Et
1105 3111 1221 3154 defeci,
1239 3111 1324 3153 ferre
1342 3122 1398 3143 non
1407 3109 1569 3153 sustinens.
1596 3111 1683 3145 Cum
1705 3112 1835 3156 Magno
1856 3112 1972 3146 Leone
1994 3113 2072 3147 novi

274 3152 499 3196 Apostolicam
510 3152 710 3189 Cathedram
720 3162 779 3192 effe
789 3160 1004 3195 Sacratiffimae
1030 3161 1192 3195 firmitatis
1203 3162 1331 3195 Petram
1342 3185 1354 3201 ,
1379 3163 1433 3194 cui
1456 3172 1516 3194 nec
1538 3161 1722 3195 inferorum
1745 3172 1845 3204 portae
1858 3187 1869 3202 ‚
1895 3161 1995 3207 longe
2008 3161 2072 3194 vmi-

274 3202 337 3237 nus
350 3201 491 3237 humana
503 3204 596 3246 poffit
606 3206 772 3247 praevalere
782 3211 942 3244 temeritas
955 3236 962 3243 .
990 3207 1224 3245 Nihilominus
1233 3212 1274 3245 ad
1286 3211 1520 3245 vindicandam
1542 3210 1611 3253 ejus
1623 3210 1818 3255 dignitatem
1838 3212 1991 3255 optabam
2013 3209 2070 3242 sal·

275 3260 343 3286 tem
353 3251 421 3287 duo
432 3252 627 3296 pauperculae
638 3253 757 3290 Viduae
771 3257 894 3292 minuta
915 3260 1059 3294 conferre
1070 3286 1078 3293 .
1106 3259 1230 3295 Verum
1242 3260 1349 3295 deerat
1362 3260 1500 3300 sanitas,
1526 3259 1632 3294 deerat
1646 3260 1775 3295 libraria
1796 3262 1938 3304 supellex
1949 3284 1956 3291 .
1987 3259 2072 3292 Ani-

274 3302 377 3336 mavit
400 3313 452 3336 me
470 3302 642 3337 Facundus
654 3304 893 3341 Hermianenfis
917 3311 1095 3353 Episcopus
1109 3324 1120 3344 .-
1146 3315 1297 3344 Mocianus
1316 3315 1405 3354 coegit
1416 3322 1461 3343 me
1473 3322 1530 3343 non
1547 3310 1732 3351 confidet-atis
1752 3312 1868 3345 viribus
1881 3309 2070 3356 valetudinis

273 3362 371 3392 meae,
395 3353 430 3386 (v
440 3354 698 3395 quomodocumque
710 3360 834 3398 inceptis
844 3359 909 3398 ejtes
930 3360 1131 3402 risset-tionibus
1144 3359 1318 3402 respondere
1329 3385 1337 3392 .
1368 3364 1454 3392 Nam
1480 3362 1514 3393 (9
1526 3362 1649 3394 Codices
1662 3362 1707 3393 ad
1726 3362 1880 3404 neceffaria
1900 3358 2070 3397 Testimonia

275 3401 454 3445 requirenda
466 3402 624 3438 mihinam·
634 3402 756 3448 desunt.
782 3406 891 3442 Etiam
905 3405 945 3442 de
958 3408 1021 3445 suis
1031 3410 1252 3446 eruditissimis
1262 3409 1437 3445 duodecim
1454 3409 1544 3444 libris
1556 3412 1701 3455 praefatur
1711 3424 1723 3444 .·
1748 3414 1805 3444 uec
1823 3417 1894 3452 opus
1910 3407 2072 3452 suadenti-

1953 3458 2023 3492 ›bus
