2326 3718
673 100 807 145 Rom
829 110 962 141 AN1s
997 98 1581 142 APPELLATIONIBUS.

210 189 373 224 dicenses.
398 187 594 231 Respondeo
618 187 790 222 adducere.
812 185 1001 220 'Audiamus
1020 184 1087 228 ejus

211 241 406 274 exordium:
431 241 508 271 Cum
529 240 614 272 Sedis
627 238 786 280 Apostolicae
808 241 977 271 Primatum
987 235 1088 274 §anile

211 293 298 324 Petri
306 294 461 328 meritum,
487 290 678 323 &Romame
699 289 836 331 dignitas
857 293 994 320 civitam
1007 311 1018 327 ‚
1040 284 1089 328 sa·

206 350 268 374 τηε
286 344 380 372 etiam
401 340 502 376 synodi
521 339 656 381 firmarit
666 338 853 373 authoritas.
883 336 1089 371 Constitutio

206 387 276 433 agit
292 389 391 422 etiam
404 389 445 422 de
458 389 732 425 admittendarum
743 389 999 431 appellationum
1023 384 1089 418 Pri·

206 447 298 472 matu
312 455 324 477 5
347 439 488 483 ideoque
515 441 549 474 ὃς
571 440 742 474 Nicaenam
766 439 875 473 laudat
896 435 1090 481 Synodum,

206 489 241 522 ἀ
252 487 487 524 Sardicensem.
515 491 668 525 Lucet‘ex
677 490 752 524 aliis
761 490 901 532 ejasdem
914 489 1088 530 Imperato-

206 538 249 573 ris
260 539 375 573 litteris
387 539 427 574 ad
435 540 609 584 Collegam
618 539 847 578 Theodosium
857 565 868 580 ‚
894 537 1018 580 scriptis
1032 545 1089 578 pro

205 588 410 627 admittenda
431 590 648 633 appellatione
668 591 775 625 Sancti
803 587 965 624 Flaviani.
993 585 1091 620 Affir-

203 649 276 673 mat
297 640 403 684 ipsum
423 639 591 683 appellasse
599 639 761 684 secundum
769 639 1009 683 solemnitatem,
1035 636 1089 672 seu

204 689 388 724 solemnem
409 690 681 725 constitutionem
704 691 897 725 Conciltorum
919 712 927 719 .
956 686 1090 730 Utique

201 738 337 774 'Nicaeni
362 740 396 773 ὅ(
416 739 626 774 Sardicenfis.
653 741 742 774 Tam
762 739 809 773 hae
832 739 963 778 litterae,
991 737 1089 780 quem

204 788 268 823 ista
289 788 499 825 Constitutio
522 802 626 834 agunt
646 790 687 825 de
711 789 876 832 pariforrni
899 788 992 822 causa
1019 811 1030 827 ,
1056 787 1090 820 δε

204 836 296 878 haud
318 838 418 875 ,dubie
440 841 513 874 sunt
529 840 569 874 ab
583 841 699 875 eodem
722 840 919 874 secretario.
946 836 1090 871 Proinde

205 888 264 922 ille
273 889 400 924 easdem
414 890 589 932 utrobique
610 890 775 927 intellexit
787 888 958 931 Synodos.
986 884 1091 932 Qid-

203 937 289 980 quid
299 937 339 973 fit
352 964 363 980 ‚
390 938 551 978 Romanae
564 939 808 983 Appellationis
824 938 876 982 jus
887 948 956 971 non
976 934 1091 975 funda-

200 996 260 1027 ttur
271 988 305 1020 in
316 988 383 1020 sola
392 987 531 1029 Synodo
543 988 720 1023 sardicensi
735 1012 742 1020 .

253 1035 434 1074 piiffimam
446 1036 674 1076 Valentiniani
687 1037 971 1072 Constitutionem
996 1047 1091 1073 vene-

201 1095 271 1121 rata
285 1086 407 1130 semper
419 1087 483 1126 fuit
494 1088 606 1122 omnis
619 1113 630 1129 ,
643 1087 814 1124 Gallicana
826 1088 997 1132 praesertim
1010 1112 1020 1128 ,
1033 1086 1092 1125 sub

200 1134 293 1172 coelo
305 1135 470 1178 Ecclesiam
496 1137 638 1182 ideoque
661 1138 860 1184 indignum,
886 1150 923 1172 ac
950 1137 1092 1172 nullate-

201 1185 268 1220 niis
288 1185 497 1222 tolerandum
518 1188 563 1222 est
577 1189 677 1232 ipsam
702 1187 802 1223 hodie
822 1189 840 1223 ὲ
854 1189 961 1224 nescio
973 1187 1093 1231 quibus

199 1234 399 1274 'hominibus
421 1237 467 1272 ita
488 1239 648 1281 conspui,
674 1239 707 1278 δ(
727 1240 912 1274 conculcari
926 1265 933 1271 .
960 1239 1013 1272 Ex
1027 1238 1092 1282 ipsa

200 1283 342 1326 Sanetus
353 1286 491 1326 Hilarus.
505 1287 662 1324 Pontifex
682 1300 741 1333 pro
754 1289 900 1326 Leontio
913 1289 1092 1324 Arelatensi

201 1336 374 1380 Episcopo
386 1336 558 1375 adversum
571 1339 729 1377 Mamerti
743 1338 941 1376 Viennensis
961 1338 1093 1382 Episco-

197 1387 239 1430 ,pi
264 1388 409 1421 excessus
435 1387 555 1431 scripfit
579 1386 621 1423 ad
658 1388 852 1425 Gallicanos
890 1390 1101 1434 Episcoposz,

199 1435 440 1477 Christianorum
454 1449 566 1480 quoque
589 1441 764 1483 Principum
788 1441 850 1485 lege
865 1441 1015 1475 decretum
1031 1439 1071 1481 est
1084 1462 1095 1480 ‚

199 1495 239 1522 eat
257 1488 406 1528 quidquid
424 1487 560 1529 Ecclefiis
592 1514 603 1529 ‚
628 1500 786 1534 eorumque
804 1491 980 1526 RcHoribue
1002 1514 1014 1532 ,
1035 1499 1093 1535 pro

203 1540 302 1578 quiete
311 1541 440 1573 omnium
452 1540 573 1570 Domini
585 1539 775 1571 sacerdotum
788 1560 799 1578 ,
825 1546 917 1580 atque
929 1536 1017 1578 ipsius
1039 1538 1093 1571 ob-

197 1583 364 1626 ‘servantia
388 1584 554 1625 difisplinae
579 1609 591 1623 ‚
625 1592 660 1618 in
684 1586 859 1625 auferendi!
886 1584 1092 1627 confusionibus

201 1633 371 1677 Apostoltcae
383 1633 471 1669 sedat
483 1632 612 1672 Antistes
629 1631 683 1676 fico
698 1635 917 1675 pronuntiasset
936 1639 1091 1675 examine,

197 1687 514 1723 veneranteracc1p1‚
539 1688 736 1725 tenaciterque
743 1680 882 1725 servari.
912 1684 956 1717 Et
980 1684 1089 1719 statim

198 1733 340 1770 subdit.-
365 1737 431 1766 Nec
443 1743 576 1775 unquam
589 1733 702 1776 poffent
713 1734 837 1767 convelli
849 1759 860 1774 ‚
886 1745 954 1776 quae
981 1735 1015 1768 (ἓν
1037 1736 1090 1766 Sa-

198 1785 347 1823 fndotali
368 1781 770 1826 Ecclefiasticapraecepnone
788 1783 967 1829 fulcirentur
993 1786 1090 1821 &Re-

195 1839 258 1885 gia
276 1857 284 1867 .
312 1831 474 1872 Eamdem
495 1833 531 1867 in
552 1843 669 1878 quarto
691 1833 929 1879 Capitularium
953 1835 1091 1869 Addita—

200 1892 321 1920 mento
342 1882 454 1919 laudat
480 1895 518 1918 ac
539 1884 647 1918 firmat
682 1884 861 1927 imperator
898 1884 1091 1923 Ludovicus

198 1933 304 1970 Pius:
330 1936 503 1978 Culpantur
512 1933 674 1978 Episcopi,
702 1940 753 1978 qui
776 1936 867 1970 aliter
887 1938 956 1980 erga
971 1935 1090 1978 fratres

198 1989 338 2030 egerint,
363 1987 454 2030 quam
464 1984 626 2028 Apostolicae
637 1987 720 2019 sedis
733 1988 830 2028 Papae
842 1987 911 2030 fieri
921 1989 1087 2029 placuerit.

200 2036 302 2083 Qin
313 2035 419 2070 immo
431 2035 546 2071 Petrus
557 2035 597 2071 de
609 2036 723 2071 Marca
737 2037 874 2072 affirmat
891 2037 981 2072 istius
993 2038 1090 2072 Con-

201 2083 388 2120 *stitutionis
408 2097 468 2128 pro
490 2086 652 2120 Romauae
666 2086 815 2121 Ecclefiae
835 2087 982 2122 Primatu
995 2087 1090 2121 verba

200 2135 271 2169 effe
291 2134 376 2169 adeo
398 2133 505 2169 lucida
531 2136 565 2169 &
588 2136 769 2169 veneranda
788 2160 797 2175 ‚
824 2146 858 2169 ut
879 2137 969 2178 hujus
988 2136 1090 2180 saecull

158 2202 165 2210 ·
204 2183 412 2219 novatoribus
419 2187 521 2226 pqffint
526 2184 702 2228 sanguinem
707 2184 878 2228 suffundere
889 2213 896 2220 .
926 2187 970 2222 Et
981 2187 1092 2230 adjun-

205 2235 256 2278 git
267 2247 279 2268 .·
306 2238 379 2267 Haec
391 2235 510 2267 novella
524 2234 697 2274 Constitutio
709 2236 812 2269 Codici
822 2236 1013 2278 Theodosiana
1038 2239 1091 2270 ad-

202 2284 312 2326 J'unlla
320 2284 379 2325 est,
404 2287 487 2325 cnjus
502 2286 621 2320 Codr‘cts
643 2284 713 2327 usus
735 2287 817 2327 apud
829 2288 953 2327 Gallos,
981 2290 1091 2320 Roma-

206 2346 256 2368 nae
279 2337 367 2377 Legis
389 2341 523 2375 nomine,
551 2340 582 2366 in
607 2335 693 2368 rebus
713 2336 913 2378 Ecclefiasticis
937 2339 1089 2372 invaluit.

203 2384 251 2418 Et
274 2382 338 2418 hoc
349 2383 549 2419 demonstrat
570 2397 610 2418 ex
628 2384 771 2431 antiquis
785 2385 965 2421 Gallicanae
978 2389 1093 2422 Eccle-

204 2434 257 2484 fiaej
277 2433 443 2476 Synodis,
468 2446 505 2469 ac
527 2434 658 2478 Regum
674 2435 818 2469 Editus.
844 2435 989 2472 Proinde
1005 2439 1092 2472 fron·

200 2489 275 2517 iem
288 2484 347 2517 sub
355 2483 462 2517 axillis
473 2495 613 2528 gerunt,
638 2485 694 2528 qui
707 2483 808 2519 hodie
820 2485 860 2520 de
883 2487 984 2521 suain
999 2488 1093 2522 istam

204 2533 333 2578 Legem
348 2533 585 2568 'maledicentia
613 2546 681 2567 non
707 2534 899 2571 erubescunt
926 2561 933 2569 .
961 2537 1090 2582 Nempe

202 2594 327 2618 novam
345 2583 572 2618 Hierarchiam
592 2583 737 2629 diligunt
750 2609 760 2624 ,
787 2585 822 2618 ὃς
846 2595 975 2622 tentant
992 2587 1092 2622 Mun-

202 2634 250 2667 do
269 2633 444 2673 obtrudere
465 2657 476 2674 ‚
504 2633 647 2683 ideoque
668 2635 822 2671 calcanda
849 2637 926 2672 sunt
952 2639 1088 2685 antiqua

202 2695 335 2723 omnia.
359 2701 361 2704 ·

255 2734 459 2771 Ptaetermitti
472 2746 540 2772 non
552 2736 647 2780 poffit
659 2738 819 2773 eximium
832 2749 869 2773 ac
884 2739 1009 2785 insigne
1022 2739 1089 2774 elo-

206 2784 298 2829 gium
319 2811 330 2827 ,
356 2784 447 2830 quod
473 2788 608 2830 praefatae
634 2788 717 2833 Legi
744 2789 887 2832 impertit
914 2789 1089 2825 Honorius

204 2834 363 2871 Pontifex
386 2836 419 2869 in
432 2835 548 2871 litteris
567 2836 607 2871 ad
618 2840 765 2883 Sergium
786 2839 1066 2875 Sub-Diaconum
1079 2866 1086 2873 .

205 2883 381 2920 Honorius
392 2886 617 2923 Calaritanum
632 2888 843 2932 Episcopum,
854 2891 1007 2926 Sardiniae
1017 2891 1088 2925 Me·

203 2934 395 2979 tropolitam
406 2960 416 2976 ,
443 2938 475 2971 δε
490 2937 648 2982 quosdam
661 2939 727 2982 ejus
740 2939 906 2980 Clerioes,
925 2939 966 2976 de
980 2942 1088 2975 nescio

205 2983 326 3025 quibus
336 2988 500 3021 accusatos
511 3013 522 3029 ‚
547 2989 587 3023 ad
601 2989 695 3024 suurn
707 2989 876 3025 Tribunal
886 3001 1085 3026 evocaverat.

204 3032 256 3070 Et
269 3032 481 3079 Metropolita
493 3038 643 3073 obedivit
667 3051 704 3074 ac
725 3040 832 3083 venit;
862 3042 972 3077 verum
985 3041 1087 3076 Cleri·

209 3092 268 3139 ‚tos
289 3087 488 3130 momordit,
514 3090 685 3126 &morata
708 3090 754 3125 est
781 3092 908 3135 propria
922 3092 1087 3126 conscien-

212 3140 259 3169 tia
270 3156 280 3172 ,
295 3144 331 3168 ac
344 3135 422 3168 fecit
432 3148 640 3174 contumaces
653 3166 659 3172 .
687 3142 781 3176 Hinc
793 3141 950 3176 Pontifex
962 3142 1087 3177 Barba-

211 3192 283 3216 rum
294 3207 305 3223 ²
332 3183 489 3240 Rpmanae
511 3189 662 3225 Ecclefiae
673 3191 913 3237 Regionarium
926 3192 1086 3229 Defenso-

209 3241 277 3266 rem
290 3257 301 3273 ,
329 3233 413 3267 mifit
424 3233 464 3268 ad
475 3237 588 3274 Sardos
600 3265 611 3281 ,
635 3242 692 3285 qui
705 3242 855 3278 Clericos
875 3252 1025 3287 potenter
1035 3243 1087 3278 ad-

209 3282 357 3318 duceret.
372 3283 414 3318 Et
423 3285 507 3328 ipsos
517 3289 590 3321 navi
603 3289 812 3335 imposuerat.
825 3292 872 3327 At
884 3305 959 3330 ecce
970 3294 1086 3330 Theo-

208 3332 330 3390 d0‘usy
356 3333 509 3370 sardini&
520 3336 654 3379 Praeses,
680 3341 766 3385 ipsos
779 3343 954 3379 Defensori
966 3345 1084 3379 violen-

201 3390 257 3422 «ατ
267 3384 404 3427 eripuit,
421 3397 458 3421 ac
471 3388 643 3423 transmisit
657 3389 690 3424 in
703 3391 848 3429 Africam
858 3419 866 3429 .
893 3394 987 3431 Hinc
999 3395 1086 3429 Pon-

1909 112 1969 155 59

1148 183 1232 219 tifex
1258 183 1289 220 se
1313 180 1477 216 convertit
1492 182 1542 216 rad
1563 183 1746 228 Georgium
1772 180 1891 221 Arricae
1911 186 2025 221 Praefe-

1150 235 1260 274 stum,
1286 233 1463 276 postulavit
1473 231 1531 268 fibi
1543 231 1627 266 tradi
1640 234 1809 277 elericos,
1832 236 2027 281 &castigari

1149 283 1331 322 Praesident,
1342 295 1381 318 ac
1391 282 1470 318 alias
1480 282 1601 317 litteras
1608 281 1736 319 addidit
1745 284 1786 320 ad
1796 288 1944 335 Sergium
1951 285 2030 322 Sub.

1144 334 1365 370 Diaconum:
1392 333 1562 375 Exemplar
1583 334 1684 366 Sacrae
1707 332 1850 376 Theodoffl
1871 349 1907 374 ac
1927 339 2028 373 Valen-

1155 389 1267 418 tiniani
1286 393 1347 420 tuae
1367 387 1579 426 Experiemiae
1603 388 1774 419 curavimus
1799 384 2005 423 destinandum
2018 412 2029 428 ‚

1151 437 1184 471 (tt
1197 435 1429 478 Eminentiffimo
1454 433 1599 476 Praef'ec‘h
1614 441 1671 475 per
1691 441 1776 466 tuam
1798 436 2029 477 Experientiam

1150 486 1362 528 dirigendum,
1389 486 1473 525 cujus
1490 483 1586 527 serie?
1604 495 1664 518 non
1679 481 1774 527 saltim
1794 485 1860 524 eJ‘us
1878 488 2030 520 Eminen-

1151 541 1225 568 tiam
1234 560 1245 576 ‚
1272 537 1376 569 verum
1387 541 1479 572 etiam
1489 546 1589 569 omnes
1598 536 1715 569 omnino
1727 558 1738 575 ,
1764 540 1814 576 qui
1826 536 1847 566 a*
1858 536 1878 566 5
1879 536 1944 567 edis
1958 540 2033 577 Apo-

1145 584 1254 623 stolicae
1279 587 1389 619 ditione
1409 585 1576 620 exorbitare
1596 585 1778 620 contendunt
1801 608 1814 626 ‚
1843 584 2033 620 nihilominus

1152 634 1315 676 informare
1321 636 1421 677 suffit.
1448 636 1709 680 ,Quemadmodum
1726 635 1897 675 Sereniffimi
1921 637 2034 668 Princi-

1147 692 1204 726 pes
1219 684 1361 719 hat'ient'es
1385 697 1485 720 omnes
1506 691 1728 720 innovaverunt
1747 686 1852 719 cunda
1866 686 2033 728 Privilegia

1152 735 1237 767 Sedis
1263 735 1427 777 Apostolicae
1439 759 1451 777 ,
1477 737 1510 769 ἐν
1523 748 1591 778 quae
1615 738 1684 771 olim
1696 737 1791 771 eidem
1808 734 1879 780 fiant
1889 734 2035 778 concessa,

1154 782 1221 826 ipsa
1239 785 1357 823 lec‘Pione
1374 794 1516 828 poterunt
1539 786 1719 828 approbari.
1748 792 1837 820 Nam
1860 790 1899 820 de
1911 790 2032 819 Domina·

1155 838 1211 867 Det
1231 835 1319 875 nostri
1339 836 1536 880 misericordia
1560 835 1754 877 confidimus,
1780 838 1861 878 quod
1877 840 1909 881 J
1912 847 1967 870 ura
1985 836 2037 870 vel

1156 887 1321 930 Privilegia
1343 888 1435 922 Beati
1448 890 1532 923 Petri
1555 886 1725 922 curabimus
1751 894 1888 927 expetere
1909 911 1921 927 ,
1945 896 2037 928 atque

1154 937 1335 969 immutilata
1357 943 1522 975 intentione
1531 935 1652 981 quaefita
1669 945 1761 980 atque
1773 941 1925 981 impertita
1936 936 2039 977 defen-

1154 985 1224 1021 dere
1236 1009 1244 1016 .
1271 988 1334 1020 Tua
1344 991 1412 1029 ergo
1423 992 1624 1029 Experienna
1635 1012 1647 1032 ‚
1673 985 1805 1030 ejusdem
1816 989 1918 1020 Sacrae
1940 994 2040 1019 tenore

1155 1035 1302 1069 attentius
1315 1036 1470 1079 relegendo
1488 1036 1618 1079 sufflata
1630 1063 1641 1078 ,
1666 1044 1725 1072 non
1731 1035 1828 1080 selum
1840 1035 2042 1075 Eminentiffi-

1154 1094 1202 1118 mo
1213 1084 1359 1126 Praefec‘lo
1370 1108 1382 1126 ,
1397 1083 1455 1128 sed
1474 1091 1568 1120 etiam
1586 1087 1657 1120 ains
1679 1087 1743 1122 hae
1766 1089 1872 1125 eadem
1894 1085 2042 1128 infinuare

1131 1147 1133 1149 ’
1157 1145 1215 1171 non
1227 1133 1351 1175 differat
1363 1159 1371 1167 .
1401 1134 1515 1171 Palam
1537 1134 1770 1170 &constanter
1784 1135 1923 1172 affirmat
1933 1135 2044 1171 lauda-

1157 1194 1226 1221 tam
1251 1185 1358 1230 legem
1379 1184 1561 1228 pleniffime
1582 1184 1719 1229 viguisse
1740 1193 1797 1226 per
1818 1194 1920 1219 omne
1938 1185 2043 1228 Impe-

1156 1236 1243 1273 rium
1254 1258 1266 1275 ‚
1276 1246 1332 1282 per
1343 1244 1459 1271 omnes
1470 1234 1667 1273 Occidentis
1678 1232 1840 1268 Ecclesias
1852 1257 1863 1275 ‚
1876 1242 1930 1277 per
1942 1234 2043 1276 ipsam

1157 1286 1278 1322 firmari
1301 1285 1535 1330 Apostolicum
1562 1285 1738 1321 Canonem
1765 1308 1777 1324 ,
1803 1282 1980 1328 datamque
2005 1283 2047 1317 ab

1157 1337 1228 1380 ipso
1237 1336 1430 1379 potestatem
1440 1361 1450 1378 ,
1460 1347 1526 1383 qua
1538 1336 1771 1372 Romanorum
1785 1334 1965 1378 Episcopus
1978 1344 2046 1368 non

1157 1386 1245 1420 solos
1256 1386 1289 1419 in
1301 1387 1471 1433 appellatis
1486 1387 1586 1423 caufis
1597 1384 1822 1422 provinciales
1840 1385 2021 1429 episcopos
2034 1408 2045 1424 ‚

1157 1436 1212 1470 sed
1224 1437 1323 1471 etiarn
1343 1438 1379 1471 in
1406 1438 1509 1484 prima
1531 1436 1688 1472 instantia
1709 1435 1945 1471 Occidentales
1968 1434 2048 1468 Me-

1158 1486 1331 1531 tropolitas
1339 1510 1353 1527 ,
1379 1488 1412 1522 &
1424 1498 1540 1525 eorum
1551 1485 1749 1522 execeffibus
1760 1486 1926 1520 admixtos
1938 1484 2049 1518 Gleri-

1158 1545 1215 1568 cos
1226 1538 1322 1578 poffit
1333 1538 1375 1571 ad
1387 1539 1482 1573 suum
1497 1539 1531 1577 in
1545 1538 1634 1577 alma
1652 1536 1733 1573 urbe
1743 1535 1912 1572 Tribunal
1925 1546 2047 1573 evoca·-

1159 1594 1214 1628 τε,
1240 1585 1274 1618 &
1289 1587 1488 1629 compellere
1501 1611 1509 1623 .

1334 1757 1683 1811 CAPUT
1757 1763 1873 1810 XV.

1154 1879 1288 1929 SaitHi
1323 1884 1457 1928 Leonis
1505 1883 1605 1928 circa
1657 1876 1912 1926 Chelidonium
1944 1880 2048 1930 Αὲἶα

1257 1967 1472 2021 purgantur
1518 1949 1547 1998 ιὶ
1576 1954 1708 2020 prima
1744 1947 1944 2016 Pafihafii

1377 2020 1570 2098 Qofhelli
1604 2020 1796 2070 calumnia
1809 2057 1822 2072 ,

1230 2137 1403 2173 Aschafius
1413 2139 1615 2187 Qe‘sriellus
1626 2139 1780 2175 Sanctum
1792 2137 1961 2173 Hiiarium
1977 2139 2046 2174 Ro·

1253 2200 1355 2223 manae
1365 2188 1560 2223 Chelidonii
1583 2189 1979 2234 EpiscopiAppellationi
2003 2201 2051 2223 re·

1156 2237 1381 2287 calcitrand0‚
1408 2240 1443 2273 ὅ(
1462 2239 1700 2284 suiSynodalis
1723 2239 1846 2284 Iudicii
1866 2239 2046 2273 authorita-

1155 2299 1222 2323 tem
1236 2288 1498 2332 inappellabilem
1511 2288 1759 2324 contumaciter
1767 2289 1958 2325 sustinendo
1971 2315 1982 2330 ,
2003 2290 2047 2323 le-

1155 2337 1270 2384 gitime
1293 2337 1476 2375 secundum
1498 2339 1657 2374 Canones
1679 2339 1797 2384 egi'ffe3
1827 2340 1981 2375 sanctum
1994 2343 2049 2373 au-

1154 2399 1221 2423 tem
1243 2389 1393 2424 Leonem
1415 2389 1467 2425 isti
1478 2389 1693 2433 appellationi
1714 2388 1915 2430 deferendo,
1943 2389 2042 2423 istud-

1155 2451 1217 2483 que
1239 2439 1402 2482 jttdicium
1413 2440 1619 2475 exsufflando
1631 2464 1643 2482 ,
1670 2440 1809 2473 affirmat
1830 2439 1930 2484 egisse
1941 2450 2050 2483 perpe-

1155 2492 1222 2524 ram
1234 2489 1348 2523 contr&
1359 2489 1520 2523 continua
1532 2491 1611 2524 serie
1620 2489 1820 2536 custoditam
1832 2500 1895 2523 con
1901 2489 2047 2523 suetudi-

1155 2551 1231 2575 nem
1258 2549 1296 2573 ac
1306 2539 1515 2583 disciplinam
1526 2564 1537 2579 ,
1563 2539 1598 2574 &
1610 2537 1682 2582 plfis
1693 2537 1787 2580 aequd
1798 2538 1954 2573 studuisse
1978 2541 2044 2574 am-

1155 2589 1311 2635 plitudini
1336 2590 1399 2623 suae
1420 2588 1535 2628 Sedis,
1562 2597 1660 2631 atque
1680 2588 1905 2632 prosequitur:
1932 2591 2043 2623 Verum

1153 2652 1212 2675 non
1224 2646 1256 2672 in
1265 2638 1397 2683 eosolscm
1408 2640 1544 2673 Canones
1556 2638 1683 2671 sancius
1698 2640 1758 2686 Leo
1769 2636 1853 2680 visus
1875 2638 1913 2679 eff
1938 2641 2049 2674 minur-

1153 2691 1308 2735 attendisse
1328 2696 1361 2723 tn
1378 2687 1526 2734 praesenti
1549 2689 1700 2722 adversus
1725 2689 1876 2724 Hilarium
1896 2695 2040 2724 concerta-

1153 2746 1229 2776 tione
1247 2767 1253 2774 .
1279 2745 1316 2773 In
1326 2739 1376 2774 boc
1385 2746 1476 2775 etiam
1490 2741 1512 2772 ἃ
1523 2738 1742 2780 sardicensibus
1753 2765 1764 2781 ,
1792 2736 1917 2785 quorum
1942 2746 2040 2774 maxt-

1153 2794 1201 2826 me
1219 2790 1396 2825 authoritati
1417 2790 1603 2824 incumbebat
1618 2813 1629 2827 ,
1654 2790 1784 2830 r'ecefflt,
1809 2792 1893 2834 quod
1915 2789 2047 2833 causam⁴

1153 2841 1318 2875 Chelidonii
1348 2840 1438 2875 extri
1450 2841 1641 2875 Provinciam
1661 2841 1896 2882 examinandam
1904 2840 2039 2884 suscepe-

1151 2898 1193 2926 rtt
1206 2917 1216 2931 ,
1243 2894 1278 2926 (¹5
1301 2890 1408 2935 absque
1424 2897 1590 2935 primorum
1598 2893 1631 2937 J
1633 2891 1747 2924 udtcum
1758 2896 1953 2924 communione
1970 2899 2036 2924 eam

1150 2947 1182 2975 in
1188 2940 1239 2986 suo
1244 2945 1276 2987 J
1278 2943 1371 2976 udicio
1381 2943 1554 2977 retractam
1565 2955 1576 2976 :
1603 2941 1697 2984 ,Quod
1718 2948 1867 2974 tentatum
1879 2941 1965 2981 print
1976 2952 2036 2974 non

1143 2993 1252 3038 fuerat
1274 2993 1314 3024 ab
1337 2994 1404 3033 eJ'us
1428 2991 1710 3036 Praedecefforibus,
1736 2995 1789 3032 qui
1802 2988 1913 3033 saltem
1932 2992 2034 3024 Sardi-

1149 3041 1270 3084 cenfium
1283 3046 1439 3076 Canonum
1448 3043 1558 3076 limites
1572 3051 1628 3074 non
1642 3040 1818 3083 ext-efferant
1829 3066 1836 3075 ,
1863 3035 1915 3081 181
1936 3048 2036 3074 autem

1150 3098 1286 3130 Canoncs
1303 3098 1349 3125 ita
1367 3093 1593 3136 redintegrandi
1611 3091 1785 3130 synodorum
1799 3092 2033 3125 Provinctalt'um

1143 3142 1444 3191 Judt'citpotestatem
1458 3142 1582 3184 faciunt
1593 3142 1725 3174 Romam
1744 3139 1887 3184 Epist-opo
1899 3165 1909 3180 ,
1934 3151 1967 3174 ut
1986 3151 2034 3173 ta-

1151 3206 1218 3229 men
1229 3195 1326 3227 velint
1336 3204 1426 3227 novos
1441 3193 1478 3224 ab
1495 3202 1525 3225 eo
1528 3194 1561 3238 J
1563 3192 1662 3224 udices
1674 3192 1790 3225 decerni
1798 3202 1836 3225 ex
1848 3196 1949 3227 vicina
1962 3193 2032 3224 Pro-

1150 3250 1275 3284 vincia,
1302 3249 1354 3286 qut
1372 3252 1511 3276 unacum
1524 3242 1555 3286 J
1557 3241 1688 3277 aditibus
1702 3265 1712 3281 ,
1738 3242 1759 3275 ὰ
1779 3253 1903 3284 quorum
1912 3239 2032 3285 senten-

1149 3301 1193 3329 tia
1204 3295 1392 3337 appellatur,
1418 3297 1524 3327 iterato
1535 3296 1672 3326 examini
1682 3291 1815 3333 interfint
1828 3317 1835 3324 .
1864 3295 1923 3324 Hoc
1951 3298 2031 3325 enim

1149 3348 1332 3389 neceJJarium
1344 3351 1411 3376 erat
1420 3352 1459 3376 ex
1470 3345 1602 3376 Decretis
1613 3340 1828 3384 Sar-tittenfibus
1840 3366 1850 3381 ,
1875 3350 1908 3374 ut
1913 3347 2029 3384 prtores

1143 3399 1175 3441 J
1178 3398 1274 3430 udices
1282 3393 1445 3437 posterioris
1451 3399 1604 3429 ‘examinis
1613 3398 1781 3436 participer·
1798 3393 1884 3475 effa-:t
1894 3403 2031 3473 ῖκὸ’φωνη-

1823 3455 1843 3476 a
1866 3453 1895 3474 m
1932 3451 1979 3474 um
