2326 3718
628 130 1042 189 Tn-eononen,
1082 135 1375 181 CYRENsrs
1410 132 1716 184 Emcom.

239 218 426 254 2Tbeoa0reti
446 222 552 248 natam
575 220 693 261 ingenio
715 218 812 254 verba
833 217 987 261 sequentia
1010 226 1136 258 compro-

254 271 349 304 bant.
375 264 503 309 Nempe*
525 264 593 300 haec
615 267 733 302 verba:
761 272 838 300 Ante
858 275 955 300 omnia
980 275 1078 301 autem
1088 279 1137 300 ro·-

253 331 311 362 301,
337 314 466 358 uisi-iam
488 317 508 348 ἃ
520 316 626 359 vobis,
651 329 693 351 an
713 322 746 351 in
759 317 869 359 injusta
890 318 944 351 hac
970 315 1139 360 depofitione

241 377 302 400 -one
313 374 443 407 oporteat
464 365 662 410 acquiescere,
686 378 728 400 an
750 378 825 401 non.
853 368 983 407 Vestram
1001 373 1079 400 enim
1090 378 1139 400 ex-

252 414 351 461 spet‘lo
355 413 537 459 sementum
546 443 553 450 .
582 420 629 450 Et
633 417 666 459 fi
663 419 813 458 judicatis
824 429 870 451 me
893 418 1138 461 ffarejuffitritis,

250 465 354 508 stabo3
379 477 430 499 nec
439 466 492 499 ulli
502 467 639 509 deinceps
655 467 778 501 homini
796 466 952 505 molestiam
975 467 1141 507 exhibebo,

250 514 310 559 sed
328 517 407 558 quod
422 515 502 557 fledli
523 528 580 549 non
595 518 687 558 potest
701 542 711 557 ‚
739 522 796 552 Dei
820 518 1032 552 &Salvatoris
1055 516 1140 557 nostri

248 565 399 608 Judicium
408 564 599 608 exspec‘iabo.
629 567 828 611 Respondeo
841 566 909 601 haec
926 567 1019 602 verba
1032 591 1042 606 ,
1068 571 1141 609 Apo

247 615 357 657 stolicae
367 615 471 657 vestrae
482 616 568 648 sedis
595 614 730 659 exspec‘lo
741 616 916 661 sententiam
929 642 940 658 ,
966 616 1089 660 exponi
1101 616 1142 650 ab

254 664 442 701 immediate
467 666 677 708 sequentibus
701 682 712 701 .-
737 668 871 710 supplico
897 669 932 701 (ν
957 666 1070 711 obsecro
1091 678 1144 700 ve-

247 715 346 757 stram
356 713 552 749 Santinatem
562 740 572 756 ,
602 725 635 750 ut
648 717 722 750 mibi
731 717 886 752 invocanti
891 717 1001 759 justum
1012 716 1140 758 vestrum

254 764 408 802 &ret‘lum
410 768 441 810 J
445 766 575 799 udicium
595 775 677 808 opem
695 766 782 809 ferat
796 791 803 799 .
829 767 941 802 Palam
955 767 1142 811 expostulat

246 825 326 851 non
350 815 552 851 consiliarem
581 841 592 856 ,
617 817 669 851 sed
707 818 899 861 Judicialem
926 818 1120 852 sententiam
1136 842 1143 849 .

251 866 351 899 Hinc
372 864 538 910 adjungit:
568 870 613 898 Et
615 868 723 908 jubeat
735 869 778 901 ad
787 879 840 901 vos
852 874 955 902 venire
970 892 981 907 ‚
1007 869 1041 901 Θ·
1054 867 1142 908 osten-

190 962 193 963 7
251 916 321 950 dere
330 926 428 949 meam
449 916 616 949 doc‘lrinam
642 917 765 960 vestigia
778 917 936 959 apostolica
951 916 1140 959 sequentem.

253 965 437 1002 ostendere
471 965 507 998 in
544 964 762 1001 tetrastatorio
798 967 928 1011 Judicio
955 991 962 999 .
998 964 1142 1000 Proinde

254 1014 491 1050 Theodoretus
511 1024 586 1049 toto
611 1026 769 1051 contextu
795 1017 953 1061 supplicat
974 1015 993 1049 ὲ
1014 1014 1143 1050 duobus

254 1075 377 1099 unum:
406 1064 477 1098 Aut
498 1066 624 1098 causam
637 1066 726 1099 suam
748 1066 946 1108 judicialiter
957 1066 1118 1106 retraetari
1131 1090 1142 1106 ,

246 1124 311 1148 -aut
332 1112 418 1146 certe
430 1115 485 1153 se,
510 1113 634 1148 fialiud
659 1115 827 1156 videatur,
854 1115 987 1159 paterne
1008 1116 1118 1164 doceri
1131 1140 1142 1157 ,

251 1162 319 1207 quo
329 1162 423 1206 poffit
447 1163 479 1195 se
490 1163 632 1206 recipere
655 1163 695 1198 ad
719 1166 780 1198 suae
794 1165 1003 1200 Profesfionis
1023 1166 1143 1199 Mona-

251 1211 409 1251 sterium,
435 1212 533 1255 atque
560 1213 650 1247 illic'
642 1226 676 1247 in
690 1214 817 1249 silentio
827 1217 1008 1259 exspetstare
1019 1217 1142 1250 senten

252 1263 332 1301 tiam
344 1262 482 1305 supremi
505 1262 627 1305 Judicis
639 1289 647 1296 .
673 1263 776 1299 Hisce
790 1266 890 1299 etiam
909 1267 1049 1310 paternis
1066 1265 1142 1299 Mo·

253 1313 335 1346 nitis
347 1311 484 1356 spondet
504 1314 728 1356 acquiescere,
755 1315 954 1359 &deinceps
974 1327 1042 1349 non
1055 1317 1145 1361 cogi·

251 1373 320 1397 tare
330 1363 372 1396 de
383 1362 530 1396 humano
542 1364 669 1398 auxilio
679 1388 688 1396 .
717 1364 821 1411 Qod
841 1365 882 1400 ad
894 1366 956 1400 suae
975 1365 1146 1400 Profeffio-

249 1413 304 1446 nis
333 1411 538 1447 Coenobium
564 1413 667 1448 redire
693 1415 848 1460 cogitarit
873 1441 884 1457 ‚
919 1416 1145 1450 demonstrant

249 1462 318 1506 ejus
330 1462 443 1497 litterae
454 1462 494 1496 ad
508 1463 705 1499 Anatolium
720 1465 898 1500 patritium
909 1490 917 1497 .
944 1466 1014 1501 Hic
1037 1466 1083 1501 est
1095 1478 1144 1501 ve-

251 1524 307 1548 rus
318 1512 500 1547 litterarum
513 1515 620 1548 sensus
631 1540 639 1547 .

298 1561 485 1598 Paschasius
496 1563 694 1612 Qesnellus
714 1566 821 1611 pergit
846 1567 880 1601 in
895 1568 953 1602 suo
975 1567 1143 1611 istiusepi-

249 1612 340 1651 ssolae
350 1614 604 1649 Commentario
616 1629 627 1648 .·
656 1617 786 1649 Alterum
795 1619 874 1659 quod
878 1615 1041 1660 sciscitatur
1052 1617 1141 1651 Theo-

248 1664 370 1696 doretus
384 1687 396 1703 ,
421 1663 473 1697 boc
487 1663 525 1703 est
538 1689 548 1704 ‚
574 1674 607 1697 ut
622 1663 652 1705 fi
662 1667 815 1706 judicaret
837 1667 964 1701 Sanc‘lus
991 1671 1049 1701 Leo
1055 1667 1142 1707 stan·

247 1714 322 1747 dum
346 1724 404 1746 non
414 1715 466 1756 effe
481 1712 606 1757 Dioscori
626 1713 806 1757 sententiat,
834 1719 921 1751 aliud
929 1718 1092 1752 Concilium
1110 1724 1142 1750 in

246 1763 407 1796 occidente
422 1763 577 1805 apostolica
598 1765 783 1800 authoritate
803 1766 982 1808 haberetur,
1010 1768 1144 1810 adquod

247 1810 311 1855 ipse
321 1815 474 1846 convolare
492 1815 597 1858 posset,
631 1815 670 1848 ab
696 1817 805 1858 injusta
817 1816 1147 1861 sententiavabsolven·

247 1864 327 1896 dus.
354 1862 436 1903 110st
444 1861 579 1906 superius
600 1863 814 1909 deftriptmum
837 1868 992 1901 verborum
1013 1867 1140 1911 sensus.

247 1911 381 1956 Nempe
393 1913 513 1947 horum
525 1914 699 1948 verborum
714 1929 722 1946 :
751 1916 871 1957 obsecro
892 1918 1021 1955 vestram
1031 1917 1143 1949 Sandis-

246 1969 343 1995 tatem
355 1985 366 2001 ‚
391 1969 424 1994 ut
447 1960 524 1994 mibi
535 1963 693 1997 invocanti
703 1963 816 2005 Justum
841 1965 969 2006 vestrum
988 1965 1144 2001 &retium

241 2012 404 2055 Judicium
430 2019 512 2052 opem
526 2012 636 2052 ferat,
652 2015 810 2052 &Jubeat
834 2017 879 2047 ad
899 2026 1142 2047 vos-accurrere.

247 2062 354 2093 Hunc
366 2061 493 2093 sensum
504 2060 642 2093 affirmat
654 2060 817 2103 perspicue
827 2062 903 2095 elici
924 2072 963 2095 ex
975 2060 1090 2095 litteris
1103 2061 1143 2094 ad

249 2110 422 2144 Ren'aturn
437 2108 666 2153 Presbyterum
682 2111 841 2145 Romanae
853 2111 1021 2145 Ecclefiae:
1049 2114 1144 2142 Tuam

248 2160 507 2193 orosaneiitatem
523 2185 533 2201 ‚
560 2167 593 2192 ut
609 2158 793 2203 persuadeas
814 2162 852 2194 55
855 2183 862 2193 .
875 2159 1122 2203 Archi-Episcopo
1133 2184 1144 2200 ,

249 2219 284 2243 ut
298 2209 455 2250 apostolica
469 2219 571 2243 utatur
592 2211 792 2250 authoritate,
819 2213 1024 2253 &pra-cipiat
1043 2212 1088 2243 ad
1097 2222 1145 2244 ve-

242 2259 340 2301 strum
350 2261 504 2292 convolare
515 2261 680 2292 Concilium
699 2285 706 2292 .
736 2262 779 2294 Et
801 2273 841 2295 ex
854 2259 1042 2304 epistola-ad
1057 2261 1145 2294 Ana-

248 2310 373 2343 tolium
383 2308 578 2342 Patritium:
607 2313 693 2343 Hanc
712 2316 847 2354 gratiam
860 2309 898 2342 ab
909 2315 1086 2353 imperator-'e
1097 2310 1145 2347 ob-

248 2364 348 2392 tineas
362 2371 388 2397 ,x
399 2366 432 2390 ut
458 2359 502 2389 ad
522 2361 709 2393 Occidentem
728 2362 866 2394 accedam
878 2385 888 2400 ,
915 2360 1142 2394 &abillis-55.

249 2406 408 2450 Episcopis
427 2408 564 2448 judicer.
593 2408 796 2452 Respondeo
819 2410 852 2443 in
872 2409 958 2443 datis
978 2411 1017 2444 ad
1031 2410 1146 2445 Ponti·

250 2458 347 2492 ficem
360 2456 476 2492 litteris
493 2457 618 2492 nullam
642 2460 773 2502 penitus
793 2461 861 2493 fieri
877 2460 1070 2494 memoriam
1088 2460 1144 2503 Sy-

250 2506 332 2543 nodi
347 2532 354 2540 .
383 2506 619 2542 Theodoretus
631 2509 767 2543 invocat
784 2509 903 2552 justum
914 2509 947 2542 &
960 2512 1080 2544 testum
1093 2511 1144 2554 Ju-

249 2558 344 2593 diutn
366 2558 465 2592 solius
492 2559 636 2593 Leonis.
667 2559 801 2603 Utique
825 2561 888 2594 suae
913 2560 1143 2603 appellationis

250 2610 526 2644 retractatorium.
553 2610 598 2643 Et
609 2607 647 2644 ad
671 2611 778 2653 ipsum
802 2609 1006 2644 subeundum
1025 2611 1143 2655 suppli-

250 2669 303 2694 cat
322 2659 453 2693 evocari
475 2659 515 2694 ad
540 2660 674 2694 urbem..
704 2660 871 2704 Supplicat
896 2661 976 2695 solvi
997 2660 1017 2694 ὲ
1031 2661 1141 2705 Regio

250 2710 487 2753 circumscripti
500 2710 592 2743 exilii
607 2711 763 2744 vinculo.
792 2710 836 2743 Et
849 2721 886 2744 ut
897 2711 938 2744 ad
952 2711 1044 2744 istam
1057 2712 1140 2745 solu-

250 2760 380 2802 tionem
403 2759 560 2794 Pontifex
581 2769 689 2794 utatur
704 2759 898 2804 Apostolica
917 2759 1119 2795 authoritate
1132 2785 1140 2793 .

251 2810 306 2843 Ex
321 2814 398 2853 'quo
421 2811 528 2853 palam
555 2810 709 2844 discimus
729 2810 882 2854 Papalem
905 2810 1140 2846 authori-mem

251 2861 353 2894 etiam
374 2870 454 2893 tunc
466 2860 621 2894 omnibus
645 2860 826 2895 istiusmodi
841 2861 954 2907 Regiis
966 2863 998 2894 in
1009 2862 1140 2905 Epist-02

253 2919 373 2953 porum
393 2911 545 2952 personas
560 2912 713 2945 &causas
733 2912 898 2946 violentiis
919 2910 1137 2955 praevaluiffe.

254 2959 416 2992 Attamen
429 2959 532 2993 fateor
543 2960 599 2993 has
618 2959 826 2996 Theodoreti
839 2963 960 2997 litteras
972 2963 1055 2996 vcu'rn
1067 2962 1140 2998 aliis

253 3008 296 3042 ad
320 3009 488 3042 Renatum
515 3008 745 3053 Presbyterum
770 3013 805 3046 ὃς
821 3011 1026 3046 Anatolium.
1038 3012 1141 3047 Patri·

255 3058 340 3092 tium
352 3058 435 3092 datis
448 3059 632 3093 nullatenus
643 3072 788 3106 pugnare
799 3086 806 3093 .
833 3062 971 3097 Etenim
982 3066 1052 3097 non
1063 3074 1139 3107 qua·

255 3107 430 3152 tecumque
444 3133 454 3149 ‚
479 3108 531 3143 sed
546 3109 701 3144 Romano
712 3111 904 3155 Presbytero
919 3112 1061 3147 scribens
1072 3114 1140 3147 lau-

255 3158 312 3193 dat
335 3158 465 3198 Vestrum
489 3160 673 3192 Concilium.
701 3160 745 3194 Et
766 3162 801 3196 in
826 3163 940 3197 litteris
960 3163 1000 3197 ad
1011 3163 1140 3197 Anato-

255 3209 339 3243 lium
360 3219 454 3253 rogat
476 3209 517 3243 ab
542 3209 632 3242 illius
655 3208 825 3255 Episcopis
845 3213 997 3255 judicari
1024 3212 1140 3247 Palam

256 3258 370 3293 laudat
392 3258 585 3293 Concilium
609 3259 777 3294 Romanae.
790 3260 1002 3303 Provinciae,
1027 3263 1061 3297 in
1074 3273 1140 3307 quo

255 3308 414 3345 Pontifex
434 3309 602 3343 consuevit
622 3307 807 3353 istiusmodi
824 3314 934 3348 causas
956 3315 1138 3349 retractare.

307 3378 310 3382 ·
357 3359 469 3399 Christ.
482 3363 559 3402 Lupi
570 3362 714 3402 OperaT
728 3363 810 3394 VIII.

622 3542 654 3568 s
678 3545 684 3577 l

1197 214 1356 249 Pontifex
1378 213 1473 249 isthic
1493 217 1538 251 est
1557 220 1688 254 omnia.
1716 218 1810 254 Hinc
1829 219 1870 255 ad
1890 219 2074 256 Chalcedo-

1199 266 1329 299 nensem
1356 264 1527 308 Synodum
1554 268 1587 301 &
1608 269 1736 312 glorios
1741 271 1823 305 ffimi
1851 269 2011 313 Judices,
2039 273 2075 307 &

1199 315 1384 358 Apostoliei
1410 316 1527 361 Legati
1559 317 1710 353 dixerunt
1734 319 1950 356 Theodoreto
1977 324 2038 357 effe
2056 322 2076 356 ὲ

1199 365 1269 399 solo
1291 365 1405 399 Leone
1424 366 1588 400 redditum
1610 366 1860 412 Episcopatum,
1886 383 1922 405 ac
1944 373 2077 416 Episco-

1200 415 1306 458 palem
1325 417 1614 451 communionem.

1250 464 1435 500 Paschasius
1446 466 1645 515 Qesnellus
1655 465 1759 512 pergit
1772 467 1805 500 in
1819 470 1875 503 suo
1897 472 2078 508 Commen-

1202 513 1305 548 tario:
1330 518 1403 550 Sive
1415 526 1513 550 autem
1525 516 1794 562 conciliumistud,
1817 521 1894 559 quod
1903 523 1984 554 adire
1994 529 2077 563 optat

1205 564 1420 608 Theodorctus,
1447 579 1485 600 ex
1496 566 1567 610 solis
1581 555 1678 600 Italici
1699 566 1827 600 Trae‘lus
1837 566 1989 610 Episcopis
2007 583 2080 605 com·

1200 621 1272 656 pom·
1284 616 1382 658 velit,
1404 615 1470 658 five
1490 629 1527 651 ex
1540 617 1673 650 omnibus
1694 618 1926 650 occidentalium
1945 626 2078 659 partium

1203 664 1388 708 Praesulibus
1398 691 1409 707 ,
1429 669 1559 708 perinde
1575 666 1611 707 est
1625 666 1698 700 mihi
1710 691 1717 699 .
1736 670 1781 700 Et
1786 666 1814 709 fi
1821 675 1902 700 enim
1914 669 2029 702 illorum
2034 669 2080 712 so-

1202 716 1346 749 lummodo
1369 715 1580 759 Episcoporum
1593 717 1757 751 Concilium
1763 717 1940 759 postulatum
1959 718 2008 762 effe
2018 731 2081 752 con-

1203 765 1349 807 oefferim,
1377 767 1484 809 quibus
1504 778 1542 800 ex
1561 774 1710 810 proximis
1732 770 1900 801 Provinciis
1923 770 1967 801 ad
1976 772 2082 801 Roma·

1205 826 1275 848 num
1297 817 1466 859 Pontificem
1486 828 1650 851 concurrere
1668 817 1798 861 solemne
1819 828 1884 851 erat
1899 842 1911 858 ,
1937 829 1993 850 non
2014 819 2082 861 esset

1199 863 1360 906 sententiae
1382 867 1485 907 nostrae
1508 867 1669 911 adversum
1692 892 1699 899 .
1727 870 1879 910 ,Quoniam
1900 868 2083 910 manifestum

1203 914 1240 953 est
1251 917 1311 949 tale
1323 919 1484 950 Concilium
1504 918 1711 952 &Theodoreto
1731 929 1790 950 non
1800 928 1839 951 ex
1850 920 1934 958 juris
1946 920 2082 959 neceffita-

1202 972 1230 996 te
1253 966 1304 1008 esse
1323 966 1522 1008 postulatum,
1541 968 1598 1012 sed
1616 981 1655 1002 ex
1665 967 1753 1010 ipfius
1773 969 1921 1012 litigantis
1939 968 2085 1007 arbitrio,

1202 1019 1248 1046 cui
1257 1015 1381 1049 liberum
1396 1017 1463 1059 fuit
1477 1019 1571 1059 juxte?
1584 1017 1716 1059 Ecclefiae
1728 1016 1878 1059 Africanae
1895 1030 2024 1058 morem,
2050 1020 2085 1051 (9

1178 1082 1180 1085 .
1200 1064 1446 1111 Carthaginensi}
1460 1070 1584 1101 concilii
1607 1073 1763 1103 Decretum
1773 1082 1790 1107 ,·
1804 1069 1952 1110 judicium
1968 1067 2087 1110 fibide—

1203 1114 1293 1157 ligere
1314 1118 1399 1157 apud
1424 1120 1657 1152 occidentalium
1688 1117 1896 1161 Episcoporum
1919 1120 2084 1157 synodum,

1201 1174 1239 1196 ea
1250 1164 1314 1207 lege
1333 1172 1366 1196 ut
1385 1170 1576 1208 quacumque
1599 1171 1621 1200 ἂ
1635 1168 1755 1202 delean
1770 1167 1875 1210 sponte
1892 1172 2016 1210 propria
2020 1172 2051 1213 J
2054 1179 2087 1200 u-

1204 1213 1318 1245 ditibus
1329 1220 1514 1248 emitteretur
1519 1214 1676 1258 sententia
1685 1239 1696 1254 ,
1721 1223 1748 1248 ei
1754 1217 1815 1258 sesi:
1824 1217 2083 1251 inenarrabiliter

1201 1261 1384 1306 submitteret
1397 1288 1404 1294 .
1434 1267 1490 1296 Ex
1507 1263 1671 1306 spontaneo
1689 1269 1781 1307 igitur
1803 1267 1939 1304 deleth,
1965 1277 2021 1298 non
2046 1277 2083 1299 ex

1205 1314 1363 1353 neceffltate
1384 1316 1511 1346 Romani
1533 1314 1685 1356 Pontificis
1708 1315 1850 1350 synodum
1859 1316 2020 1359 convemffe
2042 1317 2089 1348 di-

1181 1359 1184 1389 ἶ
1205 1365 1314 1397 condus
1334 1368 1394 1397 erit
1414 1362 1632 1403 Theodoretus,
1650 1362 1682 1404 fi
1691 1364 1736 1396 ad
1753 1375 1818 1397 eam
1835 1362 1932 1406 solam
1946 1373 2091 1406 provoca·

1181 1438 1185 1454 :
1205 1418 1272 1447 vit.
1299 1415 1420 1447 sienim
1441 1414 1486 1447 ad
1504 1413 1561 1446 boc'
1563 1415 1592 1456 J
1595 1425 1645 1447 ure
1661 1420 1832 1453 teneretur,
1858 1423 1891 1446 ut
1913 1415 1993 1456 quid
2001 1425 2091 1448 vere-

1181 1463 1185 1467 *
1204 1463 1312 1504 batur,
1339 1471 1483 1506 uepreces
1497 1461 1561 1506 suae
1573 1465 1592 1496 ἃ
1607 1463 1749 1505 Pontifice
1772 1474 1831 1496 non
1839 1464 2093 1503 admitterentur,

1205 1524 1255 1547 nec
1269 1512 1359 1556 suum
1383 1512 1516 1554 efficium
1536 1512 1667 1556 recursus
1690 1512 1873 1556 sortiretur?
1898 1518 1960 1546 Cur
1980 1517 2092 1546 Renati

1205 1562 1373 1602 Presbyteri
1390 1570 1524 1607 gratiam
1541 1572 1664 1606 captat,
1691 1572 1724 1597 ut
1743 1562 1806 1606 ipfit
1830 1571 1933 1607 agente
1945 1588 1955 1604 ,
1983 1563 2094 1606 acsua-

1204 1615 1293 1649 dente
1314 1616 1359 1647 ad
1379 1615 1542 1647 Concilium
1554 1615 1722 1648 Occidentis
1744 1615 1898 1647 convolare
1908 1612 2092 1655 ipfipermitv

1205 1666 1344 1698 teretur?
1370 1668 1434 1697 Cur
1455 1663 1591 1697 hortatur
1610 1668 1754 1697 Romanae
1775 1663 1906 1705 Ecclest'ae
1920 1664 2094 1696 Archi-Dia-

1204 1725 1309 1747 conum
1334 1739 1345 1755 ,
1369 1724 1404 1748 ut
1428 1713 1526 1746 sancii
1548 1718 1656 1747 Leonis
1678 1715 1773 1747 zelum
1795 1715 1960 1747 accendat?
1987 1716 2095 1757 ,Quam

1205 1764 1333 1806 denique
1345 1764 1378 1797 ob
1388 1762 1509 1806 causam
1515 1762 1548 1807 se
1560 1762 1646 1806 ipsius
1647 1764 1761 1805 judicio
1774 1787 1784 1802 ‚
1796 1765 2000 1805 qualecumque
2011 1764 2095 1806 effet,

1206 1812 1381 1857 assensurum
1403 1816 1492 1857 atque
1512 1812 1703 1857 adhaesurum
1713 1812 1865 1857 spondet?
1891 1815 1993 1846 Talem
2013 1820 2093 1847 enim

1203 1862 1381 1906 sponsionem
1409 1876 1492 1898 nemo
1526 1864 1564 1904 est
1578 1889 1589 1904 ,
1616 1870 1665 1907 qui
1689 1875 1746 1897 non
1772 1865 1873 1897 rideat
1896 1889 1906 1904 ,
1926 1863 1957 1906 ſs
1978 1865 2015 1897 de
2034 1868 2100 1908 Ju-

1207 1916 1269 1945 dice
1280 1924 1412 1955 agatur,
1438 1925 1524 1954 quem
1535 1915 1619 1947 adire
1633 1938 1644 1954 ,
1671 1916 1705 1948 o·
1717 1919 1763 1948 cui
1780 1914 1979 1956 obtemperare
2002 1911 2100 1955 neces-

1202 1961 1276 2003 fitas
1283 1961 1397 2002 fuerit.
1423 1965 1504 1993 Tunc
1516 1967 1595 1994 enim
1608 1984 1618 2000 ,
1645 1963 1720 1994 velit
1735 1965 1807 1995 nolit
1833 1968 1859 1994 is
1872 1968 1922 2003 qui
1946 1964 2078 2004 appellat
2088 1984 2099 2001 ,

1209 2021 1260 2042 nec
1281 2011 1348 2041 licet
1376 2012 1406 2041 ei
1418 2012 1567 2049 judicium
1589 2012 1735 2045 declinare
1755 2036 1766 2052 ,
1795 2022 1844 2044 nec
1861 2010 2018 2054 finientiae
2040 2012 2101 2044 obe-

1208 2059 1356 2090 dientiam
1380 2058 1544 2091 detrec‘lare
1565 2083 1572 2090 .
1611 2063 1685 2091 Non
1708 2063 1867 2102 incongrue
1903 2070 2003 2093 autem
2026 2063 2099 2094 talis·

1204 2106 1314 2150 sponsio
1330 2113 1518 2149 permittitur
1534 2132 1544 2147 ‚
1570 2118 1635 2140 cum
1650 2110 1802 2149 judicium
1822 2111 1843 2140 a
1865 2110 1984 2142 delec‘lis
2009 2110 2099 2152 ipfius

1207 2160 1361 2201 litigantis
1380 2158 1503 2191 arbitrio
1518 2158 1681 2200 Judtcibus
1710 2158 1890 2200 postulatur,
1918 2171 1953 2192 ne
1963 2159 2100 2201 istijudi-

1207 2209 1296 2241 candi
1308 2219 1378 2241 onus
1392 2209 1412 2240 ἂ
1419 2208 1452 2251 se
1462 2216 1644 2241 removerent
1656 2234 1662 2241 .
1692 2211 1886 2252 ,Quamquam
1895 2209 1957 2243 haec
1969 2211 2096 2243 dicimus·

1207 2259 1244 2291 de
1255 2261 1392 2291 Romana
1403 2259 1511 2297 synodo
1526 2282 1536 2298 ,
1559 2258 1745 2300 probabilius
1767 2269 1869 2292 tamen
1893 2260 2094 2296 existimamus·

1207 2310 1245 2341 de
1263 2307 1467 2350 universaliort
1479 2311 1648 2341 Occidentis
1669 2311 1799 2342 Concilio
1823 2310 1952 2353 cogitasse
1969 2311 2097 2344 Theodo-

1206 2367 1322 2399 retum,
1350 2369 1415 2392 cum
1425 2356 1554 2398 absolute
1566 2360 1609 2391 ad
1620 2360 1806 2393 Occidentem
1827 2362 1985 2400 accedere,
2011 2362 2045 2394 (τ
2057 2359 2096 2393 ab

1208 2410 1372 2442 Occidentis
1395 2407 1551 2450 Episi‘opis
1557 2410 1694 2449 judicari
1705 2418 1846 2450 exoptet.

1258 2459 1469 2493 Reverendus
1492 2458 1548 2491 ille
1581 2458 1679 2492 Pater
1700 2469 1837 2492 renovat
1867 2460 1901 2493 &
1921 2460 2099 2495 confirmat

1207 2508 1295 2542 suam
1327 2507 1509 2542 doctrinam
1532 2531 1542 2548 ‚
1569 2518 1632 2551 qua
1664 2507 1757 2551 supra
1782 2508 1868 2542 dixit
1892 2509 2097 2545 orientalem

1207 2558 1382 2593 Ecclesiam
1395 2558 1456 2592 isto
1468 2568 1612 2601 tempore
1625 2570 1691 2592 non
1708 2558 1891 2602 pependisse
1902 2559 1943 2593 ab
1954 2570 2011 2594 ore
2030 2562 2100 2595 Oc·

1205 2607 1376 2643 cidentalis
1390 2634 1400 2651 ,
1428 2607 1570 2652 ideoque
1592 2609 1680 2642 illius
1706 2609 1827 2651 judicia
1839 2609 1879 2642 ad
1893 2608 1986 2652 hujus
1997 2620 2095 2644 retra-

1205 2660 1378 2693 statorium
1391 2659 1570 2692 ,Tribunal
1593 2669 1659 2692 non
1674 2660 1812 2702 potuisse
1829 2659 2006 2700 devocari,
2034 2660 2095 2695 nisi

1206 2710 1286 2744 dum
1308 2711 1387 2751 ultro
1401 2709 1606 2751 deferrentur.
1636 2709 1724 2743 Cum
1748 2709 1928 2745 Eusebiana
1941 2710 2097 2745 Fastione

1204 2761 1237 2794 δι
1259 2759 1325 2803 ejus
1359 2757 1683 2803 Philippo-politam
1715 2759 1963 2795 Conventiculo
1987 2761 2098 2803 palam

1205 2811 1322 2845 lacerat
1346 2811 1507 2844 unitatem
1540 2808 1721 2844 Catholicae
1751 2809 1900 2844 Ecclefiae
1925 2835 1932 2843 .
1960 2810 2095 2844 Etenim

1205 2859 1348 2894 membra
1370 2860 1412 2894 ab
1434 2860 1578 2894 invicem
1607 2858 1859 2903 independentia
1883 2872 1950 2895 non
1974 2859 2096 2903 poffint

1205 2922 1307 2945 unum
1325 2922 1440 2954 corpus
1463 2921 1681 2954 componere.
1711 2910 1903 2954 Requiritur
1928 2920 2033 2944 unum
2047 2921 2098 2944 ca-

1204 2970 1262 3006 put
1281 2984 1293 3001 ,
1319 2961 1410 3004 quod
1442 2961 1616 2995 communi
1653 2959 1781 2994 influxu
1805 2961 1918 2995 omnia
1951 2959 2095 2994 membra

1204 3010 1296 3045 uniat
1307 3034 1315 3043 .
1333 3011 1389 3044 'Et
1403 3019 1440 3044 ut
1450 3010 1549 3045 errori
1564 3012 1675 3044 fucum
1690 3011 1809 3050 addat,
1836 3010 1933 3055 fingit
1946 3011 2097 3044 Orienta-

1206 3063 1270 3096 lem
1297 3061 1473 3095 Ecclesiam
1495 3060 1709 3103 vixiffeJuxta
1722 3061 1877 3095 Canones
1898 3060 2092 3096 Africanos.

1203 3112 1297 3157 Quin
1318 3112 1351 3145 &
1374 3111 1446 3155 ipsis
1455 3110 1570 3146 abusus
1583 3113 1698 3145 evertit
1719 3112 1774 3145 sua
1792 3119 1990 3156 nugamenta
2003 3135 2010 3143 .
2038 3111 2095 3143 Et-

1203 3164 1292 3197 enim
1307 3161 1455 3196 Africani
1480 3161 1635 3205 Episcopi
1648 3160 1827 3204 nequibant
1849 3162 1975 3195 suarum
1987 3159 2095 3194 causae

1205 3224 1273 3247 rum
1286 3211 1414 3258 Iudices
1424 3211 1566 3256 deligere
1576 3222 1665 3245 extra
1678 3210 1855 3246 Dioecefim
1867 3235 1878 3251 ‚
1907 3211 1940 3245 &
1959 3209 2092 3243 forsitan

1206 3274 1263 3298 nec
1284 3272 1375 3296 extra
1396 3261 1626 3296 Provinciam.
1655 3261 1810 3297 Praeterea
1830 3261 1943 3295 electio
1955 3258 2093 3298 debebat

1203 3324 1243 3349 ex
1265 3322 1381 3348 mutuo
1397 3312 1563 3348 consensu
1588 3311 1682 3346 fieri.
1708 3310 1756 3347 At
1770 3311 1845 3347 vero
1856 3308 2091 3344 Theodoretus

1627 3362 1660 3395 G
1685 3373 1707 3407 g
1762 3373 1777 3408 3
1981 3368 2041 3392 nec
