2326 3718
375 160 439 216 88

299 249 400 292 faciat
411 274 421 289 ,
446 255 478 280 ut
488 241 714 279 Ordinationem
727 243 937 278 celebrandam
956 250 1009 277 tua
1022 254 1134 286 quoque
1140 243 1192 285 fir-

806 162 893 209 De
929 160 1298 209 GALL1'CANAE
1332 159 1638 211 EceLEsrAE

1253 253 1312 275 non
1320 246 1485 278 immineret
1494 270 1505 288 ,
1520 257 1552 281 ut
1558 246 1667 291 saltem
1678 249 1716 281 dc
1728 245 1875 292 vobiscum
1887 249 2128 294 conversantibus

310 309 372 334 met
391 296 578 330 Autboritas.
606 292 651 328 Εἴ
660 295 791 339 delegat
812 294 1046 329 authoritatem
1064 295 1191 328 exami-
1252 294 1334 325 binos
1355 300 1473 327 mittere
1495 299 1691 342 nequiviffetis
1712 322 1720 329 .
1745 299 1978 342 Reprehensibile
2002 303 2129 345 denique

305 345 407 383 nandi
421 346 454 379 &
464 345 684 380 confirmandi
700 346 873 379 electiones
891 344 1043 379 omnium
1057 344 1188 388 Episco-

302 407 437 442 porum.
467 395 577 430 Etiam
600 396 910 439 Metropolitarurn.
939 395 982 429 Et
1001 398 1130 440 pergit.-
1155 398 1188 428 51

299 445 388 489 causa
399 447 504 489 aliqua
511 448 610 487 major
620 446 765 487 exstiterit
774 469 786 485 ‚
815 445 849 477 ob
861 456 953 487 quam
964 445 1141 478 rationabile
1151 455 1186 478 ac

296 497 484 540 necessarium
494 495 533 538 fit
542 500 687 530 Fratrum
700 497 846 529 advocare
862 499 1052 529 conventum
1061 521 1071 537 ‚
1084 494 1184 538 ..kinos-

293 549 333 581 de
339 547 460 591 lingulis
473 550 641 581 Provinciis
659 543 841 588 Episcopus,
871 557 944 589 quos
962 539 1183 587 Metropolitani

293 599 475 631 crediderint
495 599 548 641 effe
567 598 730 631 mittendos
742 620 752 636 ‚
779 597 825 628 ad
834 599 1078 630 Fraternitatem
1098 599 1183 629 tuam

292 655 395 682 venire
400 647 528 690 sufficiat
537 673 545 682 .
575 647 719 691 Delegat
731 647 761 679 ei
774 646 969 689 potestatem
982 646 1182 680 Dioecesanae

292 699 421 742 Synodi
436 724 443 730 .
470 699 574 742 Ipsam
597 696 690 732 vero‘
705 697 826 731 limitat
849 696 894 731 ob
905 695 1064 730 Anastafii
1078 696 1181 730 exces-

289 748 363 783 sum
375 773 386 788 ‚
400 759 501 791 nuper
513 757 673 792 patratum
685 747 719 782 in
737 747 891 781 Atticum
906 747 1107 791 Episcopum
1119 746 1179 780 Ni·

290 798 538 842 copolitanum‚
566 796 817 841 Metropolitam
838 798 952 832 veteris
965 797 1055 841 Epiri
1070 820 1078 829 .
1105 796 1179 833 Eas-

288 849 364 882 dem
385 848 555 882 facultates
578 845 763 883 habuerunt
774 846 943 883 Gallicani
956 846 1080 884 vicarii
1095 871 1102 879 .
1129 846 1178 881 At

286 896 365 932 vero
377 897 535 934 Pontifex
551 909 619 932 non
630 898 762 944 delegat
778 922 790 939 ,
815 898 875 931 nifi
889 899 979 932 suam
999 897 1176 932 authorita-

284 957 355 983 tem
367 972 379 989 ‚
406 958 505 992 atque
514 949 559 983 ita
570 949 736 984 Gallicani
750 948 903 992 Episcopi
929 948 1174 982 convincuntur

285 999 411 1042 semper
422 999 570 1043 spectasse
579 999 621 1036 ad
636 999 705 1042 ejus
716 997 968 1033 Patriarchalem
980 997 1151 1040 Synodum
1163 1021 1174 1038 ,

284 1048 320 1083 ὃ(
331 1048 369 1083 ad
382 1048 450 1092 ejus
462 1048 742 1085 consecrationem
753 1074 761 1081 .
788 1048 913 1082 Nullus
940 1056 1086 1092 unquam
1098 1048 1174 1082 Gal-

282 1098 334 1134 lias
357 1099 577 1143 Metropolita
601 1096 769 1143 praetendit
790 1094 1092 1142 Autocephaliam,
1118 1099 1172 1132 seu

281 1149 531 1192 exemptionem
541 1149 559 1182 a
571 1144 797 1182 Patriarchieo
815 1147 898 1193 J'ugo
910 1147 1058 1188 Romani
1074 1147 1172 1182 Anti-

279 1198 365 1233 ssitis
376 1223 388 1239 ,
414 1199 474 1232 nifi
497 1207 582 1231 unus
594 1197 730 1232 Sanctus
742 1197 895 1232 Hilarius
905 1223 913 1230 .
942 1198 1011 1237 Hic
1022 1198 1170 1234 ambitus·

278 1249 410 1283 videtur
418 1247 512 1285 fuisse
521 1245 591 1293 ejus
606 1247 779 1287 delictum,
808 1247 853 1283 Et
865 1247 940 1282 sane
953 1248 1065 1286 mitius
1076 1248 1120 1282 est
1133 1247 1168 1282 in

276 1295 365 1332 hane
379 1296 573 1342 potestatem
595 1298 798 1343 impingere,
824 1297 922 1341 quam
942 1297 977 1330 in
990 1297 1166 1341 Papalem.

275 1346 436 1382 Atistum
458 1346 607 1391 spiritum
627 1347 792 1391 suppreffit
803 1345 1035 1382 Valentiniani
1051 1347 1169 1393 Augu·

274 1397 317 1441 sii
328 1398 400 1432 Lex
412 1421 423 1438 ,
449 1397 557 1442 palam
568 1396 733 1435 stabiliens
743 1397 843 1433 etiam
854 1395 1087 1434 Patriarchalia
1096 1397 1165 1442 jura

273 1446 468 1484 Pontificis.

328 1497 373 1536 Et
398 1496 479 1532 hinc
503 1506 591 1543 patet
602 1498 738 1533 Nicolai
760 1497 857 1542 primi
877 1497 913 1533 in
933 1497 1111 1534 evocandis
1123 1497 1164 1533 ad

231 1545 232 1548 ’
272 1546 369 1583 istam
392 1549 487 1583 suam
502 1548 676 1592 synodum
691 1549 874 1583 Gallicanis
885 1548 1055 1591 Episcopis
1065 1548 1166 1581 confi-

271 1597 357 1632 lium
367 1597 462 1632 fuiffe
473 1598 685 1633 Canonicum
707 1607 805 1640 atque
814 1596 1046 1631 authenticum
1057 1618 1066 1628 .
1095 1596 1165 1629 Au-

270 1647 401 1681 diamus
422 1645 624 1681 Pontificem
636 1658 653 1686 εχ
670 1647 804 1690 Intelligt
829 1647 922 1685 datur
932 1645 1095 1689 Episcopos
1104 1649 1167 1678 Μο-

268 1701 348 1731 nnis
361 1694 465 1736 nostris
485 1706 546 1730 non
557 1697 635 1729 velle
651 1704 779 1737 parere,
805 1703 930 1737 propter
950 1697 1030 1727 illud
1047 1696 1165 1736 quodin

271 1747 382 1781 litterIs
395 1744 502 1787 vestris
508 1743 645 1788 subdunt
659 1768 667 1776 .
694 1748 810 1778 Dicunt
821 1750 900 1776 enim
905 1743 969 1785 post
980 1743 1140 1786 aliquanta
1154 1757 1166 1777 .·

270 1800 313 1831 Ut
323 1794 481 1838 Episcopo:
503 1795 541 1828 de
554 1798 666 1838 Regnis
687 1794 795 1834 vestris
814 1794 861 1826 ad
878 1795 1022 1832 synodum
1040 1795 1166 1826 Romam

267 1847 414 1880 mittendi
435 1845 580 1885 neceffltas
595 1839 660 1877 'non
674 1844 799 1887 postulet
810 1867 817 1876 .
845 1845 929 1878 Unde
946 1842 976 1884 fi
984 1843 1167 1886 vosfhrtasse

271 1898 361 1930 aliter
373 1897 474 1930 dicitis
485 1919 496 1935 ‚
523 1906 574 1928 nos
595 1895 672 1928 illud
678 1896 803 1928 dicimus
817 1917 828 1933 ,
854 1895 936 1937 quod
945 1895 1108 1927 Divinitas
1120 1905 1169 1927 re·

271 1949 392 1981 velatur
402 1969 412 1984 ‚
425 1951 495 1988 quia
505 1955 570 1977 cum
581 1949 749 1978 novitatum
759 1946 842 1978 mala
853 1945 1047 1986 multiplicari
1059 1944 1166 1977 videa·

272 2009 361 2036 mus,
382 1994 412 2037 fi
428 2007 467 2029 ex
488 1993 614 2036 diverfis
635 1998 805 2029 Provinciis
830 1999 960 2028 Fratres
979 1995 1025 2027 ad
1034 1999 1164 2027 invicem

274 2046 472 2090 conveniffl‘nt
489 2047 587 2087 juxta
604 2043 736 2088 priscum
760 2055 891 2084 morem,
919 2046 1018 2078 &nos
1030 2042 1166 2087 consensu

273 2098 392 2131 illorum
412 2090 568 2130 revelante
588 2098 714 2128 Domino
734 2119 745 2135 ,
774 2107 843 2139 quae
864 2095 1065 2128 dercernenda
1094 2093 1166 2136 sunt

274 2149 496 2182 decerneremus
508 2171 519 2187 ,
543 2147 578 2183 <9⁴
589 2144 644 2187 ipfi
650 2142 900 2187 neceffitatessuas
915 2144 1079 2185 referentes
1092 2167 1104 2183 ,
1129 2145 1165 2177 <ot

274 2209 326 2231 nos
339 2197 451 2238 nostras
466 2204 647 2239 exponente!
656 2220 668 2236 ‚
694 2207 760 2238 quae
771 2194 1024 2238 decretafutffent
1035 2218 1046 2234 ,
1058 2193 1164 2226 melius

271 2253 308 2281 in
329 2251 426 2282 eoffum
443 2252 580 2280 notitiam
597 2245 739 2288 facerent
760 2250 920 2288 pervenire
945 2269 956 2285 ‚
983 2250 1035 2286 qui
1052 2242 1167 2286 ftmper

275 2298 443 2337 synodalem
454 2301 644 2331 conventum
668 2298 689 2327 ὰ
711 2296 796 2329 nobis
818 2300 975 2339 aggregari
991 2298 1144 2335 petierant
1155 2315 1167 2330 ‚

271 2346 369 2390 ficque
375 2347 460 2388 ficret
472 2371 483 2387 ,
511 2355 545 2379 ut
550 2345 712 2388 secundum
722 2347 900 2388 qualitatem
912 2343 1007 2376 morbi
1018 2344 1168 2376 medicina

275 2395 488 2439 conficeretur,
513 2397 549 2430 (ν
569 2396 614 2428 ad
628 2393 772 2438 sananda
796 2396 923 2428 vulnera
945 2394 1028 2436 longe
1048 2394 1166 2435 lateque

277 2446 476 2489 effundentur
494 2470 501 2478 .
532 2445 692 2480 Pontifex
719 2446 860 2479 affirmat
885 2444 974 2478 varia
997 2468 1005 2476 .
1033 2442 1147 2477 Primo
1158 2464 1169 2481 ,

278 2496 633 2544 quod-Gallicanorum
646 2495 843 2528 Antistitum
865 2494 909 2527 ad
925 2490 1166 2527 Patriarchales

279 2546 427 2581 Romani
439 2544 614 2579 pontificis
626 2543 780 2588 Synodos
800 2543 952 2578 evocatio
976 2553 1045 2576 non
1057 2543 1094 2576 lit
1116 2553 1166 2576 res

279 2608 365 2645 noga
378 2621 390 2636 ‚
415 2595 469 2630 sed
482 2595 607 2631 vetusta
621 2593 825 2628 consuetudo
837 2615 847 2627 .
873 2593 1025 2628 Secundo
1037 2616 1049 2634 ,
1075 2591 1165 2636 quod

279 2648 416 2691 praesens
426 2645 578 2692 e'vocatio
595 2644 690 2678 fuerit
707 2644 788 2677 faeta
800 2654 839 2677 ex
851 2643 1034 2677 necessariis
1045 2643 1145 2677 causis
1157 2655 1164 2674 :

281 2697 412 2739 Nempe
433 2696 475 2729 ad
497 2694 697 2729 medendum
711 2694 860 2728 Ecclefiae
873 2716 885 2733 ,
911 2693 1010 2727 etiarn
1025 2693 1167 2726 Gallica-

281 2758 352 2786 ηπ,
379 2745 473 2779 variis
493 2744 700 2779 vulneribus.
727 2743 872 2784 Tertio,
898 2743 989 2787 quod
1014 2743 1168 2786 Episcopi

282 2796 358 2830 talis
370 2796 574 2830 evocationis
586 2795 780 2838 potestatem
793 2806 859 2827 non
873 2793 1072 2838 abnegarent
1083 2792 1170 2826 Pon-

285 2847 366 2881 tifici
386 2871 396 2886 ‚
422 2846 476 2880 sed
487 2845 709 2880 existimarent
731 2844 854 2878 nullam
864 2853 944 2879 tunc
968 2844 1062 2877 fuiffe
1080 2843 1169 2876 illius

285 2897 506 2931 necessitatem
529 2921 535 2929 .
563 2896 674 2942 Qare
699 2895 824 2929 nullam
848 2894 902 2928 hic
923 2893 1169 2936 exemptionem

285 2947 534 2981 autlibertatem
556 2946 721 2990 allegant,
747 2944 955 2989 necRegiam
975 2943 1170 2978 istiusliber·

286 2998 363 3030 tatis
377 2996 610 3038 protestionem
627 2997 798 3031 invocant.
826 2995 909 3029 Sunt
919 2993 1060 3028 Domini
1081 2993 1169 3028 Petri

287 3046 329 3079 de
350 3044 464 3078 Marca
486 3047 521 3079 in
557 3046 635 3080 istos
657 3045 838 3090 Episcopos
858 3045 1011 3088 injuriosa
1036 3044 1170 3089 figmen-

287 3106 321 3129 ta
335 3120 342 3126 .
370 3094 571 3128 Hincmarus
593 3096 807 3137 Rhemensis‚
833 3107 875 3129 ex
897 3094 988 3137 cujus
1002 3105 1083 3128 nutu
1095 3093 1168 3127 Rex

289 3145 430 3178 Carolus
440 3144 507 3188 egit
520 3143 586 3177 haec
596 3147 792 3187 omnia‚non
804 3145 886 3180 adeo
901 3145 1037 3188 desipuit
1048 3168 1054 3175 .
1065 3142 1169 3193 Qod

289 3195 393 3238 ipsum
417 3193 610 3227 lucidiffime
637 3206 724 3237 paret
743 3208 785 3229 ex
806 3195 1008 3232 rationibus,
1033 3193 1078 3228 ob
1091 3203 1170 3236 quas

290 3244 443 3288 Episcopi
458 3244 487 3276 se
499 3245 709 3277 excusarunt.
739 3245 923 3279 Audiamus
938 3245 1016 3288 ipsas
1034 3244 1052 3276 a
1066 3242 1168 3277 Nico-

290 3295 344 3329 lao
365 3293 529 3328 pontifice
549 3293 741 3327 rescribente
765 3294 932 3339 Regibus:
955 3297 1038 3339 ‚Quia
1051 3291 1169 3336 Episco·

284 3352 341 3388 pos
364 3345 408 3377 ad
418 3344 561 3382 synodum
573 3342 698 3380 nostram
711 3367 721 3383 ,
749 3346 783 3376 &⁸
790 3352 846 3385 pro
855 3345 986 3388 angustia
1006 3349 1145 3388 temporis
1158 3367 1169 3383 ,

291 3397 326 3429 Θ
332 3404 389 3437 pro
400 3396 516 3435 injuria
529 3391 667 3434 transitus
677 3402 819 3425 occurrere
839 3405 896 3426 non
906 3396 1008 3428 valere
1028 3390 1145 3431 dixistis
1158 3417 1169 3432 ,

291 3447 395 3479 merito
405 3445 478 3478 dure*
488 3442 646 3477 habuimus
657 3465 668 3484 ‚
693 3451 759 3476 cum
771 3452 858 3476 tanta
878 3451 1016 3486 temporis
1036 3442 1170 3487 angustia

1252 344 1343 377 valde
1362 346 1414 387 effi·
1433 345 1562 388 constat,
1586 350 1666 392 quod
1684 357 1715 381 tu
1738 372 1749 388 ,
1774 348 1821 391 fili
1838 356 1880 382 mi
1905 353 2010 385 Carole
2039 355 2130 395 Rex,

1247 392 1448 436 subintulisti,
1474 397 1594 433 dicendo
1616 401 1756 439 majorem
1774 407 1896 443 partem
1918 401 2128 445 Episcoporum

1249 450 1378 478 omnium
1401 446 1453 479 diu
1463 445 1602 492 nonaque
1620 461 1685 484 cum
1708 450 1776 483 aliis
1793 449 1935 492 fidelibus
1950 458 2011 485 tuis
2024 462 2128 486 contra

1250 497 1375 533 Pyratas
1386 494 1547 531 maritimos
1557 502 1717 544 invigilare
1729 524 1739 540 ‚
1764 499 1798 532 ob
1819 501 1907 542 idque
1920 500 2060 543 Episcopi
2072 509 2128 536 im-

1243 546 1408 586 pediantur
1433 552 1534 580 venire
1551 572 1563 588 ‚
1588 561 1655 582 cum
1674 552 1800 584 militum
1823 549 1933 589 Christi
1951 549 1991 590 fit
2008 549 2127 594 servire

1246 594 1381 638 christo,
1408 598 1536 630 militum
1545 602 1616 633 vero
1629 599 1753 642 saeculi,
1775 600 1899 644 saeculo.
1927 602 2059 635 Harum
2073 604 2128 636 rw*

1246 645 1375 680 tionum
1388 648 1478 681 nulla
1490 649 1599 681 innuit
1610 671 1620 686 ‚
1646 650 1744 695 longe
1756 650 1864 685 minus
1874 652 1978 686 asserit
1989 650 2127 697 dogma·

1245 696 1375 731 tizatam
1389 698 1407 731 ὲ
1419 697 1516 732 Petro
1528 697 1567 731 de
1580 698 1691 732 Marca
1712 701 1956 745 exemptionem
1966 726 1973 735 .

1283 746 1418 783 -Verum
1440 759 1497 782 cur
1509 749 1663 792 Episcopi
1687 746 1744 782 has
1753 752 1978 786 excusationes
1991 763 2057 787 non
2068 763 2129 796 per

1242 796 1274 830 se
1289 797 1470 842 allegarunt
1490 800 1576 841 apud
1599 798 1817 841 Pontificem,
1842 803 1897 835 sed
1919 813 1975 846 per
1994 803 2126 848 Reges,

1242 848 1413 890 praesertim
1435 859 1489 891 per
1501 849 1628 893 Regem
1652 848 1831 883 Carolum?
1858 850 2056 896 Respondeo
2068 853 2127 887 has

1241 899 1303 931 effe
1317 899 1489 933 consuetas
1501 899 1617 933 sutelas
1640 898 2042 942 HincmariRhemenlis,
2067 904 2128 945 qui

1240 946 1302 981 isto
1315 957 1464 992 tempore
1483 958 1553 983 erat
1564 960 1601 983 os
1622 949 1782 994 &lingua
1806 950 2007 984 Francorum
2029 950 2128 985 Anti-

1242 997 1354 1032 stiturn
1370 1023 1378 1030 .
1404 998 1553 1033 Noverat
1567 998 1696 1033 tertiam
1715 1000 1963 1034 excusationem
1984 1011 2052 1035 non
2063 1001 2128 1036 effe

1242 1046 1467 1092 Episcopalem
1482 1070 1493 1088 ,
1517 1049 1638 1084 &duas
1657 1048 1778 1093 priores
1791 1048 1884 1083 fuiffe
1906 1050 2063 1090 frivolas,
2089 1051 2128 1086 in

1238 1097 1333 1134 fimili
1344 1100 1440 1133 causa
1451 1099 1538 1143 apud
1550 1099 1673 1142 Iulium
1694 1099 1735 1133 ab
1748 1098 1930 1134 Eusebiana
1946 1100 2103 1134 Factione
2113 1124 2126 1142 ,

1237 1147 1366 1192 &apud
1381 1150 1561 1183 Damasum
1581 1149 1955 1184 Pontificemadduecas
1975 1150 2018 1185 ab
2032 1150 2127 1185 istius

1238 1197 1403 1231 Faeiionis
1416 1199 1565 1242 reliquiis
1574 1223 1586 1240 ,
1612 1209 1650 1232 ac
1660 1198 1703 1233 ab
1714 1207 1853 1243 utroque
1864 1199 2027 1234 Pontifice
2038 1202 2128 1245 spre-

1236 1256 1284 1280 tas
1305 1256 1403 1289 atque
1421 1249 1588 1290 explosas.
1616 1248 1749 1291 Insuper
1768 1258 1902 1283 noverat
1927 1249 1964 1282 in
1987 1250 2045 1284 ista
2059 1250 2128 1285 Ro-

1236 1307 1332 1330 mana
1358 1296 1497 1340 Synodo
1533 1298 1766 1332 retrastandam
1803 1299 1933 1333 causam
1960 1297 2127 1333 Rothaldi

1235 1346 1466 1381 Sueffionenfis
1482 1347 1654 1391 Episcopi,
1685 1348 1743 1391 qui
1756 1347 1798 1383 ab
1809 1345 1878 1392 ejus
1887 1348 2025 1391 Synodo
2035 1348 2128 1383 ἀπιπ-

1235 1407 1330 1432 natus
1353 1397 1500 1432 Romam
1520 1397 1760 1442 appellaverat,
1785 1395 1818 1432 &
1834 1406 1936 1441 quern
1959 1398 2130 1433 Nicolaus

1234 1447 1391 1482 Pontifex
1406 1446 1464 1481 ob.
1473 1447 1541 1492 ejus
1562 1449 1599 1482 in
1620 1458 1690 1482 non
1710 1447 1935 1492 comparendo
1952 1458 2124 1483 contuma-

1233 1497 1318 1531 ciam
1328 1497 1533 1531 revestiv'erat
1544 1521 1555 1537 ,
1568 1509 1606 1532 ac
1617 1499 1819 1540 per-interim
1832 1507 2014 1541 reparatum
2028 1498 2126 1532 remi-

1233 1546 1316 1579 serat
1327 1545 1361 1579 in
1372 1543 1488 1579 Sedem
1497 1568 1508 1585 ,
1520 1547 1774 1580 retractator-ium
1787 1545 1950 1589 Iudicium
1963 1547 2128 1582 reservans

1233 1595 1342 1638 primae
1352 1592 1564 1630 Patriarchali
1576 1593 1734 1638 Synodo.
1763 1596 1858 1639 Juxta
1870 1596 1948 1640 Julii
1972 1597 2007 1630 in
2022 1593 2128 1634 Atha-

1235 1645 1314 1678 nasii
1334 1645 1428 1678 causa
1439 1644 1650 1687 exemplum,
1675 1644 1878 1679 &Canones
1902 1645 2124 1679 Sardicenses.

1234 1692 1492 1730 Proindevistam
1506 1693 1681 1736 Synodum
1703 1692 1907 1729 Hincmarus
1927 1694 2067 1735 oderat,
2091 1695 2127 1729 δε

1232 1742 1297 1786 jam
1314 1742 1416 1778 didtas
1435 1743 1580 1777 rationes
1600 1752 1736 1779 noverat
1757 1745 1821 1778 effe
1840 1743 1973 1778 frivolas
1992 1756 2001 1776 ε
2029 1744 2126 1778 Hine

1234 1792 1309 1827 usus
1320 1794 1366 1828 est
1390 1793 1504 1838 lingua
1524 1792 1697 1829 &calamo
1720 1793 1833 1828 Caroli
1846 1793 1968 1839 Regis.
1997 1793 2048 1828 Ex
2065 1794 2125 1828 suo

1235 1853 1328 1878 more
1338 1867 1346 1876 .
1373 1843 1417 1877 Et
1431 1855 1472 1877 ex
1487 1844 1646 1878 consueto
1660 1844 1694 1877 in
1707 1842 1863 1878 extremis
1873 1843 2023 1889 refugio:
2053 1847 2124 1877 Rex

1235 1904 1291 1927 non
1302 1893 1369 1927 vult
1382 1918 1389 1925 .
1416 1893 1552 1928 interim
1565 1905 1625 1928 nec
1639 1904 1693 1937 per
1703 1892 1831 1939 Regem
1842 1894 1937 1928 ausus
1952 1894 1997 1928 est
2009 1894 2123 1928 effuti-

1234 1954 1267 1977 re
1278 1944 1309 1978 se
1318 1952 1507 1986 exemptum
1520 1944 1539 1977 a
1550 1942 1764 1978 patriarchali
1777 1943 1916 1986 Synodo
1925 1968 1933 1978 .

1282 1991 1517 2040 Nihilominus
1528 1992 1683 2028 Romana
1696 1993 1838 2029 Ecclesia
1851 1992 1979 2038 optime
2000 1993 2122 2037 perspe-

1233 2043 1284 2077 xit
1306 2067 1317 2083 ,
1343 2043 1410 2091 quo
1434 2043 1501 2079 haec
1521 2044 1694 2079 tenderent
1717 2069 1725 2077 .
1752 2044 1845 2078 Hinc
1865 2045 1901 2078 in
1928 2046 2041 2078 oCiava
2062 2045 2122 2086 Sy·

1235 2093 1474 2127 nodorcuravit
1495 2094 1623 2138 prodire
1640 2092 1729 2128 hunc
1740 2094 1932 2128 Canonem:
1962 2094 2074 2127 sanna
2085 2096 2121 2128 ά·
2137 2096 2213 2128 Can.
2227 2105 2272 2132 ¹7·

1234 2142 1415 2186 universalis
1435 2148 1568 2177 Nicaena
1586 2150 1691 2186 prima
1699 2146 1829 2182 synodus
1839 2149 1998 2187 antiquam
2008 2142 2122 2191 confice—

1233 2191 1369 2227 tudinem
1375 2194 1461 2234 jubet
1467 2192 1590 2237 servari
1596 2203 1655 2236 per
1665 2197 1833 2238 AEgyptum
1844 2218 1856 2235 ,
1882 2195 1917 2228 ὦ·
1944 2196 2121 2233 Provincias

1234 2255 1299 2285 quae
1315 2242 1372 2285 sub
1381 2274 1386 2284 v.
1393 2240 1459 2285 ipsa
1466 2242 1539 2285 sunt
1552 2267 1563 2285 ‚
1590 2250 1634 2277 ita
1645 2254 1679 2276 ut
1686 2244 1787 2277 borum
1796 2249 1929 2284 omnium
1944 2243 2121 2277 Alexandri-

1234 2304 1290 2326 nus
1303 2291 1590 2335 Episcopushabeat
1608 2292 1782 2334 potestatem
1795 2317 1806 2332 ‚
1832 2294 1934 2329 dicens
1944 2316 1956 2333 ,
1982 2294 2068 2338 ,Quia
2083 2294 2121 2326 <5

1234 2347 1265 2376 in
1286 2345 1484 2376 Romanorum
1499 2337 1630 2377 ciuitate
1650 2341 1819 2386 hujusmodi
1836 2355 1900 2375 mos
1926 2343 2117 2385 praevaluit.

1235 2395 1308 2437 ,Qua
1315 2401 1373 2435 pro
1389 2391 1478 2436 causa
1488 2394 1523 2427 Θ
1546 2392 1610 2428 baec
1631 2404 1743 2437 magna
1753 2394 1787 2426 ό*
1801 2390 1910 2435 sancia
1919 2394 2045 2430 synodus
2054 2401 2126 2425 ram

1234 2449 1266 2478 in
1285 2441 1396 2485 seniori
1413 2443 1449 2477 Θ
1474 2454 1554 2477 nova
1565 2446 1682 2482 Roma,
1708 2454 1798 2484 quam
1817 2448 1851 2475 in
1871 2444 1943 2475 Sede
1956 2441 2121 2475 Antiocbiae

1235 2504 1269 2526 ac
1282 2491 1539 2536 Hierosolymorum
1550 2516 1560 2532 ,
1582 2491 1714 2535 priscam
1733 2490 1970 2535 consuetudinem
1990 2491 2120 2525 decernit

1235 2549 1267 2576 in
1289 2543 1424 2576 omnibus
1444 2541 1635 2586 conservari²
1659 2548 1704 2576 ita
1725 2551 1759 2575 ut
1779 2553 1876 2577 eorum
1894 2540 2042 2584 Praefiiles
2053 2547 2118 2576 uni·

1236 2591 1384 2635 versorum
1411 2594 1720 2634 Metropolitanorum,
1746 2591 1845 2633 quiab
1866 2589 2120 2632 ipsis-promovet»

1236 2653 1306 2682 tur,
1331 2645 1366 2678 (5
1380 2640 1444 2683 five
1451 2651 1508 2684 per
1519 2653 1626 2674 manus
1638 2640 1862 2683 impositionem,
1885 2639 2012 2682 fiveper
2024 2642 2119 2673 Pallit
2180 2645 2187 2651 “’

1236 2695 1386 2726 dationem
1397 2685 1582 2736 Episcopalis
1594 2693 1755 2734 dignitatis
1764 2690 1940 2733 firmitatem
1949 2696 2096 2732 accipiunt
2103 2712 2117 2730 ,

1237 2743 1368 2776 habeant
1375 2742 1550 2785 potestatem
1559 2766 1570 2783 ,
1597 2743 1736 2776 videlicet
1755 2742 1799 2774 ad
1809 2741 2029 2774 convocandum
2045 2752 2093 2774 eos
2103 2763 2116 2780 ,

1237 2803 1358 2837 urgente
1379 2793 1536 2833 neceffltate
1548 2817 1558 2833 ,
1584 2793 1629 2825 ad
1648 2793 1816 2831 synodalem
1832 2795 2040 2830 conventum,
2065 2789 2119 2823 vel

1236 2844 1278 2875 ad
1299 2844 1487 2876 coercendum
1505 2843 1567 2876 illos
1580 2844 1614 2876 <5
1628 2842 1828 2885 corrigendum
1840 2864 1852 2880 ‚
1876 2840 1950 2872 dum
1962 2839 2056 2880 fama
2067 2851 2114 2872 eos

1231 2892 1323 2938 super
1345 2891 1520 2936 quibusdam
1543 2893 1658 2926 dein-‘its
1672 2886 1801 2934 forsitan
1822 2887 2003 2932 accusaverit
2020 2914 2028 2922 .
2054 2890 2116 2922 Sed

1236 2950 1376 2987 quoniam
1383 2941 1457 2986 sunt
1475 2945 1598 2985 quidam
1617 2942 1906 2983 Metropolitanorum
1919 2964 1929 2980 ‚
1956 2944 2006 2982 qui
2023 2950 2061 2972 ne
2066 2937 2114 2982 se-

1237 2995 1364 3028 cundum
1376 2998 1557 3027 vocationem
1575 2992 1722 3034 apostolia
1734 2988 1874 3033 Praesulis
1893 2998 2045 3024 occurrant
2055 3014 2066 3029 ,
2092 2990 2113 3021 ὰ

1236 3046 1344 3078 Mundi
1357 3043 1546 3086 Principibus
1554 3040 1587 3085 se
1598 3039 1788 3082 detinerifine
1796 3046 1909 3074 ratione
1930 3038 2091 3080 causantur
2099 3063 2111 3080 ‚
2142 3055 2144 3058 >

1231 3096 1347 3136 placuit
1358 3095 1447 3130 talem
1459 3090 1670 3135 excusationem
1680 3091 1854 3124 omnimodis
1866 3090 1918 3132 effe
1929 3091 2110 3123 invalidam.

1235 3149 1313 3178 Cum
1333 3151 1413 3178 enim
1434 3146 1589 3184 Principes
1603 3149 1662 3185 pro
1674 3139 1741 3185 suis
1762 3139 1850 3182 causis
1860 3144 2034 3173 Conventus
2037 3138 2111 3180 fre·-

1236 3203 1360 3236 quenter
1383 3200 1476 3237 agant
1489 3217 1500 3232 ‚
1524 3187 1648 3233 impium
1667 3190 1704 3230 cst
1727 3198 1758 3223 ut
1770 3189 1900 3234 summos
1913 3188 2058 3232 Praesules
2068 3188 2114 3220 aa

1234 3244 1357 3285 synodos
1375 3253 1431 3285 pro
1456 3240 1657 3282 Ecclefiasticis
1669 3246 1791 3284 negotiis
1806 3241 2015 3275 celebrandum
2023 3243 2114 3278 Impe-

1239 3295 1348 3333 diam,
1375 3294 1437 3326 vel*
1449 3289 1588 3335 quosdam
1608 3294 1628 3324 ἃ
1650 3292 1788 3324 Conciliis
1811 3301 1907 3325 eorum
1913 3287 2113 3330 prohibeant,

1235 3345 1301 3378 licet
1310 3343 1370 3376 tale
1379 3344 1623 3384 impedimentum
1647 3343 1681 3376 (ε’
1701 3341 1807 3384 fillum
1814 3339 2038 3383 prohibitionem
2053 3341 2114 3370 Mo-

1234 3394 1470 3436 tropolitanorum
1491 3390 1662 3436 suggestione
1687 3390 1813 3432 diverfis
1822 3389 1916 3423 modis
1922 3386 1992 3428 ficri
2005 3388 2113 3421 didice-

1234 3450 1327 3477 rimus
1340 3467 1347 3475 .
1376 3440 1602 3485 consueverunt
1613 3452 1713 3476 autem
1722 3440 1941 3482 Metropolitum
1957 3438 2049 3472 bisin
2058 3449 2112 3470 an-

2003 3503 2006 3507 1
2024 3497 2063 3520 no
