2326 3718
661 132 940 179 Ro'MANrs
975 131 1321 175 ApPELLATI
1344 131 1583 171 omaus.

214 230 253 253 ac
271 214 439 265 praesertim
465 217 587 265 sedenti
614 225 692 252 tunc
715 215 905 251 zelosiffimo
932 212 1087 271 PQtifici

214 270 345 313 Magno
356 268 464 303 Leoni
477 293 485 300 .
514 269 683 302 Noverant
703 266 822 300 similes
832 266 994 308 Iuvenalis
1009 265 1089 298 Hie-

213 315 445 360 rosolymitani
470 318 643 362 Episcopi,
668 327 745 358 quas
767 327 821 359 per
838 314 1089 359 EphefiniCon-

211 367 543 402 ciliiAuthoritatem
565 363 703 402 stabilire
723 377 901 401 tentaverat
925 390 937 406 ,
963 366 995 398 in
1023 363 1092 396 An-

213 417 409 452 tiochenum
425 417 679 453 patriarchatum
693 417 819 460 rapinas
835 416 926 450 fuisse
945 413 985 448 ab
999 413 1067 456 ipso
1083 436 1093 452 ,

214 467 293 509 licet
307 478 387 502 tunc
406 463 573 504 dumtaxat
599 465 888 506 Archi-Diacono,
918 463 1094 509 potentiffi·

211 517 270 554 me
293 519 437 553 excussa-s
455 520 493 553 ’ἃς
510 517 695 552 exihfflatas
717 543 724 550 .
754 517 920 551 Noverant
946 513 1091 547 Autoce·

215 567 391 611 phalerum
404 566 628 603 Exarchorum
641 567 863 612 Epistopalem
875 563 1094 599 confirmatio-

216 629 315 659 nem,
342 619 377 653 &
395 618 531 662 primam
551 618 591 652 de
618 618 760 661 ipsorum
786 613 1036 651 Consecratione
1055 623 1093 646 ac

216 667 391 712 quibusvis.
403 668 503 702 causis
527 668 755 712 cognitionem
782 664 940 710 privative
964 675 1001 698 ac
1026 663 1093 696 fine

216 717 328 752 medio
339 718 476 761 spestare
498 717 538 752 ad
551 719 740 752 Romanum
754 717 951 750 Pontificem
966 738 973 745 .
999 714 1094 747 Hin‘c

215 767 319 811 igitur
339 767 432 802 suum
451 767 765 810 Archi-Episcopum
787 765 971 798 Bassianum
991 788 1002 804 ,
1027 762 1095 805 ejus

217 816 426 862 illegitimam
437 816 750 851 inthronizationem
762 840 774 856 ,
798 814 977 849 invalidam
988 813 1006 847 ἐι
1017 813 1095 850 San·

217 868 272 901 ἂο
292 867 413 902 Proclo
432 867 738 905 confirmationem,
767 865 911 908 aliosque
936 864 1002 907 ejus
1013 861 1103 897 dese-s

219 918 289 950 &us
312 917 347 951 &
370 917 516 952 excessus
532 916 718 950 detulerunt
744 915 778 948 δε
798 916 990 948 accusarunt
1012 909 1095 955 apud

211 964 385 1010 *Magnum
395 967 563 998 Leonem.
594 963 680 997 Eum
690 965 902 1004 accusarunt,
927 961 1016 1007 quod
1027 973 1094 996 non

218 1014 262 1049 ab
287 1013 456 1056 Episcopis
480 1014 648 1057 impositus
671 1038 683 1055 ,
710 1013 765 1048 sed
789 1013 808 1048 ὸ,
828 1010 1097 1052 Gladiatoribus3

217 1062 385 1098 Arenariis
405 1086 417 1103 ,
443 1063 579 1107 aliisque
606 1062 638 1098 id
652 1068 769 1108 ”genus
795 1063 965 1098 violentiis
990 1063 1097 1097 fuisset

216 1112 382 1157 conjestus
394 1115 431 1146 in
444 1113 670 1158 Episcopalem
681 1113 868 1148 Thronum.
898 1114 940 1147 Et
953 1113 994 1147 de
1005 1123 1099 1147 accu-

218 1162 353 1198 sationis
380 1164 519 1198 successu
546 1164 581 1198 in
609 1163 866 1199 Chalcedonensi
894 1164 1032 1207 Synodo
1058 1162 1097 1197 ad

217 1213 474 1248 Gloriosiffimos
497 1212 626 1258 Iudices
645 1214 730 1249 dixit
755 1214 824 1257 ejus
845 1215 1012 1250 Successor
1033 1213 1098 1247 Ste-

221 1262 348 1307 phanus
360 1277 371 1296 .·
398 1267 443 1296 Et
460 1271 517 1305 pro
536 1262 587 1304 boc
608 1262 745 1307 expulfies
765 1264 804 1305 est
821 1267 842 1297 ἅ
865 1267 884 1297 5
887 1265 983 1298 anHis
999 1267 1099 1297 Patri·

218 1313 297 1354 bus,
324 1313 528 1354 &Sanc‘hfflmo
545 1318 647 1358 Regiae
671 1319 804 1349 civitatis
814 1318 916 1349 Romae
933 1319 1050 1354 Leone,
1078 1314 1098 1346 ἆ

220 1364 387 1403 Beatiffimo
398 1363 516 1397 Sana-e
524 1369 671 1401 memoriae
684 1365 837 1399 Flaviano
859 1365 1098 1406 Constantinopo-

219 1413 328 1447 litanae
348 1412 434 1448 Urbis
457 1438 468 1454 ,
495 1415 530 1449 ὁ·
552 1414 592 1449 ab
616 1414 817 1449 Alexandrino
842 1417 876 1450 Gt
903 1415 1098 1449 Antiocheno.

221 1461 268 1497 Ab
288 1462 339 1497 bie
363 1462 505 1507 expulsus
515 1463 570 1504 est.
598 1469 751 1500 Romanus
763 1464 926 1509 Episcopur
937 1477 1000 1500 eum
1017 1467 1102 1507 depo·

220 1512 305 1555 suit,
329 1514 365 1546 Θ
380 1515 605 1547 Alexandrinus
626 1526 692 1547 eum
705 1516 866 1545 damnavit
879 1536 886 1543 .
914 1519 1025 1545 Videat
1045 1526 1102 1546 ve·—

218 1559 284 1601 stra
295 1560 517 1604 mgnifhemia
529 1561 678 1604 epistolam
684 1560 832 1604 scriptam
844 1561 977 1594 ἃςαηέἶο
991 1564 1085 1595 Leone
1094 1584 1102 1592 .

223 1609 271 1642 Et
290 1608 332 1639 ad
343 1609 531 1639 ulteriorem
553 1609 861 1641 Gloriosiffimotum
882 1609 1034 1650 Judieum
1055 1610 1104 1641 in-

221 1655 480 1700 terrogationem
501 1654 612 1689 denuo
635 1657 777 1699 reposuit
798 1670 805 1690 :
845 1658 988 1691 Relatum
1006 1656 1043 1698 est
1065 1656 1104 1690 ab

226 1704 368 1750 Episcopo
396 1705 608 1738 Alexandrinae
623 1711 774 1740 'civitatis
799 1731 812 1748 ,
837 1708 1022 1749 Sant‘liffimae
1049 1718 1105 1741 me-

226 1762 328 1791 moriae
338 1753 484 1798 Theodosio
497 1757 632 1798 Principe
638 1755 786 1800 scribente
804 1759 872 1792 illuc
882 1784 891 1792 .
920 1757 1105 1802 Allataesunt

225 1811 316 1842 etiam
325 1807 431 1840 litterae
447 1807 468 1839 ἃ
479 1807 642 1846 Beatiffimo
663 1807 696 1840 (θ’
706 1808 883 1849 sant‘lifflmo
895 1812 985 1852 Papa
998 1812 1105 1843 Roma-

226 1868 266 1892 no
275 1881 286 1898 ‚
295 1863 442 1900 quatenus
453 1854 538 1895 istum
548 1857 599 1899 effe
610 1869 667 1891 non
678 1865 822 1899 oporteret
834 1857 1013 1902 Episcopum
1023 1883 1031 1891 .
1062 1862 1107 1892 Et

225 1905 394 1949 manifestae
413 1904 486 1949 sunt
504 1906 613 1940 litterae
634 1934 641 1941 .
667 1907 784 1950 Jabete
810 1915 914 1943 venire
939 1914 1103 1943 Notarios.

228 1957 274 1991 Et
286 1957 410 1990 rursum
433 1956 521 1990 dixit
541 1957 583 1991 ad
595 1962 729 1992 omnem
753 1959 944 2002 Synodum:
970 1960 1108 2000 Sanlliffi·

228 2019 296 2041 mus
321 2005 587 2050 Archi-Epiftopus
608 2011 761 2042 Romanus
782 2012 840 2043 Leo
861 2009 936 2043 bunc
952 2009 1083 2054 deposuit
1098 2033 1108 2049 ,

229 2061 368 2100 quoniam
383 2065 497 2099 praeter
506 2058 636 2102 Regulus
654 2058 762 2099 sallus
781 2059 836 2100 est.
867 2061 910 2094 Et
933 2061 1026 2095 istam
1042 2060 1110 2094 Ro·
1149 2070 1152 2072 ·

231 2117 336 2140 manas
358 2106 507 2140 Ecclefiae
529 2106 759 2142 authoritatem
779 2133 790 2150 ,
819 2110 968 2155 istudque
991 2109 1110 2154 Magni

233 2155 358 2191 Leonis
383 2154 570 2198 judicium,
596 2157 820 2192 &Dioscorus
846 2159 1112 2198 Alexandrinus,

232 2205 431 2239 &Domnus
451 2204 636 2239 patriarcha
656 2206 904 2250 Antiochenus,
933 2210 967 2243 δε
980 2210 1112 2243 Sanetus

233 2253 428 2295 Flavianus,
453 2255 509 2298 qui
532 2255 638 2289 Sancti
664 2256 771 2292 Procli
794 2257 968 2302 Presbyter
983 2261 1112 2300 fuerat,

232 2314 458 2349 agnoverunt,
482 2305 759 2349 comprobarunt,
785 2308 819 2342 &
832 2308 1032 2343 miseruntin
1047 2309 1112 2354 ple-

234 2365 312 2389 nam
332 2355 561 2388 executionem
583 2380 590 2388 .
620 2355 752 2391 Etenim
780 2356 943 2401 Ephesino
964 2360 1109 2395 Latroci-

236 2403 295 2438 nio
307 2414 375 2437 non
388 2404 553 2438 Baffianus
561 2403 702 2447 adsedit,
732 2407 786 2442 sed
801 2409 967 2450 Successor
977 2409 1109 2453 Stepha-

236 2465 316 2488 nus.
346 2453 439 2499 Qin
462 2453 565 2487 immo
575 2455 754 2491 Dioscorus
778 2455 906 2492 videtur
925 2460 1017 2493 fuisse
1044 2459 1113 2493 Au-

235 2503 311 2537 thor
327 2505 429 2537 totius
450 2502 593 2547 negotii.
621 2504 751 2547 Etenim
778 2505 1115 2553 Constantinopolita-

236 2563 355 2587 norum
396 2552 632 2595 Episcoporum
670 2555 798 2598 rapinas
823 2558 953 2600 peffime
978 2560 1114 2593 oderat:

236 2603 331 2636 Hinc
356 2600 480 2636 videtur
508 2602 674 2646 Ephefinae
702 2605 853 2641 Ecclefiae
879 2607 1059 2652 Episcopos
1083 2609 1116 2643 &

234 2652 383 2686 Clericos
406 2652 589 2696 instigaffe,
617 2663 657 2687 ut
678 2653 828 2690 Baffiano
837 2655 947 2692 datam
968 2658 986 2691 a
999 2659 1114 2693 Saneto

238 2701 359 2737 Proclo
380 2701 605 2746 Episcopalem
627 2705 911 2742 confirmationem
932 2710 1117 2744 accusarent

238 2752 323 2796 apud
336 2752 536 2787 Pontificem
549 2777 556 2785 .
585 2752 674 2787 Istud
683 2754 840 2797 judicium
855 2759 954 2793 etiam
967 2758 1116 2802 probavit

237 2803 350 2837 omnis
360 2801 631 2837 Chalcedonensis
653 2805 806 2866 Sylpdus
819 2831 826 2839 .
841 2805 843 2807 ’
856 2807 990 2843 Etenim
1003 2808 1118 2844 Baffia·

240 2863 322 2887 uum
334 2853 560 2896 pronuntiavit
581 2854 728 2899 legitime
739 2856 897 2900 abjectum
916 2870 954 2894 ac
965 2858 1118 2904 degrada·

235 2909 330 2950 ‘tum-
354 2903 483 2947 Nempe
512 2913 592 2938 tunc
606 2905 745 2939 necdum
761 2907 906 2944 ediderat
928 2909 1116 2955 vigesimum

244 2952 388 2986 octavum
411 2953 584 2988 Canonem
606 2977 617 2993 ‚
641 2954 782 3000 ideoque
802 2968 897 2995 notat
916 2960 1055 3003 primam
1077 2959 1120 2995 de

246 2998 407 3042 Ephefino
421 3002 573 3038 Exatcho
594 3005 744 3041 notitiam
757 3031 768 3047 ‚
795 3007 927 3052 ejusque
939 3009 1115 3054 Episcopa-

244 3048 312 3083 lem
333 3053 634 3094 confirmationem,
661 3066 728 3089 non
750 3057 791 3091 ad
813 3058 1119 3103 Constantinopoli-

247 3101 563 3148 tanumEpiseopum
577 3130 587 3146 ‚
614 3105 666 3140 secl
676 3106 833 3150 privative
854 3108 921 3143 sine
930 3110 1039 3145 medio
1053 3111 1118 3152 spe-

249 3149 333 3181 stare
353 3148 395 3183 ad
409 3149 603 3189 vontifieem
626 3156 837 3192 Romanum:
859 3159 910 3193 Ex
922 3160 1117 3204 Apostolico

249 3196 409 3255 Canone,
436 3199 521 3237 Nam
542 3205 575 3239 &
593 3205 725 3241 Sanetus
746 3207 861 3244 Vistor
880 3208 1035 3244 Pontifex
1059 3210 1120 3253 pri-

250 3258 312 3282 mae
332 3247 487 3283 instantiae
508 3251 662 3293 iudicium
690 3259 834 3293 exercuit
860 3259 893 3293 in
920 3259 1116 3304 Ephesinum

253 3297 461 3340 Polycratem
485 3325 491 3332 .
520 3298 662 3341 Laudata
686 3307 792 3342 Sancti
815 3309 939 3344 Leonis
959 3311 1110 3354 epistola,

251 3346 336 3432 22¹¹?
355 3346 514 3383 elatebris
533 3355 729 3399 ³Pparuerit‚
753 3360 874 3403 poterit
884 3371 945 3395 nos
954 3362 1044 3406 plura
1054 3361 1117 3396 do-

292 3408 306 3432 r
333 3421 342 3431 .

351 3446 457 3489 christ.
469 3452 548 3493 Lupi
556 3454 652 3495 Opera
662 3456 694 3488 T.
714 3458 793 3489 Vm.

1908 146 1969 192 37

1202 211 1354 247 Eundem
1368 208 1599 254 Apostolicum
1621 212 1794 251 Canonem
1815 215 1910 252 'novit
1931 217 1965 251 &
1978 217 2034 251 ob-

1148 262 1283 299 servavit
1311 259 1512 294 Timotheus
1534 259 1778 304 Salophaciolus
1806 291 1817 308 ‚
1844 265 2033 301 Patriarcha

1150 311 1417 351 Alexandrinus,
1444 310 1485 344 de
1513 321 1580 354 quo
1602 310 1643 345 ad
1662 310 1818 348 Acacium
1844 316 2035 351 Constanti.

1152 363 1382 407 nopolitanum
1408 361 1605 404 Episcopum
1631 361 1750 404 scripsit
1762 363 1891 400 Sanstus
1903 366 2036 409 simpli-

1150 417 1220 450 cius
1243 408 1418 446 Pontifex':
1447 414 1558 444 Frater
1583 410 1853 454 &Co-Episcopus
1877 416 1965 453 noster
1978 419 2033 449 Ta·-

1152 463 1283 499 motbeus
1295 487 1305 501 ‚
1330 460 1525 504 persecutione
1532 460 1713 503 probabilior
1727 460 1833 503 fadus
1844 463 1963 503 pristini
1977 477 2034 499 nm

1152 522 1299 549 immemor
1322 511 1472 553 Instincti,
1500 520 1558 554 per
1580 516 1723 545 Fratrem
1744 514 1778 546 Θ
1801 511 2036 555 Co-Ep1scopam

1154 565 1290 609 Isajam,
1314 564 1349 596 (zi
1365 562 1444 604 filios
1467 560 1595 603 nostros,
1622 562 1732 595 Nilum
1756 562 1976 602 Presbyterum,
2002 565 2036 597 (ν

1155 619 1330 652 Martyrium
1352 614 1513 645 Diaconum
1541 613 1755 646 Alexandrinae
1778 612 1911 654 Ecclestae
1929 637 1940 652 ,
1966 610 2038 655 sole·

1154 670 1236 697 mnia
1258 665 1374 704 scripta
1393 664 1507 696 direxit
1519 687 1528 702 ‚
1556 662 1665 705 quibus
1692 665 1726 697 &
1745 664 1843 703 illud,
1870 663 1950 706 quod
1966 669 2038 696 ante

1152 720 1328 756 perterritus
1343 714 1382 747 de
1395 711 1523 754 Dioscori
1535 719 1652 747 nomine
1656 713 1777 754 ficerat
1789 739 1801 755 ‚
1822 713 1857 758 se
1879 709 2041 755 destruxis-

1151 763 1184 807 se
1197 768 1389 803 memoravit,
1416 763 1450 796 (9·
1463 764 1647 801 remiffionem
1661 763 1751 805 ipfius
1772 761 1878 799 erroris
1887 768 2039 806 expetiit,

1157 812 1262 857 nosque
1288 813 1324 846 de
1335 818 1430 854 quiete
1445 811 1524 852 fem
1538 813 1675 853 Ecclefiae
1687 816 1846 856 gratulari
1860 840 1872 857 ,
1899 820 2040 856 expertus

1156 875 1225 907 erga
1230 862 1263 906 se
1275 887 1284 903 ,
1310 863 1388 904 quod
1407 867 1480 895 ineo
1501 872 1572 896 runc
1592 860 1852 906 reprebendimus,
1878 863 2041 899 non-inul-

1157 924 1219 946 tum
1230 938 1240 953 ,
1265 913 1298 946 &⁸
1309 914 1522 946 reconciliatum
1536 912 1595 953 fibi
1606 923 1683 946 nunc
1694 917 1823 949 Divinae
1843 913 2043 958 miserationis

1157 963 1295 1004 affiblum
1307 987 1314 993 .
1342 963 1387 995 Et
1399 962 1434 996 in
1455 963 1518 998 alia
1528 963 1570 998 ad
1594 963 1736 1000 eundem
1749 964 1913 1000 Acacium
1925 963 2047 1007 episto-

1158 1014 1208 1046 la:
1236 1014 1313 1044 Sicut
1332 1015 1364 1041 in
1388 1012 1487 1042 reditu
1510 1017 1634 1047 Fratris
1660 1016 1695 1048 (ν
1715 1018 1760 1048 Co
1770 1013 1930 1059 -Episcopi
1950 1011 2039 1052 nostri

1158 1060 1303 1095 Timothei
1308 1059 1504 1103 gratulamur
1518 1082 1529 1098 ‚
1556 1065 1601 1092 ita
1624 1074 1687 1096 eum
1698 1075 1897 1101 commonente
1907 1063 2047 1098 Dilec‘lio-

1159 1124 1195 1147 ne
1206 1121 1258 1145 tua
1265 1115 1400 1152 cupimus
1422 1107 1700 1158 irreprebensibilem
1722 1113 1863 1152 repes-m.
1889 1117 1974 1158 ,Quia
1985 1123 2048 1147 me·-

1160 1160 1266 1202 ministi
1277 1172 1343 1194 eum
1360 1159 1546 1201 jamdudum
1565 1159 1667 1200 fidelis
1684 1159 1829 1203 Praefielis
1854 1176 1911 1196 mn
1922 1162 2048 1205 habuffi

1161 1211 1349 1253 constantiam
1362 1234 1372 1250 ‚
1397 1210 1518 1252 quando
1541 1214 1591 1249 ei,
1611 1217 1652 1242 rut
1679 1210 1821 1244 damnati
1843 1210 1972 1253 Diofiori
2000 1222 2052 1242 no-

1162 1274 1228 1296 men
1249 1267 1327 1295 inter
1349 1261 1467 1293 Altaria
1486 1265 1661 1294 recitaretur
1686 1284 1698 1301 ,
1725 1268 1875 1295 extortum
1897 1260 1936 1301 est
1955 1287 1963 1294 .
1993 1258 2049 1294 Ex

1166 1311 1391 1347 Alexandrino
1416 1309 1515 1344 Clero
1531 1310 1570 1344 ἀ
1586 1310 1718 1354 Populo
1737 1312 1842 1355 plures
1865 1309 2052 1346 Chalcedo-

1167 1364 1297 1397 nensem
1318 1361 1364 1395 sui
1387 1358 1582 1395 Patriarchae
1603 1361 1757 1396 Dioscori
1778 1361 2050 1408 degradationem

1164 1409 1443 1448 contumaciffime
1468 1411 1714 1447 aversabantur.
1743 1412 1837 1448 Hinc
1858 1412 1950 1447 enim
1972 1411 2056 1450 San?

1163 1466 1249 1498 stum
1260 1461 1447 1504 Protetium
1464 1486 1476 1503 ‚
1503 1473 1602 1506 quem
1615 1464 1651 1497 in
1666 1462 1754 1497 illius
1766 1462 1874 1499 adhuc
1885 1462 2026 1497 viventis
2036 1484 2053 1503 ,

1165 1512 1294 1557 &apud
1314 1512 1466 1556 Gangras
1482 1511 1522 1545 >in
1535 1509 1765 1558 Paphlagonia
1789 1514 1955 1549 exulantis
1968 1538 1978 1554 ‚
2006 1512 2055 1545 lo-

1168 1570 1244 1594 cum
1254 1560 1724 1609 Orthodoxiconsecraverant
1738 1588 1751 1605 ‚
1777 1564 1826 1600 illi
1838 1562 2054 1601 crudelissime

1169 1610 1202 1642 in
1214 1610 1330 1654 quinta
1353 1609 1458 1643 fausta
1470 1611 1550 1643 feria
1566 1634 1577 1649 ‚
1602 1613 1638 1644 in
1663 1614 1734 1654 ipso
1747 1614 1945 1656 Baptista-'no
1955 1612 2052 1647 trech

1167 1656 1305 1690 darunt.
1331 1657 1537 1696 Hoc-ipsum
1557 1659 1615 1690 fibi
1643 1669 1793 1694 metuens
1819 1659 1960 1696 Proterii
1979 1660 2058 1694 Suo-

1167 1707 1269 1741 cessor
1281 1701 1485 1738 Timotheus
1508 1702 1727 1748 Eutychianis
1749 1707 1905 1742 Dioscori
1925 1708 2058 1743 dilecto·

1170 1754 1256 1790 rIbus
1268 1753 1534 1801 benignissimum
1542 1754 1575 1789 se
1587 1754 1742 1802 exhibuit
1757 1780 1768 1797 ‚
1795 1758 1829 1792 &
1842 1758 1883 1801 ad
1895 1758 1979 1802 ipsos
1990 1758 2058 1803 pla-

1169 1803 1492 1842 candosdamnatiac
1502 1803 1644 1840 haeretici
1669 1805 1819 1842 hominis
1842 1820 1964 1844 nomen
1985 1808 2056 1844 red-

1169 1857 1254 1892 didit
1265 1857 1360 1891 sacris
1379 1855 1529 1890 Ecclefiae
1539 1855 1682 1891 Tabulis
1694 1881 1705 1898 ,
1731 1867 1829 1902 atque
1843 1860 1887 1894 ita
1899 1861 2055 1903 professus

1170 1908 1216 1944 est
1228 1908 1332 1951 ipsum
1345 1931 1356 1947 ,
1383 1907 1419 1941 &
1431 1906 1541 1940 vivum
1563 1906 1597 1941 &
1610 1918 1778 1944 mortuum
1791 1933 1803 1949 ,
1830 1910 1922 1944 fuisse
1938 1911 2060 1954 semper

1171 1957 1354 2003 legitimum
1378 1956 1575 2000 Episcopum
1597 1982 1608 1998 ,
1650 1969 1689 1993 ac
1711 1958 1824 2003 inique-
1844 1959 2059 1995 damnatum.

1178 2006 1394 2042 Existimabat
1408 2008 1471 2042 esse
1482 2007 1752 2052 dispensatoriam
1764 2009 1854 2054 pacis
1873 2022 1910 2045 ac
1918 2009 2060 2074 public-z

1173 2059 1294 2103 quietis
1307 2057 1441 2092 fibulam
1456 2083 1464 2090 .
1492 2057 1540 2091 At
1552 2068 1620 2092 erat
1631 2060 1857 2104 graviffimum
1880 2073 1921 2096 ae
1931 2061 2060 2096 varium

1173 2108 1325 2143 delistum
1347 2133 1355 2141 .
1385 2107 1560 2142 Manifesta
1587 2108 1759 2146 damnatio
1783 2109 2060 2147 Chalcedonensis

1175 2157 1322 2202 Synodi,
1348 2157 1583 2203 &contagiosa
1597 2162 1791 2197 communio
1810 2173 1885 2196 cum
1905 2161 2060 2197 haeretico

1176 2208 1331 2242 nomine.
1355 2207 1451 2241 Hinc
1472 2207 1575 2251 ipsum
1586 2209 1776 2254 Simplicius
1797 2213 1938 2256 graviter
1959 2213 2063 2254 incre-y

1176 2258 1283 2302 pavit,
1310 2257 1452 2290 minatus
1462 2257 1610 2301 graviora
1631 2271 1638 2291 :
1662 2260 1967 2305 Degradationem.
1995 2262 2060 2296 Ve-

1176 2308 1246 2342 rum
1261 2307 1317 2341 ille
1330 2307 1481 2351 praevenit
1496 2307 1658 2352 Iustitiam
1672 2334 1683 2349 ‚
1709 2322 1851 2346 errorem
1863 2312 2002 2356 agnovit
2025 2311 2061 2345 &

1174 2357 1338 2399 correxit,
1364 2357 1434 2391 rasit
1459 2358 1611 2392 Dioscori
1632 2370 1754 2395 nomen
1779 2385 1790 2401 ‚
1817 2360 1985 2396 humiliter
2005 2373 2061 2405 po·

1179 2408 1308 2442 stulavit
1320 2408 1450 2442 veniam
1462 2431 1473 2448 ,
1500 2408 1668 2452 pollicitus
1681 2411 1814 2445 meliora
1830 2437 1836 2444 .
1856 2412 1907 2446 vEt
1919 2412 1982 2446 suis
1995 2423 2061 2455 pre-

1178 2457 1269 2491 cibus
1279 2456 1461 2499 adJutorem
1484 2457 1636 2493 adhibuit
1651 2460 1812 2495 Acacium
1826 2461 2066 2495 Constantino-v

1181 2507 1363 2550 politanum
1387 2506 1586 2549 Episcopum
1609 2531 1621 2547 ,
1648 2518 1728 2542 tunc
1753 2510 2060 2546 adhuc²sanum'&

1181 2559 1346 2601 integrum
1360 2578 1371 2594 ‚
1399 2555 1539 2598 ideoque
1562 2556 1661 2591 verbo
1684 2559 1717 2592 δε
1738 2553 1842 2603 opere
1857 2561 2060 2603 pontentiffi-

1156 2643 1158 2646 y
1181 2604 1368 2650 mum-apud
1380 2605 1570 2639 Romanam
1582 2606 1756 2642 Ecclesiam
1768 2634 1775 2640 .
1804 2610 1917 2645 Ambo
1932 2613 2062 2655 profite-

1180 2656 1298 2691 bantur
1319 2654 1361 2690 ad
1386 2655 1483 2698 ipsam
1507 2655 1644 2699 spectare
1664 2656 1747 2692 istud
1757 2657 1936 2705 judicium.
1965 2661 2062 2695 Hinc

1181 2707 1270 2741 enirn
1282 2706 1323 2741 de
1346 2703 1532 2741 Timotheo
1551 2706 1720 2753 Pontifex(
1732 2709 1832 2744 dicit:
1859 2709 1981 2752 Pristim
2000 2720 2060 2745 mn

1181 2763 1330 2791 immemor
1341 2754 1470 2796 Instituti
1480 2782 1487 2789 .

1232 2808 1283 2840 Ex
1295 2807 1411 2841 eodem
1423 2805 1560 2841 canone
1570 2808 1755 2845 Orientales
1763 2809 2061 2847 ‘Archi-Mandritai

1181 2858 1215 2891 &
1237 2856 1396 2892 Monachi
1418 2855 1570 2892 adversus
1595 2857 1798 2896 Anthim'um
1839 2861 2059 2906 Trapezuntis

1183 2908 1379 2951 Episcopum
1392 2931 1403 2947 ‚
1428 2908 1486 2950 qui
1504 2907 1655 2943 haeretico
1668 2909 1857 2946 Theodorae
1877 2912 2060 2955 Imperatri-

1182 2958 1228 2992 cis
1250 2958 1470 2992 favorenixus
1492 2959 1696 3003 semetipsum
1718 2961 1751 2994 in
1775 2962 1887 3006 Regiae
1910 2963 2056 2996 civitatis

1182 3006 1560 3043 Cathedramintrnserat
1573 3033 1583 3048 ,
1611 3011 1645 3044 &
1657 3010 1787 3045 occulte
1808 3010 1938 3046 fovebat
1953 3012 2058 3055 Euty·-

1182 3056 1332 3092 chianam
1351 3056 1492 3092 haerefim
1512 3084 1521 3099 ,
1550 3059 1740 3102 scripserunt
1762 3059 1802 3094 ad
1826 3059 2057 3104 Imperatorem

1183 3108 1420 3151 justinianum:
1442 3107 1520 3149 Misit
1539 3111 1620 3142 Deus
1640 3108 1706 3143 huic
1725 3114 1846 3144 civitati
1871 3116 2032 3155 Agapetum
2044 3136 2057 3153 ‚

1182 3156 1349 3200 Pontificem
1369 3163 1502 3199 antiquae
1515 3161 1633 3200 Romae,
1660 3165 1692 3194 in
1714 3160 1884 3202 depofitione
1897 3162 2058 3202 Antbimi'‚

1180 3216 1334 3252 tamquam
1346 3208 1412 3241 olim
1429 3210 1552 3240 Petrum
1574 3212 1714 3253 Magnum
1738 3211 1899 3253 Apostolum
1911 3217 2056 3246 Romanis

1180 3264 1212 3292 in
1226 3258 1394 3301 depofitione
1410 3259 1535 3290 simonis
1544 3259 1758 3303 praestigiarum
1777 3286 1784 3293 .
1814 3262 1867 3302 Iste
1890 3265 1961 3296 vero
1972 3262 2058 3296 hono·-

1178 3309 1280 3342 rabilis
1294 3315 1363 3348 vir,
1389 3305 1481 3348 sciens
1491 3315 1546 3349 per
1553 3309 1666 3343 libellos
1678 3312 1875 3352 plurimorum
1899 3312 2055 3352 nostrorum

1177 3371 1231 3401 ea,
1258 3371 1324 3401 quae
1346 3363 1442 3400 inique
1465 3367 1568 3391 contra
1592 3360 1738 3402 :Ecclefias
1758 3360 2055 3405 praesumptaficere3

1176 3422 1211 3444 ea
1225 3408 1290 3453 ipsa
1306 3407 1374 3452 visu
1384 3406 1643 3451 semelaccipiendo
1657 3436 1669 3451 ,
1693 3406 1785 3455 neque
1808 3413 1852 3445 ad
1864 3411 1959 3455 visum
1968 3409 2057 3453 susd-
2092 3435 2095 3440 -

1657 3461 1693 3495 D
1936 3467 2008 3502 pm
