2326 3718
931 49 954 62 l

627 128 912 176 Romanis
948 137 1524 173 appettarromaus.
1940 148 1974 189 9

195 225 263 254 rot.
286 216 474 252 ‘Paternum
494 212 608 249 eontra
631 213 805 248 viduarum
830 213 964 248 maritos
985 213 1091 247 Cano-

200 279 279 304 nem
298 265 502 302 demonstrat
524 262 705 307 pleniffime
725 263 887 298 observari
908 265 925 298 a
939 265 1089 298 Romana

198 317 344 353 Ecclesia
354 342 366 358 ,
390 315 484 351 addit
497 312 735 350 Chelidonium
747 314 789 349 ab
799 314 862 349 isto
885 314 968 348 vitio
979 313 1091 356 proba·

198 377 272 403 tum
282 368 466 403 immunem
480 391 491 407 ,
519 376 618 409 atque
630 364 821 399 concludit:
853 362 997 406 Manfissct
1008 374 1092 396 nam-

198 428 257 463 que
264 422 298 452 tn
308 419 391 452 illum
409 420 531 460 prolata
547 413 697 458 sententia
709 439 720 456 ‚
736 414 768 456 fi
782 415 953 456 obJ'ec‘lorum
975 419 1090 446 veritas

198 468 348 511 exstitisset
359 493 366 501 .
393 469 539 502 Redditus
551 471 654 508 itaque
666 465 706 506 est
716 465 848 507 Ecclefiae
855 464 921 509 suae
935 487 948 503 ‚
956 464 990 496 Θ
1003 462 1070 496 buic
1079 488 1089 504 ‚

197 529 292 562 quum
314 523 450 552 amittere
467 528 528 551 non
548 516 652 550 debuit
672 541 684 557 ,
710 516 854 559 dignitati
867 510 1090 556 ‚Co-Epiftopus

194 567 290 608 noster
296 567 506 608 Chelidonias,
529 564 603 606 sicut
614 566 764 606 Gestorum
781 565 873 609 serres
885 589 897 605 ,
923 565 958 597 (tt
966 563 1030 604 post
1041 565 1089 596 de-

197 617 315 661 cursam
324 623 513 664 cognationem
517 615 670 661 fintentta
680 640 693 659 ‚
703 628 769 660 quae
781 619 802 651 ἃ
811 615 894 650 nobis
899 613 1021 658 prolata
1031 613 1069 654 est
1078 638 1089 655 ,

195 668 322 710 testatw
333 693 341 701 .

250 717 355 754 Aliud
378 717 435 752 ille
454 713 680 753 Encomiastes
699 740 712 757 ,
736 713 837 760 longe
860 713 950 750 aliud
973 713 1087 748 scribit

190 768 349 814 ’Magnus
361 767 433 802 Leo
443 794 450 800 .
478 769 538 802 Ille
548 767 714 802 Hilarium
737 766 772 799 in
785 766 938 800 Romana
949 763 1089 808 Synodo

190 819 312 854 -viciss‘e
332 829 370 853 ac
391 818 619 861 triumphasse,
645 815 701 850 h'ic
713 817 852 850 affirmat
864 816 958 850 fuiffe
970 813 1088 850 convi-

196 870 288 904 &um
297 879 396 911 atque
405 869 579 903 confusum
590 893 602 908 ,
614 866 728 909 utpote
744 867 799 907 qui
812 876 870 910 pro
882 867 941 900 suo
953 866 988 899 in
995 862 1087 900 'Che-

190 919 366 954 lidonium
377 917 503 960 judicio
516 916 600 949 nihil
611 915 804 950 rationabile
824 916 969 959 potuerit
990 915 1087 950 addu-

197 979 291 1004 cere.
318 968 414 999 Hinc
431 966 467 999 in
481 965 562 998 iram
582 963 731 1008 abreptus
753 967 900 1010 prorupit
922 965 956 999 in
969 965 1088 1000 mentis

192 1026 364 1052 tumorem
376 1037 388 1054 ‚
411 1014 446 1048 in
458 1016 592 1050 suorum
615 1027 810 1050 arcanorum
823 1017 1086 1060 propalationem

192 1066 236 1102 in
257 1065 436 1100 insolentes
455 1065 620 1100 sermones
640 1090 654 1107 ,
679 1077 763 1111 quos
785 1066 967 1101 Laicorum
987 1077 1087 1101 nemo

192 1115 326 1157 dicere,
352 1126 453 1149 nemo
464 1115 678 1150 Sacerdotum
697 1117 802 1160 pofl'et
822 1116 953 1151 audire.
981 1116 1025 1151 Et
1034 1117 1086 1152 ad·

194 1165 310 1211 junxit
322 1167 567 1201 contumaciam
579 1192 591 1209 ,
612 1166 653 1200 de
660 1178 725 1211 qua
735 1166 967 1212 Scriptoriste:
990 1171 1031 1206 In
1043 1168 1089 1200 di·

189 1215 334 1261 [trimme
343 1221 422 1250 νίκα
435 1215 542 1259 pofitus
551 1242 563 1259 ,
590 1217 705 1261 utique
721 1217 808 1262 apud
820 1217 953 1254 Urbem
967 1217 1088 1252 Roma-

192 1277 298 1308 nam,
323 1266 554 1301 communioni
574 1267 643 1311 ejus
663 1290 675 1307 ,
699 1267 853 1303 videlicet
873 1265 1088 1309 Chelidonii,

1156 210 1226 255 post
1239 209 1465 254 Appendicem
1473 207 1699 246 Theodosiani
1711 211 1848 251 Codicis
1861 239 1868 246 .
1879 211 2035 249 Affirmat

1154 260 1373 306 appellantem
1389 260 1408 294 a
1429 259 1488 294 fibi
1516 271 1573 304 per
1584 270 1710 295 tantam
1721 265 1890 304 Synodum
1911 264 2036 300 inflicta

1154 310 1385 356 degradatione
1406 310 1594 345 Maximum
1615 310 1709 345 fuiffe
1728 310 1748 344 ὲ
1765 314 1883 350 Sansto
1891 315 2038 351 Damaso

1157 362 1322 396 Pontifice
1332 374 1370 396 ac
1382 361 1451 405 ejus
1462 361 1600 404 Synodo
1609 361 1763 406 agnitum
1784 373 1842 404 pro
1851 365 2013 409 Episcopo
2025 388 2038 405 ,

1155 411 1253 456 atque
1284 412 1332 446 ita
1376 411 1549 446 admissum
1581 409 1622 446 ad
1656 409 1815 454 judicium
1859 417 2041 450 retractato.

1155 463 1253 497 rium.
1278 461 1425 496 Plurima
1438 463 1512 496 sunt
1521 460 1711 506 hujusmodi
1721 462 1881 506 exempla.
1892 464 2041 501 Eandem

1155 512 1301 558 regulam
1323 513 1358 546 in
1370 512 1551 557 degradato
1572 524 1610 548 ac
1630 511 1815 557 appellante
1836 511 2042 549 Chelidonio

1157 564 1282 598 secutus
1303 562 1364 598 fuit
1376 562 1523 608 Magnus
1546 563 1619 598 Leo
1638 561 1817 598 Pontifex:
1846 562 1938 597 Hinc
1959 575 2042 598 vana

1157 614 1219 647 fuit
1232 614 1355 648 Hilarii
1369 614 1578 658 querimonia
1589 638 1597 647 .
1626 614 1672 648 Et
1683 611 1738 647 hic
1749 612 1814 647 suit
1824 613 1945 657 primus
1953 613 2043 648 illius

1155 663 1300 698 excelsus
1312 687 1320 695 .

1207 713 1374 748 Secundus
1385 714 1448 748 fuit
1460 738 1471 755 ,
1493 713 1583 759 quod
1596 714 1718 759 Papale
1727 713 1769 749 de
1779 711 1987 749 Chelidonio
1997 714 2045 758 ju·

1155 762 1282 798 dicium
1296 774 1462 808 protervus
1472 765 1624 808 spreverit
1635 789 1646 805 ,
1670 765 1766 799 illum
1774 764 1920 799 noluerit
1943 776 2045 810 agno-

1157 813 1242 850 scere
1252 824 1289 848 ut
1301 814 1498 860 Episcopum
1507 839 1519 856 ,
1545 826 1608 849 nec
1622 815 1678 858 ipsi
1700 824 1738 849 ut
1748 815 1808 849 tali
1819 817 2044 850 communica-

1156 875 1190 899 re
1205 889 1214 898 .
1242 864 1377 899 Tertius
1386 866 1453 905 est,
1476 865 1568 909 quod
1580 865 1690 900 Roma
1711 866 1876 909 aufugerit
1894 866 2046 900 insaluta-

1156 922 1192 950 to
1203 913 1369 950 Pontifice
1381 940 1391 949 .
1419 914 1647 962 Utique-post
1667 914 1856 950 absolutum
1876 926 1913 949 ac
1924 926 2046 960 repara·

1154 975 1226 999 turn
1238 963 1479 1001 Chelidonium
1493 990 1501 999 .
1529 967 1583 1000 Ex
1607 965 1711 1001 nimia
1730 967 1957 1010 impatientia.
1985 967 2045 1000 Pa·

1156 1014 1297 1049 schafius
1306 1013 1507 1061 Qesnellus
1516 1015 1626 1050 scribit
1634 1018 1794 1061 egressum
1803 1026 1883 1051 ante
1904 1027 2050 1061 pronun·

1155 1065 1271 1100 tiaram
1289 1063 1506 1098 sententiam.
1533 1061 1661 1096 verram
1688 1066 1778 1107 plura
1799 1068 1914 1102 -Sancti
1924 1065 2050 1102 Leonis

1156 1114 1251 1150 verba
1269 1114 1377 1159 palam
1398 1112 1544 1148 innuunt
1564 1112 1773 1156 oppositum.
1793 1118 1960 1162 Qarmm
1979 1117 2050 1160 ejus

1155 1167 1319 1200 excessum
1333 1163 1435 1199 edicit
1445 1164 1580 1199 Sanctus
1593 1163 1665 1198 Leo
1675 1162 1712 1196 in
1724 1162 1841 1197 litteris
1863 1168 1905 1198 ad
1919 1167 2053 1208 Episco-

1155 1227 1216 1260 pos
1231 1213 1430 1251 Viennensis
1446 1212 1649 1250 Provincia.-
1676 1217 1751 1246 Non
1773 1211 1857 1247 nobis
1879 1215 2051 1248 ordinatio·

1160 1278 1215 1301 nes
1231 1265 1395 1306 vestrarum
1410 1267 1641 1300 Pro-camerarum
1650 1263 1844 1306 defendimus
1855 1265 1955 1308 ,quod
1960 1262 2052 1305 potefi

189 1326 298 1362 quem
320 1327 397 1351 cum
411 1318 512 1352 tantis
535 1317 614 1352 viris
623 1342 634 1358 ,
661 1318 747 1352 inter
770 1329 855 1362 quos
865 1318 1000 1354 Sanctus
1009 1317 1090 1352 Ger-
1146 1314 1276 1359 forfitan
1286 1317 1332 1350 ad
1337 1316 1550 1359 depravandos
1560 1315 1740 1349 sanamus
1750 1314 1857 1355 vestrae
1865 1320 1982 1349 animos
1994 1318 2054 1350 Ht-

187 1377 315 1403 {nanus
332 1390 345 1407 ,
381 1366 587 1402 Antifiodori
614 1368 797 1412 Episcopus
813 1393 824 1409 ,
855 1366 1086 1408 damnaverat,

191 1416 359 1461 conjungi
381 1416 570 1453 nullatenus
586 1418 750 1462 acquievit
764 1444 773 1452 .
799 1419 917 1461 Papale
921 1427 981 1462 pro
990 1418 1088 1453 Cbelt-

193 1467 435 1510 domJudictum
444 1468 572 1511 probare
591 1470 793 1504 &admittere
816 1475 1023 1504 contumaciter
1035 1481 1091 1503 no-

186 1517 254 1553 scat
275 1529 287 1552 a
310 1520 419 1551 Noluit
441 1518 615 1553 chelidonio
637 1528 672 1553 ut
693 1518 838 1556 Epist-op·
860 1525 1090 1550 commeantem-

195 1568 280 1599 Hinc
300 1564 464 1608 custodibus
484 1565 626 1607 appofitts
644 1589 656 1605 ,
682 1563 790 1603 hyemis
813 1568 908 1606 rigore
927 1561 1093 1605 saeviente,

193 1615 271 1654 quos
279 1608 397 1641 ratione
407 1617 467 1639 nm
470 1608 602 1646 flexerat
610 1631 622 1647 ,
638 1611 767 1640 credtdtt
773 1610 978 1650 relinquendos
987 1631 995 1640 .
1006 1610 1057 1643 Po
1062 1621 1093 1642 n-

193 1659 289 1695 tifice
310 1655 490 1691 insalutato
510 1656 661 1701 aufugit.
691 1655 802 1691 Verba
814 1681 827 1698 ‚
854 1656 1029 1691 custodibus
1041 1666 1092 1700 ap-

193 1707 298 1754 pofitts
320 1730 333 1748 ,
359 1706 506 1741 innuunt
524 1706 644 1742 durum
669 1706 840 1742 Hilarium
864 1707 957 1743 fuiffe
978 1706 1092 1753 Papali

199 1758 343 1807 juffione
352 1780 365 1798 ,
390 1767 432 1790 ne
443 1757 570 1802 fugeret
585 1782 597 1799 ‚
622 1757 707 1792 arete
718 1757 921 1792 custoditum
932 1783 941 1790 .

248 1806 410 1843 Notanda
431 1808 508 1842 sunt
527 1805 598 1842 haec
618 1808 814 1843 Laudatoris
834 1807 930 1842 verba
951 1820 959 1841 :
987 1810 1093 1842 Tamo-

196 1869 268 1894 νων)
279 1863 415 1893 ῡὶνοηιηι
425 1882 438 1900 ,
458 1856 632 1902 presertim
633 1861 705 1901 jam
726 1860 772 1892 ad
777 1857 942 1901 supernam
958 1865 1093 1903 gratiam

198 1917 375 1944 vocatorum
385 1933 398 1950 ‚
425 1915 478 1943 nec
489 1914 522 1942 tn
534 1914 707 1943 narratione
729 1910 821 1943 audeo
823 1910 943 1950 jndicio
962 1910 1094 1943 ventila-

197 1970 233 1994 re
254 1983 262 1992 .
290 1956 463 2003 Pafthasms
488 1957 667 2004 ,Quesnellus
687 1970 745 1993 non
764 1959 874 2001 probat
896 1959 974 1993 banc
997 1961 1094 1993 mode-

197 2009 292 2053 βίω»
313 2023 326 2044 .·
350 2010 501 2044 Revelara
511 2009 618 2052 fronte
637 2012 784 2053 asseverat
806 2010 947 2043 Sam‘lum
966 2013 1094 2044 Leonem

194 2061 384 2104 graviter&
393 2060 598 2102 multipliciter
609 2061 742 2104 exceffisse
750 2085 757 2093 .
787 2059 883 2094 Hinc
893 2061 1094 2095 demonstra-

198 2120 238 2145 re
248 2119 353 2154 cogor
373 2109 537 2146 exceffiffe
558 2110 746 2146 Hilarium.
773 2107 863 2145 Ante
873 2110 1094 2145 Sardicensem

199 2159 379 2202 synodum
389 2159 491 2204 aliqui
500 2156 578 2194 hinc
588 2158 664 2194 inde
676 2160 900 2205 Metropolitae
909 2160 1094 2206 degradatis

198 2206 222 2242 ὶ
234 2210 266 2243 se
274 2209 448 2253 Episcopis
457 2220 539 2244 mox
549 2210 786 2245 consecrabant
805 2211 1015 2245 successorem
1026 2235 1037 2252 ,
1062 2211 1096 2246 δε

199 2258 364 2294 Romana:
373 2258 589 2304 appellationi
601 2260 708 2295 solum
719 2260 842 2295 dabant
865 2260 1096 2296 devolutivum

199 2309 372 2349 effestum,
399 2320 469 2343 non
483 2308 717 2355 suspensivum.
748 2310 990 2346 Adversabatur
1004 2312 1094 2356 Apo·

201 2358 322 2394 stolico
342 2359 479 2395 Canoni
500 2385 508 2392 .
535 2360 629 2395 Hinc
650 2371 782 2405 quartus
803 2360 938 2396 laudatae
967 2361 1093 2406 Synodi

202 2409 324 2443 Canon
345 2409 388 2444 de
407 2410 594 2454 appellante
616 2411 761 2446 Romam
783 2411 949 2457 Episcopo
967 2412 1095 2447 edixit:

204 2463 281 2492 Non
298 2459 384 2500 prit'cs
404 2464 438 2491 in
459 2460 647 2494 Catbedram
669 2463 746 2495 aliur
761 2460 980 2505 substituatur,
1005 2474 1095 2506 quam

207 2512 355 2542 Romanus
371 2506 540 2551 Episcopus
550 2508 642 2553 causa
651 2517 766 2554 cognita
782 2511 965 2554 sententiam
976 2515 1078 2547 tulerit
1088 2539 1095 2545 .

202 2557 322 2593 Edixit
343 2568 399 2601 per
411 2557 668 2602 appellationem
682 2561 830 2604 suspendi
844 2562 1068 2606 Metropolitae
1085 2588 1095 2604 ,

202 2618 261 2644 aut
276 2608 375 2643 etiam
388 2607 582 2644 Patriarchae
592 2609 771 2653 judicium,
796 2611 1012 2655 appellantem
1030 2624 1095 2657 per-

203 2669 335 2694 manere
348 2658 572 2703 Episcopum,
598 2659 728 2704 spoliari
750 2672 820 2695 non
842 2663 953 2706 poffe,
980 2663 1095 2707 spolia-

203 2718 276 2743 tum
290 2708 385 2752 plene*
395 2708 630 2745 restituendum
640 2736 650 2752 ‚
677 2722 720 2746 ne
731 2711 839 2746 nudus
859 2724 898 2747 ac
909 2713 1042 2747 inermis
1051 2724 1094 2748 te·

204 2768 322 2793 fleatur
331 2771 407 2793 cum
418 2771 547 2795 armato
557 2761 776 2805 Metropolita
789 2786 801 2803 ,
825 2774 864 2798 ac
876 2762 943 2807 ejus
955 2764 1093 2806 Synodo

204 2809 341 2853 praeliari
353 2835 361 2841 .
385 2811 479 2845 Hinc
491 2823 551 2855 pro
561 2811 716 2846 Maximo
727 2812 862 2856 Cynico
873 2837 884 2854 ,
909 2813 964 2858 qui
975 2814 993 2847 ὲ
1004 2814 1093 2849 Con-

204 2859 499 2904 stantinopolitana
518 2861 658 2906 Synodo
678 2862 870 2907 degradatus
884 2864 1024 2898 Romam
1041 2876 1093 2908 ap-

206 2909 384 2950 pellaverat
397 2935 408 2951 ,
430 2911 465 2945 &
478 2912 512 2945 in
523 2911 613 2955 cujus
623 2913 817 2955 appellantis
828 2913 937 2948 locum
949 2913 1004 2948 illa
1015 2926 1093 2949 con—

208 2958 386 2995 secraverat
399 2961 591 2996 Nectarium
604 2986 614 3001 ,
640 2961 680 2996 ad
691 2963 922 3006 Imperatorem
934 2963 1094 2999 Theodo-

208 3006 289 3041 tium
307 3010 497 3054 scripserunt
522 3012 653 3046 Sanssius
665 3012 856 3047 Ambrosius
876 3015 909 3048 δε
921 3015 1092 3048 caeterilta-

208 3055 262 3089 liae
277 3057 426 3104 Episcopi
440 3075 451 3095 .·
478 3061 680 3107 Priusquam
702 3072 914 3099 attentaretur
938 3065 996 3098 ista
1006 3065 1092 3098 Con-

208 3106 346 3141 sectatio
366 3133 377 3148 ,
399 3111 526 3153 constare
550 3118 677 3155 oportuit
698 3139 709 3155 ,
744 3114 843 3147 umim
863 3113 931 3148 huic
953 3115 1091 3159 abrogan-

209 3156 285 3189 dum
300 3180 311 3197 ,
336 3160 425 3198 quim
435 3163 487 3196 alit
495 3162 907 3205 conferendumsacerdotium
919 3167 1072 3199 videretur
1086 3190 1092 3198 .

209 3209 316 3249 Itaque
327 3217 392 3240 cum
403 3211 569 3246 Maximum
579 3213 760 3258 Episcopum
781 3223 951 3256 receperunt
976 3221 1007 3248 in
1022 3227 1093 3249 com-

209 3261 377 3290 munlmem
389 3258 484 3297 7¹0stra
494 3262 645 3305 Consoma
657 3290 668 3306 ,
693 3271 832 3308 quoniam
854 3277 921 3299 eum
930 3267 950 3297 ci
962 3265 1093 3299 Catholi-

208 3310 253 3338 cls
264 3306 390 3346 constitit
402 3307 556 3351 Episcopls
567 3314 736 3349 ordinatum
745 3340 756 3356 ,
783 3327 834 3349 nec
846 3314 884 3349 ab
898 3314 1094 3359 Episcopatus

206 3355 524 3400 constantinopolitam
557 3366 696 3402 petitione
729 3372 909 3407 putavimus
944 3378 1093 3400 removen-

208 3406 298 3440 dum·
325 3407 439 3444 Exstat
448 3409 584 3455 epistola
600 3413 683 3455 apud
704 3415 862 3456 Iacobum
883 3415 1094 3452 Sirmondum

1153 1368 1249 1402 larius
1256 1375 1313 1410 pro
1320 1365 1375 1410 suo
1382 1377 1460 1400 more
1467 1370 1609 1401 mentiri.
1635 1365 1786 1413 Qintus
1806 1366 1950 1400 exceffus
1973 1362 2021 1399 est
2037 1389 2051 1405 ,

1155 1417 1245 1463 quod
1258 1428 1328 1452 non
1338 1417 1510 1452 dumtaxat
1529 1417 1566 1451 in
1577 1416 1724 1450 Galliam
1735 1414 1841 1451 redux
1853 1440 1865 1457 ‚
1894 1413 1948 1450 sed
1967 1415 2001 1449 δε
2014 1414 2053 1449 in

1155 1469 1243 1503 alma
1266 1467 1368 1510 urbe,
1395 1480 1434 1504 ac
1453 1468 1488 1502 in
1503 1469 1571 1512 ipsa
1583 1465 1700 1511 Papali
1711 1465 1852 1510 Synodo
1871 1466 2056 1500 effutiverit

1155 1518 1334 1553 insolentes
1345 1530 1387 1553 ex
1397 1518 1567 1554 iracundia
1577 1518 1754 1557 sermones,
1765 1527 1849 1561 quos
1860 1517 1961 1550 nullus
1974 1519 2061 1549 Lai·-

1155 1575 1252 1599 corum
1262 1570 1359 1602 dicere
1370 1593 1382 1608 ,
1407 1569 1509 1603 nullus
1521 1570 1711 1602 sacerdotum
1716 1567 1808 1611 poffet
1817 1569 1925 1601 audire
1937 1592 1944 1600 .

1207 1615 1279 1655 Qu
1297 1615 1340 1650 ab
1359 1615 1495 1651 Hilario
1517 1617 1689 1650 Romanas
1709 1617 1965 1657 Appellationes
1975 1627 2050 1650 cen-

1156 1658 1227 1701 sent
1237 1666 1378 1691 tentatas
1386 1661 1497 1691 excuti
1508 1680 1519 1698 ‚
1543 1663 1621 1691 nant
1630 1664 1665 1690 in
1681 1664 1786 1699 ipsum
1798 1665 1942 1703 graviter
1954 1665 2047 1705 inju-

1156 1706 1195 1741 rii
1207 1731 1214 1739 .
1239 1707 1362 1742 Omnis
1372 1707 1411 1740 lis
1431 1707 1495 1741 fuit
1507 1718 1576 1741 non
1588 1706 1628 1740 de
1638 1705 1817 1743 substantia
1828 1733 1838 1750 ,
1866 1709 1919 1744 sed
1931 1710 1972 1745 de
1982 1713 2050 1746 for·

1156 1768 1211 1792 ma
1224 1756 1399 1792 sardicensi
1410 1782 1419 1790 .
1443 1756 1482 1791 Iu
1493 1754 1687 1792 Chelidonii
1696 1758 1900 1801 reparatione
1912 1761 2052 1797 damna·

1158 1808 1205 1842 vit
1215 1807 1286 1842 duo
1295 1831 1303 1839 .
1329 1806 1444 1842 Primo
1454 1806 1666 1851 reparationis
1675 1806 1815 1845 modum
1829 1835 1836 1842 .
1848 1810 2054 1848 Revestitio--

1157 1867 1332 1905 nemante
1341 1869 1444 1893 omne
1466 1857 1646 1901 judicium.
1675 1858 1842 1894 Clamavit
1863 1861 1962 1896 illum
1974 1874 2044 1897 non

1155 1919 1199 1943 ex
1209 1908 1351 1943 Canone
1363 1932 1376 1949 ,
1401 1908 1545 1952 ideoque
1556 1920 1625 1944 non
1634 1918 1678 1943 ex
1689 1910 1799 1944 SanCti
1810 1910 1899 1946 Petri
1913 1911 2035 1949 Privile
2044 1930 2052 1939 ·

1156 1960 1215 2003 gio
1225 1969 1406 2003 reparatum
1417 1982 1428 1999 ‚
1441 1959 1498 1993 sed
1510 1959 1672 1994 violenter
1681 1971 1736 2005 per
1748 1961 1946 2004 potentiam,
1956 1962 2050 1998 ideo*

1157 2021 1223 2053 que
1243 2009 1300 2054 ipfi
1326 2009 1434 2044 noluit
1452 2009 1502 2044 uti
1524 2009 1691 2053 Episcopo
1700 2011 1947 2047 communicare
1961 2036 1968 2045 .
1995 2014 2047 2049 At

1158 2060 1270 2095 inania
1292 2058 1445 2094 clamasse
1467 2059 1627 2095 evincunt
1644 2059 1712 2095 haec
1736 2060 1831 2097 verba
1851 2062 2047 2099 Pontificis:

1158 2108 1316 2154 Absolutus
1335 2109 1374 2150 est
1385 2107 1579 2145 chelidonius
1592 2109 1773 2154 Episcopus,
1800 2119 1941 2155 quoniam
1956 2113 2048 2158 sein-

1152 2159 1233 2201 juste
1244 2162 1410 2195 sacerdotio
1421 2159 1510 2203 futffe
1528 2161 1676 2202 dejeaum
1685 2162 1845 2204 manifesta
1865 2164 1980 2205 testium
1989 2165 2048 2209 res-

1154 2209 1313 2252 ponfione,
1337 2207 1400 2252 ipso
1409 2215 1503 2243 ettam
1517 2209 1668 2253 praeJ'ente
1689 2212 1925 2255 monstraverat,
1952 2221 2000 2250 tta
2012 2226 2051 2250 ut

1157 2261 1237 2303 quod
1245 2261 1384 2295 Hilarius
1394 2257 1542 2302 nobiscum
1552 2259 1679 2302 refidens
1693 2262 1783 2305 poffet
1792 2270 1936 2305 opponere
1949 2289 1960 2305 ‚
1986 2277 2050 2299 non

1157 2309 1278 2344 baberet
1287 2335 1296 2343 .
1322 2313 1475 2344 Remorum
1484 2309 1678 2352 estiudlctum
1690 2336 1701 2353 ,
1710 2313 1794 2355 quod
1802 2313 1842 2346 ab
1851 2315 1965 2348 Htlario
1975 2323 2047 2357 pro-

1157 2362 1254 2394 latum
1265 2364 1297 2394 in
1309 2358 1523 2404 bacsententta
1538 2361 1692 2405 legebatur
1704 2387 1711 2394 .
1740 2361 1961 2399 Chelidonias
1970 2390 1981 2406 ,
2008 2366 2046 2399 li.

1157 2421 1210 2446 cet
1232 2410 1278 2445 ob
1298 2411 1493 2446 invocatum
1511 2412 1622 2447 Sancti
1643 2411 1729 2448 Petri
1750 2414 1914 2449 auxilium
1936 2415 2051 2451 statim

1157 2460 1347 2503 reindutus,
1372 2471 1484 2496 tamen
1507 2473 1576 2496 non
1589 2462 1647 2496 nisi
1668 2464 1738 2506 post
1751 2464 1885 2507 plenum
1906 2478 2048 2501 examen

1156 2512 1220 2546 suit
1233 2518 1406 2556 purgatus,
1432 2522 1472 2545 ac
1492 2511 1528 2543 in
1542 2511 1727 2554 Episcopali
1739 2515 1844 2558 gradu
1866 2514 2049 2550 stabilitus.

1207 2559 1304 2596 Alter
1319 2558 1574 2594 Hilariiclarnor
1584 2561 1649 2593 suit
1665 2560 1765 2606 longe
1775 2563 1930 2599 audacior
1940 2591 1947 2599 .
1977 2566 2048 2600 Au-

1155 2610 1284 2646 diamus
1303 2620 1372 2645 rem
1392 2608 1436 2644 ab
1456 2610 1527 2653 ipso
1546 2608 1715 2645 Pontifice
1738 2635 1745 2643 .
1774 2612 1938 2649 Divinum
1953 2639 1963 2654 ‚
1989 2618 2048 2660 qui

1154 2662 1254 2697 etiam
1267 2661 1301 2695 in
1312 2660 1510 2696 Succeffores
1522 2659 1705 2695 traducitur
1714 2686 1725 2702 ,
1737 2662 1844 2696 Saneti
1856 2663 1946 2698 Petri
1956 2663 2051 2710 Apo·

1155 2711 1231 2747 stoli
1242 2711 1423 2746 Primatum
1440 2710 1577 2754 exponit
1595 2711 1737 2756 eleganti
1757 2723 1796 2746 ac
1810 2711 1940 2749 sublimi
1957 2727 2048 2750 cotn-

1155 2761 1278 2807 pendio
1300 2786 1312 2802 ,
1336 2772 1435 2806 atque
1455 2761 1656 2805 prosequitur
1677 2774 1689 2795 .·
1714 2763 1824 2796 Veritm
1845 2763 1922 2798 hanc
1945 2767 2047 2800 Petrae

1155 2812 1238 2854 istius
1260 2811 1689 2854 Sacrattffimaemfirmitatem,
1714 2815 1778 2847 Deo
1795 2814 1964 2858 aedificante
1983 2827 2048 2850 con·

1147 2862 1290 2904 structam
1304 2887 1315 2903 ‚
1340 2868 1433 2896 nimis
1453 2866 1550 2905 impia
1571 2863 1639 2896 vult
1655 2862 1889 2908 presumptione
1902 2867 2017 2899 violare
2032 2890 2045 2905 ,

1152 2911 1287 2957 quisquis
1309 2915 1374 2955 ejus
1398 2911 1570 2955 potestatem
1599 2921 1697 2947 tentat
1724 2914 1888 2958 infringere
1900 2915 2043 2957 favendo

1153 2963 1369 3006 cupiditatibus
1391 2961 1452 3005 sut:
1476 2987 1487 3004 ,
1522 2964 1557 2998 Ο·
1577 2964 1613 2996 id
1636 2965 1716 3006 quod
1737 2970 1848 3005 accepit
1877 2965 1899 2996 ἃ
1924 2967 2041 2999 Veteri·

1153 3015 1227 3054 bus,
1253 3025 1310 3046 non
1335 3012 1484 3056 sequendo
1501 3039 1508 3046 .
1538 3014 1614 3048 Ciam
1637 3015 1711 3047 nulli
1728 3011 1762 3056 se
1778 3012 1933 3056 subditum
1955 3015 2039 3059 legt,

1155 3065 1246 3098 nulltr
1257 3062 1446 3104 institutionis
1459 3068 1621 3098 Dominicae
1635 3065 1736 3097 credat
1746 3063 1855 3107 regulis
1875 3070 2021 3099 contineri
2031 3089 2045 3107 ,

1159 3118 1180 3148 ἃ
1200 3114 1294 3155 vestro
1315 3113 1458 3157 nostroque
1475 3122 1529 3155 per
1537 3112 1733 3156 usurpatioms
1745 3111 1888 3147 ambitum
1897 3126 1975 3149 more
1993 3117 2046 3150 de·

1150 3164 1274 3209 sciscens
1283 3163 1489 3207 pra-sumendo
1509 3164 1636 3205 illicita,
1664 3165 1778 3205 &quae
1796 3163 1934 3204 custodire
1942 3165 2045 3200 debuit

1158 3216 1325 3260 negligendo
1336 3239 1343 3246 .
1373 3211 1547 3248 Verambaec
1555 3225 1608 3246 nos
1619 3239 1629 3254 ,
1651 3212 1780 3256 servata
1796 3216 1874 3248 ciret>
1884 3226 1939 3248 vos
1950 3215 2043 3258 nostri:

1156 3266 1316 3299 charitatis
1325 3268 1449 3308 gratia,
1473 3275 1565 3306 quam
1585 3263 1747 3298 sanffltatt
1771 3264 1875 3305 vestrae
1885 3265 2044 3308 apostolica

1152 3315 1267 3359 semper
1288 3316 1378 3348 sedes
1404 3315 1550 3355 impendit
1572 3338 1583 3354 ,
1610 3319 1734 3347 nitimur
1753 3315 1861 3357 confilio
1882 3321 2044 3350 maturiore

1158 3372 1318 3410 corrigere,
1343 3363 1547 3403 &vestrarum
1562 3363 1751 3406 Ecclefiarum
1763 3364 1893 3408 statum,
1918 3377 2043 3400 commu·

1160 3422 1255 3451 nicaeo
1278 3412 1424 3457 vobiscum
1443 3414 1562 3456 labore,
1586 3423 1772 3459 componete,
1798 3428 1858 3452 non
1869 3428 1950 3452 nova
1966 3413 2043 3454 msti-

1912 3474 1995 3499 tuen-
