2326 3718
399 163 459 217 36

324 241 437 276 sertim
455 250 514 284 pro
524 234 618 271 Italia
641 234 812 273 &Gallim
841 236 890 272 At
911 236 998 282 quod
1012 236 1076 271 lata
1087 246 1156 270 non
1170 236 1207 270 sit

322 303 384 335 pro
393 289 548 325 omnibus
559 286 756 330 temporibus
770 312 780 328 ,
807 286 853 322 est
865 288 1001 332 insignis
1011 298 1118 321 error.
1147 285 1206 319 Illa

322 341 411 375 enim
422 336 630 372 confirmavit
641 362 652 379 ,
678 339 762 373 acin
776 338 1005 372 executionem
1019 337 1105 371 misit
1117 335 1206 379 Apo·

320 389 473 423 ssoiicum
495 386 691 428 Canonem,
720 399 818 433 quem
843 387 1062 422 Barbarorum
1080 386 1205 420 violen-

317 439 391 479 tiae,
415 438 498 472 dicet
512 448 572 482 pro
582 447 738 482 'tempore
749 437 1017 472 dissimulandum
1032 436 1184 471 suaserint
1194 458 1205 474 ‚

315 498 387 524 non
396 495 505 522 tamen
533 497 709 533 potuerunt
720 487 961 522 circumducere
973 513 980 521 .

364 536 508 573 Proinde
530 537 856 583 quod-Apostolicus
878 538 996 572 Canon
1020 560 1030 576 ,
1065 537 1120 580 qui
1142 535 1204 578 pri-

305 598 406 623 mam
417 587 457 624 de
468 587 680 629 Patriarchis,
712 586 950 632 Autocephalis
962 586 1119 620 Exarchis
1134 608 1143 624 ‚
1169 585 1200 619 δε

309 638 463 674 ‘Romani
485 636 741 680 patriarchatus,
767 639 789 672 si
810 638 913 672 solam
937 636 1067 670 forsitan
1092 634 1200 670 demas

310 687 461 725 ‚Africam
483 714 494 731 ,
521 688 747 733 Metropolitis
770 687 1001 733 cognitionem
1042 685 1198 728 privative

300 739 416 774 rdefert
438 740 596 774 Romano
617 737 799 778 Pontifici,
825 737 925 771 etiam
948 735 1019 779 post
1043 735 1136 770 istam
1154 735 1195 769 le-

298 800 387 837 'gem
400 791 522 832 semper
533 788 673 834 viguerit
683 812 694 828 ,
715 787 792 822 licet
804 786 934 822 abunde
943 785 1194 821 demonstratum

310 834 374 879 sit,
401 838 570 873 ostendere
593 838 698 882 placet
720 837 791 872 aliis
814 837 922 872 adhuc
942 836 1136 870 testimoniis
1161 836 1194 870 δε

307 889 467 933 exemplis
479 913 486 920 .
513 889 655 932 Oportet
676 887 805 932 penitus
822 886 986 921 obstruere
1005 887 1193 929 osloquen-

307 936 391 973 tium
405 939 519 983 iniqua
534 965 541 972 .
568 938 733 973 Memnon
749 936 982 980 Ephesinorum
997 935 1194 979 Episcopus,

308 1000 347 1023 nc
362 990 509 1023 Afiaticae
519 989 706 1024 Dioeceseos
729 983 919 1026 Exardms,
946 987 1038 1019 suum
1059 984 1192 1028 Presby-

306 1047 414 1073 terum
428 1039 614 1073 Baffianum
633 1050 673 1072 ex
683 1036 804 1080 quibus
815 1035 924 1068 nescio
945 1034 1044 1068 causis
1056 1045 1133 1068 vnon
1147 1035 1190 1068 di.

304 1087 432 1133 ligebat
442 1114 454 1129 ,
481 1090 620 1131 ideoque
633 1088 736 1128 ipsium
749 1108 760 1124 ‚
788 1092 825 1118 ut
836 1082 855 1116 ὲ
869 1083 930 1117 suis
943 1094 1106 1118 amoveret
1118 1096 1190 1118 ocu—

804 152 892 199 De
925 150 1300 198 GnrucaNAE
1330 147 1664 197 'Ecczssns'

1267 231 1306 267 de
1317 234 1468 271 Ecclesiae
1478 239 1539 272 suae
1549 238 1711 284 dignitate
1721 259 1733 278 2
1759 238 1791 274 δι
1804 239 1833 275 ei
1844 239 1967 277 donata
1978 251 2041 285 per
2058 239 2145 286 ipsos

1267 283 1447 325 Apostolos
1467 287 1705 333 Autocephalia
1736 288 1925 326 instruxerit
1942 317 1954 334 ,
1980 302 2076 336 atque
2097 293 2143 327 ita

1266 333 1375 367 binam
1387 335 1434 368 sui
1445 335 1657 383 Episcopatus
1666 338 1946 376 confirmationem
1954 335 2140 377 obtinuerit.

1265 384 1394 428 Nempe
1407 386 1488 421 tunc
1498 390 1638 424 necdum
1650 389 1810 433 prodierat
1825 390 1997 436 vigesimus
2007 395 2144 428 octavus

1265 433 1536 471 Chalcedonensis
1549 439 1691 481 Canon,
1716 438 1858 482 ideoque
1876 441 2032 487 Princeps
2052 442 2138 487 judi—

1262 485 1355 519 cabat
1379 485 1468 529 juxta
1478 489 1601 532 regulas
1621 490 1762 533 antiquae
1774 490 1989 525 Hietarchiae.
2015 491 2137 526 Tertio

1261 535 1437 576 docemus„
1465 538 1698 579 quodeunaus
1707 539 1841 574 Proclus
1852 549 1981 584 propter
1990 539 2047 575 ista
2067 552 2138 576 non

1261 586 1446 626 cessaverit,
1471 586 1524 620 sed
1546 589 1696 631 constans
1712 590 1888 633 perrexerit
1907 589 1992 634 apud
2013 589 2139 626 Princi-

1261 647 1333 679 pem
1346 647 1459 682 urgere
1470 638 1523 684 sua
1536 636 1764 675 patriarchalia
1778 642 1867 685 Jura.
1893 637 2037 688 Qand,
2045 640 2138 682 quod

1259 685 1327 721 haec
1348 687 1459 720 omnia
1481 687 1646 721 Bassianus
1656 690 1774 724 timens
1792 689 1925 725 tandem
1943 689 2038 724 iverit
2048 690 2141 725 Con-

1260 736 1507 780 stantinopolim
1521 761 1532 777 ‚
1557 737 1590 770 &
1600 737 1688 781 quod
1703 737 1769 772 illic
1778 738 1932 784 Princeps
1944 740 2049 784 ipsum
2059 751 2136 774 cum

1259 785 1380 820 Proclo
1402 786 1620 831 pacificaverit
1631 810 1638 819 .
1652 786 1769 821 'Haud
1786 789 1885 824 dubie
1903 790 2135 834 peraliquam,

1260 836 1350 870 salvo
1361 837 1528 879 utriusque
1539 836 1636 880 partis
1646 837 1715 880 jure
1725 862 1737 877 ,
1764 838 2039 875 interlocutoriam
2050 849 2135 874 tran·

1259 887 1433 920 factionem
1446 912 1452 918 .
1467 886 1610 969 1Ἕὶηῐό
1621 911 1633 927 ,
1658 887 1747 929 quod
1758 884 1819 921 hac
1830 888 1882 922 via
1891 889 2032 931 placatus
2055 889 2135 931 Pr<>7

1257 936 1327 971 clus
1337 936 1367 969 ei
1378 936 1503 970 dederit
1533 932 1711 979 ynodicam
1721 959 1733 975 ,
1757 934 1889 980 ejusque
1900 932 2137 981 Episcopat'um

1258 986 1352 1029 plene
1372 986 1612 1031 confirmaverit
1622 1012 1630 1018 .
1660 1029 1663 1034 .
1846 1015 1850 1020 .

1305 1036 1389 1083 Qae
1399 1037 1511 1070 omnia
1525 1038 1598 1070 sunt
1611 1034 1708 1079 piane
1719 1037 1876 1077 veriffima
1887 1062 1894 1069 .
1922 1035 1980 1071 Eis
1991 1036 2080 1071 enim
2091 1036 2135 1071 ad

1257 1084 1732 1130 ChalcedonensemSynodum
1741 1087 1906 1122 attestatus
1914 1087 1958 1121 est
1968 1087 2137 1121 Lucianus

304 1138 347 1171 lis
366 1162 375 1176 ,
413 1139 622 1172 reluctantem
649 1133 684 1167 δε
709 1133 968 1169 recalcitrantem
990 1136 1189 1169 consecravit
1256 1136 1364 1178 Byziae
1375 1136 1410 1169 in
1423 1137 1554 1179 Europa
1566 1137 1765 1180 Episcopus.
1793 1136 2136 1180 Gloriosiffimisjudi-

304 1186 493 1221 Evazorum
506 1183 724 1227 Episcopum.
752 1183 800 1218 At
822 1183 900 1218 vero
928 1184 984 1218 ille
1009 1183 1186 1219 Thronum

301 1236 402 1270 istum
413 1234 626 1275 adscendere,
653 1233 757 1268 immo
783 1235 816 1268 &
829 1234 979 1269 accedere
991 1234 1120 1278 penitus
1131 1246 1187 1269 no-

298 1285 364 1319 luit
381 1309 391 1323 ,
419 1285 558 1328 ideoque
579 1283 715 1318 humilis
740 1285 774 1319 δε
795 1284 930 1318 afflictus
953 1285 1123 1328 permansit
1146 1285 1187 1318 Ε-

298 1334 409 1380 phesi.
439 1336 606 1369 Defuncto
619 1332 948 1370 Memnonisuccesfit
971 1334 1128 1375 Basilius,
1153 1335 1186 1369 &

296 1386 421 1429 'deipso
438 1386 602 1419 ssaffianus
612 1384 695 1420 dixit
712 1384 751 1420 ad
762 1383 1065 1420 chalcedonensem
1083 1386 1184 1428 Syno-

295 1436 379 1471 dum
403 1448 409 1468 :
437 1439 466 1468 Is
491 1447 617 1470 evocans
639 1437 801 1470 Concilium
828 1438 995 1470 Provincia
1011 1460 1022 1475 ,
1047 1436 1080 1469 Θ
1100 1447 1184 1479 agno-

296 1485 383 1530 scens
407 1488 579 1521 violentiam
600 1487 816 1529 quamsuerom
839 1486 941 1529 paffus
955 1509 967 1526 ,
992 1486 1026 1521 ὁ·
1047 1491 1185 1527 quoniam

295 1536 482 1570 machinatio
487 1537 591 1578 fuerat
603 1561 613 1577 ‚
629 1540 730 1570 *alium
752 1543 785 1570 in
809 1537 863 1569 illa
877 1541 1004 1569 civitate
1025 1536 1184 1568 ordinavit

291 1585 497 1629 iEpiscopum‚
525 1586 600 1619 mibi
614 1590 684 1621 verb
697 1587 829 1619 reddidit
852 1589 1077 1617 communionem
1102 1581 1183 1615 &lo-

293 1645 362 1667 cans
383 1636 606 1677 Episcopatus.
635 1633 922 1667 Communionem
947 1630 1101 1666 &locum
1123 1640 1183 1663 va·-

291 1683 419 1717 cantivi
434 1682 604 1723 Episcopi.
633 1682 798 1712 Baffianus
821 1681 948 1720 pergit:
976 1681 1110 1719 contigit
1131 1680 1180 1710 ite·

292 1733 364 1765 rum
388 1731 422 1763 e·
451 1729 528 1762 bunc
546 1732 625 1761 ‘vitae
642 1727 733 1770 finem
751 1725 915 1770 suscipere,
940 1738 986 1761 me
995 1734 1095 1759 autem
1118 1737 1182 1759 cum

295 1781 394 1813 muita'
405 1778 561 1817 neceffitate
587 1779 621 1810 ὦ*
634 1783 669 1811 vi
680 1777 958 1811 inthronizaverunt
977 1782 1010 1810 in
1022 1777 1121 1811 eadem
1145 1781 1182 1810 ci·

293 1835 395 1864 vitate
404 1826 516 1870 Ephesi
527 1829 656 1870 Populus
683 1829 836 1862 &clerus
849 1852 858 1868 ‚
882 1825 1064 1871 &Episcopi
1077 1853 1087 1870 ,
1116 1841 1182 1872 quo-

293 1892 366 1914 rum
387 1890 463 1912 unus
487 1878 634 1920 olympius
660 1878 823 1922 Episcopus
845 1878 892 1912 hic
913 1879 951 1920 est
965 1905 973 1912 .
1003 1879 1183 1924 Episcopus

293 1928 695 1964 Theodofio-Poiitanus.
722 1929 929 1973 Omnespost
958 1929 1110 1964 Sanctum
1132 1930 1183 1973 Jo-

291 1990 419 2014 wnem
431 1977 704 2020 Chrysostomum
732 1979 1097 2023 constantinopolitani
1111 1981 1183 2024 Epi·
1207 2008 1212 2014 .

293 2029 391 2073 {copi
401 2036 608 2064 tentaverunt
630 2029 809 2073 Ephefinos
821 2028 991 2064 Exatchos
1014 2031 1066 2064 sua
1079 2029 1184 2065 Auto—

295 2079 448 2124 cephalia
460 2090 577 2114 exuere
587 2102 599 2118 ‚
624 2091 662 2114 ac
675 2079 788 2125 Regia:
799 2080 939 2115 civitatis
948 2078 1094 2114 Throno
1114 2080 1185 2114 sub-

295 2130 398 2175 ·‘Jicere
409 2155 421 2171 ,
446 2139 543 2172 atque
556 2129 602 2164 ita
613 2130 678 2164 sese
689 2130 822 2164 evehere
844 2131 877 2164 in
897 2128 1112 2165 Patriarchas.
1140 2130 1185 2164 Et

298 2179 375 2215 istic
389 2180 469 2215 tunc
481 2179 609 2215 sedebat
619 2180 753 2214 Sanetus
767 2180 921 2219 Proclus‚
947 2179 1070 2213 laudati
1091 2181 1185 2222 Joan-

299 2231 357 2266 nis
368 2230 540 2265 Diaconus
548 2253 559 2270 ,
586 2231 804 2274 omniumque
816 2231 884 2273 ejus
895 2230 1056 2264 Asterum
1077 2230 1184 2263 acerri-

295 2291 374 2316 mus
393 2279 540 2314 defensor
564 2291 603 2314 ac
626 2279 821 2314 Prosecutor
840 2304 846 2311 .
873 2279 966 2312 Hinc
985 2279 1055 2321 ejus
1075 2288 1186 2322 poten-

296 2331 383 2365 ziam
395 2353 406 2369 ,
432 2341 496 2371 qua
511 2340 635 2363 novum
657 2329 854 2372 Episcopum
877 2327 1018 2363 omnino
1032 2339 1098 2362 erat
1110 2340 1187 2363 con-

296 2378 492 2415 :sectandum
503 2379 543 2413 ad
561 2379 631 2412 suas
645 2389 761 2413 manus
771 2387 962 2414 evocaturus
972 2403 983 2419 ‚
1009 2389 1188 2413 metuentes

298 2429 519 2472 Ephesiorum
545 2428 660 2464 clerus
686 2429 720 2463 ὃ(
747 2428 893 2472 Populus
921 2454 933 2470 ‚
966 2429 1188 2463 consecratum

303 2479 490 2514 Bassianum
505 2475 711 2520 exaltarunt,
737 2488 835 2522 atque
847 2479 891 2513 ita
912 2481 944 2512 se
954 2478 1189 2521 praeservandos

301 2531 470 2573 sperarunt
480 2528 498 2562 ὲ
513 2529 626 2562 multis
636 2526 905 2562 contentionibus
917 2551 928 2568 ‚
953 2528 972 2560 ὲ
994 2528 1101 2563 multo
1111 2528 1189 2572 peri-

303 2580 381 2615 culo
391 2580 450 2613 suae
462 2576 650 2612 Exarchalis
661 2576 907 2621 Autocephaliae
917 2601 924 2607 .
950 2576 1114 2613 ssaffinnus
1125 2589 1192 2622 pei·-

299 2630 374 2677 git:
403 2627 566 2672 Agnoscens
591 2634 692 2660 autem
714 2625 786 2660 hac?
799 2627 941 2669 pirffimus
954 2627 1046 2668 noster
1060 2632 1190 2670 Impera-

301 2690 350 2714 tor
362 2705 372 2720 ,
400 2678 521 2719 repente
531 2675 582 2709 boc
590 2676 799 2718 confirmavit,
827 2678 860 2709 ὦ·
875 2680 1010 2710 continuo
1029 2685 1086 2719 per
1106 2682 1191 2710 Com·

298 2733 493 2763 >monitorium
505 2727 608 2768 apert?
616 2726 786 2759 declaravit
798 2750 809 2766 ‚
835 2726 1011 2767 confirmans
1028 2727 1191 2770 Episcopa-

306 2789 387 2813 tum.
418 2776 518 2817 Postea?
540 2777 653 2809 direxit
673 2781 779 2810 iterum
810 2778 931 2809 sacram
945 2785 1002 2819 per
1022 2777 1192 2817 Eustatium

308 2830 535 2866 silentiarium,
559 2837 626 2869 quae
649 2825 830 2868 confirmaret
852 2825 1065 2870 Episcopatum
1085 2853 1091 2859 .
1118 2832 1191 2861 Veni

307 2889 409 2914 autem
419 2884 451 2912 in
461 2880 589 2921 Regiam
603 2876 880 2920 Constantinopolim
893 2899 903 2915 ‚
926 2875 1126 2919 &suscipiens
1139 2888 1191 2910 nos

308 2933 389 2964 idem
401 2939 499 2963 rerum
509 2930 654 2960 Dominus
667 2951 678 2966 ‚
704 2927 741 2959 id
748 2926 786 2966 est
797 2950 808 2966 ,
834 2937 880 2960 me
906 2928 940 2960 ὃ·
951 2938 1016 2960 eum
1027 2951 1038 2967 ,
1063 2933 1115 2970 qui
1127 2936 1192 2961 erat

311 2986 345 3013 in
355 2984 448 3021 Regia
460 2984 585 3011 civitate
598 3002 609 3017 ,
637 2975 817 3019 Episcopum
830 2977 962 3010 Proclum
973 3001 983 3016 ‚
1013 2982 1121 3010 amicos
1140 2988 1191 3010 nos
1238 3008 1242 3012 ,

307 3028 401 3069 fecit.
429 3030 474 3058 Et
487 3028 699 3060 communicavi
706 3037 771 3060 cum
779 3038 810 3060 eo
819 3050 831 3067 ,
850 3027 884 3059 Θ
893 3037 958 3059 cum
971 3027 1103 3060 omnibus
1118 3030 1196 3068 Epi-

310 3076 429 3121 scopis‚
455 3081 507 3117 qui
527 3077 595 3107 tunc
617 3082 755 3118 temporis
763 3075 836 3119 sunt
858 3081 987 3118 reperti.
1014 3080 1058 3109 Et
1072 3076 1192 3119 faciens

315 3128 481 3166 synodicam
505 3126 584 3157 idem
602 3125 794 3165 Sanffiffimus
807 3127 926 3160 Proclus
937 3127 1047 3160 direxit
1072 3128 1106 3160 &¹
1122 3131 1194 3159 civi-

316 3183 397 3216 tati,
423 3176 455 3209 (tt
480 3174 656 3217 Episcopis,
683 3175 869 3209 &Clericin
898 3176 951 3210 Ex
976 3175 1026 3210 his
1036 3175 1193 3210 docemur

316 3226 426 3270 plura.
452 3224 585 3264 Primo,
612 3223 701 3265 quod
723 3224 855 3258 sanctus
865 3226 998 3261 Procius
1014 3225 1105 3260 istam
1127 3224 1194 3259 fine

316 3277 372 3310 sua
384 3271 596 3309 Patriarchali
608 3272 699 3307 venia
714 3296 725 3313 ,
753 3273 806 3306 seu
819 3276 931 3315 praevia
943 3273 1193 3311 confirmatione

316 3327 435 3360 fastam
457 3321 770 3357 lnthronizationem
792 3322 921 3365 peffime
941 3324 1080 3370 ceperit,
1107 3324 1192 3359 ideo·

316 3386 381 3418 que
407 3375 441 3408 &
453 3373 597 3407 minatus
612 3372 649 3405 sit
660 3370 843 3405 Bassianum
866 3376 1048 3410 extrudere.
1075 3375 1193 3409 Secun-

318 3423 364 3460 do
384 3449 396 3468 ,
420 3423 509 3470 quod
530 3421 695 3459 Baffianus
715 3420 945 3467 Imperatorem
964 3422 1193 3462 Theodosium

1253 1185 1347 1219 cibus
1356 1184 1671 1229 interloquentibus,
1689 1187 1957 1227 Revaeiediffimus
1968 1185 2135 1230 Epifiopni

1252 1236 1409 1275 Baffianus
1421 1237 1540 1269 edoceat
1551 1259 1562 1275 ,
1587 1241 1653 1277 quis
1665 1246 1730 1269 eum
1748 1235 1826 1277 fecit
1835 1235 2012 1279 Episcopum
2022 1260 2037 1277 ,
2051 1247 2136 1279 aptae.-

1250 1286 1334 1319 fatus
1355 1285 1522 1320 Lucianus
1535 1285 1718 1327 respondit:
1748 1288 1813 1329 ‚Qut
1827 1284 1932 1318 babuit
1941 1288 2020 1327 Jus,
2043 1283 2136 1327 susce·

1246 1342 1295 1376 pit
1315 1346 1381 1369 eum
1404 1335 1488 1370 bonae
1510 1340 1656 1369 memoria
1680 1338 1819 1368 Proclus.
1844 1339 1891 1368 Et
1913 1334 2043 1378 suscepit
2067 1343 2136 1369 eum

1249 1385 1345 1419 beatae
1353 1391 1500 1419 memoriae
1516 1383 1683 1426 Theodofius
1696 1410 1708 1425 ‚
1726 1386 1866 1426 piifflmus
1877 1389 2060 1427 Imperator:
2088 1388 2135 1418 Et

1249 1446 1360 1470 vocans
1374 1446 1421 1469 eos
1438 1441 1546 1468 amicos
1549 1434 1643 1476 fecit.
1673 1434 1831 1469 Notanda
1841 1436 1919 1469 sunt
1928 1434 2040 1475 verba:
2067 1436 2134 1478 ,Qut

1248 1484 1435 1526 babuitjus.
1463 1485 1640 1519 Affirmant
1650 1483 1732 1518 illud
1753 1485 1790 1518 in
1801 1483 1996 1528 Ephefinam
2013 1484 2133 1519 Eccle—

1247 1535 1322 1565 fiam
1333 1548 1350 1569 ,·-
1372 1543 1410 1563 ae
1422 1538 1557 1563 omnem
1569 1532 1748 1566 Asiaticam
1758 1535 2005 1574 Dioecefim=jus
2024 1533 2136 1572 omni·

1250 1578 1296 1614 no
1316 1578 1505 1621 competisse
1531 1577 1650 1614 Proclo
1665 1604 1678 1620 ,
1703 1580 1737 1614 &
1757 1579 2135 1624 Constantinopolitanae

1248 1625 1438 1665 Caffledrae,
1464 1625 1605 1669 ideoque
1626 1627 1669 1660 de
1678 1627 1826 1669 legitima
1850 1628 1991 1661 Baffiuni
2002 1639 2132 1671 promo·⁴

1247 1675 1338 1710 tione
1351 1686 1419 1710 non
1430 1676 1492 1710 effe
1502 1674 1721 1710 dubitandum
1733 1700 1741 1708 .
1767 1676 1823 1710 Isti
1837 1676 1894 1720 ipsi
1909 1676 2132 1722 gloriosissimi

1247 1724 1373 1768 Judices
1383 1725 1556 1760 Teodofio
1567 1724 1744 1761 Affeffores
1764 1727 1798 1760 ἀ
1808 1726 1977 1761 Autbores
1986 1729 2131 1769 fuerant,

1247 1786 1282 1811 ut
1293 1786 1370 1812 ante
1379 1775 1490 1811 Procli
1501 1777 1721 1811 interventum
1732 1775 1881 1812 Baffiano
1892 1772 2131 1821 Episcopatum‘

1245 1829 1450 1863 confirmaret
1462 1841 1470 1860 ι
1499 1827 1630 1872 Utique
1638 1827 1729 1871 juxta
1739 1827 1892 1872 antiquos
1904 1829 2055 1862 mores&
2066 1829 2132 1864 Ca·

1247 1890 1366 1914 nones.
1393 1878 1476 1913 Item
1495 1886 1531 1911 ut
1554 1877 1710 1913 Proclum
1732 1887 1862 1923 cogeret
1881 1878 1923 1914 ad
1942 1877 2132 1914 faciendam

1247 1931 1409 1972 praefatam
1430 1928 1709 1963 interlocutoriam
1729 1928 1978 1965 transasiionem
1997 1954 2005 1962 .
2031 1929 2129 1964 Hinc

1247 1981 1413 2015 Lucianus
1434 1979 1663 2023 eosintrepide
1677 1988 1792 2014 notat.-
1820 1979 1973 2014 Affirmat
1995 1978 2131 2022 plenum

1247 2030 1337 2064 istius
1358 2031 1403 2065 rei
1427 2029 1480 2072 Jus
1492 2028 1865 2072 Constantinopolitano
1879 2029 2025 2064 Throno
2042 2038 2131 2063 com·
2186 2054 2188 2056 f

1248 2090 1354 2123 petere
1373 2105 1380 2112 .
1408 2079 1537 2123 Nempe
1561 2090 1628 2114 erat
1649 2079 1684 2113 in
1707 2080 1774 2123 ipsa
1794 2080 1929 2123 Europa:
1953 2078 2132 2113 Provincia

1227 2167 1231 2176 Ι
1247 2130 1444 2173 Episcopus,
1470 2127 1610 2173 ideoque
1622 2129 1787 2163 mordicus
1797 2129 1975 2176 stabatjpro
1996 2129 2064 2162 istis
2083 2139 2132 2164 ra-

1225 2179 1231 2220 1
1258 2181 1342 2223 pinis
1363 2178 1810 2222 Constantinopolitanorum
1837 2178 2038 2214 Antistitum
2058 2201 2067 2210 .
2091 2178 2138 2213 Et

1226 2222 1327 2265 lhine
1350 2229 1418 2271 ejus
1441 2228 1632 2262 testimonio
1655 2239 1721 2262 non
1746 2228 1883 2262 fidentes
1908 2227 2138 2261 Gloriofiffimi

1249 2278 1379 2321 Judices
1399 2288 1623 2321 perrexerunt:
1651 2280 1683 2311 51·
1704 2279 1827 2312 Procius
1860 2276 1974 2321 sande
1989 2282 2138 2312 memoria

1244 2326 1371 2372 suscepit
1382 2329 1552 2368 Baffianum
1573 2328 1849 2368 Reverendiffimum
1873 2325 2053 2371 Episcopum
2066 2349 2077 2366 ,
2099 2328 2138 2362 θ

1248 2382 1474 2412 communicavit
1495 2382 1521 2412 ei
1532 2385 1686 2420 tamquam
1713 2377 1859 2421 Epiftopo
1871 2376 2064 2419 prefiorum
2074 2379 2139 2409 Me-

1251 2429 1371 2470 tropolis
1380 2452 1392 2468 ,
1417 2429 1680 2469 Reverendifflmus
1693 2428 1797 2461 Clerus
1806 2426 1923 2471 sane‘lae
1934 2426 2139 2466 Constantino-

1246 2478 1393 2520 politanae,
1417 2476 1548 2519 Ecclefiae
1574 2489 1627 2510 nos
1665 2478 1780 2511 edoceat
1802 2477 1890 2510 Et
1924 2474 2137 2519 Theophilus

1251 2527 1342 2562 istius
1370 2527 1516 2561 Ecclefiae
1543 2526 1714 2569 Presbyter
1735 2526 1910 2568 respondit
1931 2540 1943 2558 .-
1980 2530 2020 2558 Ut
2040 2536 2136 2559 coram

1251 2581 1334 2618 Deo,
1359 2575 1528 2620 &sufiepit
1539 2587 1603 2609 eum
1610 2575 1727 2618 sanllae
1753 2581 1903 2608 memoriae
1923 2575 2043 2607 Proclus
2061 2585 2136 2607 com-

1250 2633 1449 2662 manicantem
1459 2650 1472 2667 ,
1497 2627 1531 2659 ό·
1545 2623 1737 2665 synodalibus
1747 2626 1855 2657 litteris
1865 2622 2135 2665 honorans'dimifit

1251 2689 1317 2712 eum
1328 2677 1373 2709 ad
1381 2674 1557 2717 Ephesum,
1583 2676 1618 2709 ό·
1629 2681 1662 2708 in
1678 2672 1829 2716 Diptycbis
1835 2672 1936 2717 posuit
1944 2676 2009 2715 ejus
2020 2683 2135 2714 nomen,

1253 2729 1287 2761 (ν’
1297 2725 1477 2760 recitabatur
1487 2723 1578 2768 usque
1587 2726 1631 2758 ad
1641 2725 1784 2758 modicum
1793 2723 1833 2757 ab
1849 2723 1917 2758 hinc
1928 2732 2045 2765 tempus
2056 2748 2064 2755 .
2089 2723 2136 2757 Et

1251 2778 1383 2811 cunctus
1418 2774 1559 2818 ejusdem
1599 2775 1744 2809 Ecclesiae
1781 2774 1895 2808 Clerus
1929 2773 2139 2808 confirmavit

1253 2823 1435 2868 Theophili
1446 2824 1676 2858 testimonium.
1705 2824 1748 2856 Et
1760 2833 1850 2858 tanta
1862 2822 2058 2858 authoritate
2065 2833 2137 2857 rnu-

1253 2876 1342 2910 nitus
1362 2874 1527 2909 Baffianus
1550 2886 1604 2919 per
1617 2884 1756 2919 quatuor
1776 2884 1882 2908 annos
1893 2874 1928 2907 in
1952 2873 2046 2918 plena
2056 2882 2135 2917 pace

1253 2925 1334 2961 sedit
1342 2923 1521 2969 Episcopus
1531 2950 1538 2958 .

1303 2975 1429 3010 Verum
1454 2972 1520 3009 haec
1545 2975 1657 3009 omnia
1682 2972 1862 3019 gravissime
1895 2970 2133 3018 displicuerunt

1253 3025 1399 3069 pluribus
1410 3025 1557 3059 Asiaticae
1568 3025 1756 3059 Dioeceseos
1769 3024 1937 3068 Episcopis
1946 3047 1956 3064 ,
1980 3023 2133 3068 pluribus·

1250 3086 1313 3119 que
1327 3074 1466 3110 Clericis
1478 3073 1642 3118 Ephefinae
1655 3073 1804 3108 Ecclesiae
1816 3099 1823 3105 .
1853 3072 2079 3119 Indigniffime
2086 3074 2132 3107 fe·

1250 3125 1362 3159 rebant
1383 3125 1530 3159 &Sancto
1551 3122 1656 3158 Paulo
1668 3123 1832 3166 Apostolo
1853 3124 2042 3163 fundatam,
2066 3120 2131 3155 &a

1250 3176 1370 3209 Sanno
1406 3175 1533 3217 Joanne
1572 3173 1781 3218 Evangelista
1817 3173 1945 3208 dudum
1977 3171 2131 3207 directam

1251 3222 1466 3268 Ephesiorum
1492 3222 1666 3258 Ecclesiam
1684 3224 1814 3266 spoliari
1840 3224 1894 3258 sua
1921 3217 2131 3263 Autocepha-

1250 3274 1294 3308 lia
1305 3299 1315 3315 ,
1343 3274 1377 3308 δε
1389 3273 1550 3308 violenter
1559 3272 1716 3316 captivari
1729 3298 1740 3314 ,
1766 3284 1803 3307 ac
1815 3272 1937 3308 traduci
1950 3270 1986 3303 in
1997 3269 2130 3304 servitu-

1250 3334 1315 3359 tem
1330 3323 1709 3367 Constantinopolitanae
1730 3322 1900 3358 Cathedrae
1913 3344 1920 3351 -
1948 3318 2028 3353 Istas
2046 3319 2131 3363 rapi-

1251 3385 1308 3408 nas
1327 3372 1361 3407 &
1375 3371 1646 3416 Apostolicorum
1662 3374 1836 3407 Canonum
1854 3369 2130 3413 praevaricationes

1252 3432 1410 3461 noverant
1421 3433 1477 3467 pet
1490 3424 1603 3458 omnia
1615 3419 1782 3466 displicere
1793 3421 1953 3455 Romanae
1967 3418 2131 3459 Ecclesiae,

2042 3478 2080 3503 ac
