<?xml version="1.0" encoding="UTF-8"?>
<!DOCTYPE html PUBLIC "-//W3C//DTD XHTML 1.0 Transitional//EN"
    "http://www.w3.org/TR/xhtml1/DTD/xhtml1-transitional.dtd">
<html xmlns="http://www.w3.org/1999/xhtml" xml:lang="en" lang="en">
 <head>
  <title>
</title>
<meta http-equiv="Content-Type" content="text/html;charset=utf-8" />
  <meta name='ocr-system' content='tesseract 3.04.00' />
  <meta name='ocr-capabilities' content='ocr_page ocr_carea ocr_par ocr_line ocrx_word'/>
</head>
<body>
  <div class='ocr_page' id='page_1' title='image "./operaomniastudio08lupuuoft_0302.png"; bbox 0 0 2326 3718; ppageno 0'>
   <div class='ocr_carea' id='block_1_1' title="bbox 278 123 1171 255">
    <p class='ocr_par' dir='ltr' id='par_1_1' title="bbox 278 123 1171 255">
     <span class='ocr_line' id='line_1_1' title="bbox 339 123 450 177; baseline -0.027 -8"><span class='ocrx_word' id='word_1_1' title='bbox 339 123 450 177; x_wconf 72' lang='lat'>⁴296</span> 
     </span>
     <span class='ocr_line' id='line_1_2' title="bbox 278 190 1171 255; baseline -0.003 -10"><span class='ocrx_word' id='word_1_2' title='bbox 278 221 360 247; x_wconf 85' lang='lat' dir='ltr'>num</span> <span class='ocrx_word' id='word_1_3' title='bbox 381 190 729 244; x_wconf 62' lang='lat' dir='ltr'>Latrocinium&#39;fa‘aa</span> <span class='ocrx_word' id='word_1_4' title='bbox 752 233 763 250; x_wconf 92' lang='lat'>,</span> <span class='ocrx_word' id='word_1_5' title='bbox 780 209 1021 255; x_wconf 70' lang='lat' dir='ltr'>appellationis</span> <span class='ocrx_word' id='word_1_6' title='bbox 1057 206 1171 242; x_wconf 82' lang='lat' dir='ltr'>libello</span> 
     </span>
    </p>
   </div>
   <div class='ocr_carea' id='block_1_2' title="bbox 761 116 1637 177">
    <p class='ocr_par' dir='ltr' id='par_1_2' title="bbox 761 116 1637 177">
     <span class='ocr_line' id='line_1_3' title="bbox 761 116 1637 177; baseline 0 -13"><span class='ocrx_word' id='word_1_7' title='bbox 761 132 828 164; x_wconf 74' lang='lat' dir='ltr'>DE</span> <span class='ocrx_word' id='word_1_8' title='bbox 865 116 1127 177; x_wconf 75' lang='lat' dir='ltr'>ROMANA</span> <span class='ocrx_word' id='word_1_9' title='bbox 1164 118 1637 164; x_wconf 62' lang='lat' dir='ltr'>Appetmnone</span> 
     </span>
    </p>
   </div>
   <div class='ocr_carea' id='block_1_3' title="bbox 1240 205 2113 256">
    <p class='ocr_par' dir='ltr' id='par_1_3' title="bbox 1240 205 2113 256">
     <span class='ocr_line' id='line_1_4' title="bbox 1240 205 2113 256; baseline 0.014 -19"><span class='ocrx_word' id='word_1_10' title='bbox 1240 205 1390 247; x_wconf 84' lang='lat' dir='ltr'>quondam</span> <span class='ocrx_word' id='word_1_11' title='bbox 1399 206 1480 247; x_wconf 79' lang='lat' dir='ltr'>apud</span> <span class='ocrx_word' id='word_1_12' title='bbox 1489 211 1628 241; x_wconf 53' lang='lat' dir='ltr'>Nicaeam</span> <span class='ocrx_word' id='word_1_13' title='bbox 1635 213 1808 254; x_wconf 70' lang='lat' dir='ltr'>congregati</span> <span class='ocrx_word' id='word_1_14' title='bbox 1814 230 1827 252; x_wconf 64' lang='lat'>⁵</span> <span class='ocrx_word' id='word_1_15' title='bbox 1848 210 2009 255; x_wconf 69' lang='lat' dir='ltr'>ftcundam</span> <span class='ocrx_word' id='word_1_16' title='bbox 2014 213 2113 256; x_wconf 83' lang='lat' dir='ltr'>fidem</span> 
     </span>
    </p>
   </div>
   <div class='ocr_carea' id='block_1_4' title="bbox 275 253 2111 304">
    <p class='ocr_par' dir='ltr' id='par_1_4' title="bbox 275 253 2111 304">
     <span class='ocr_line' id='line_1_5' title="bbox 275 253 2111 304; baseline 0.001 -8"><span class='ocrx_word' id='word_1_17' title='bbox 275 257 348 296; x_wconf 71' lang='lat' dir='ltr'>suaec</span> <span class='ocrx_word' id='word_1_18' title='bbox 360 258 471 302; x_wconf 86' lang='lat' dir='ltr'>posuit</span> <span class='ocrx_word' id='word_1_19' title='bbox 485 271 492 290; x_wconf 93' lang='lat'>:</span> <span class='ocrx_word' id='word_1_20' title='bbox 520 261 587 303; x_wconf 85' lang='lat' dir='ltr'>Ego</span> <span class='ocrx_word' id='word_1_21' title='bbox 611 258 720 294; x_wconf 72' lang='lat' dir='ltr'>timens</span> <span class='ocrx_word' id='word_1_22' title='bbox 725 264 930 303; x_wconf 75' lang='lat' dir='ltr'>praevaricari</span> <span class='ocrx_word' id='word_1_23' title='bbox 939 259 1091 299; x_wconf 81' lang='lat' dir='ltr'><em>prolatam</em></span> <span class='ocrx_word' id='word_1_24' title='bbox 1104 257 1170 299; x_wconf 83' lang='lat' dir='ltr'>defi·</span> <span class='ocrx_word' id='word_1_25' title='bbox 1232 253 1351 297; x_wconf 74' lang='lat' dir='ltr'>symbol!</span> <span class='ocrx_word' id='word_1_26' title='bbox 1367 257 1543 291; x_wconf 76' lang='lat' dir='ltr'>credendum</span> <span class='ocrx_word' id='word_1_27' title='bbox 1562 258 1801 301; x_wconf 75' lang='lat' dir='ltr'>&amp;confitendum</span> <span class='ocrx_word' id='word_1_28' title='bbox 1807 259 1994 304; x_wconf 73' lang='lat' dir='ltr'>sacratiffima</span> <span class='ocrx_word' id='word_1_29' title='bbox 2005 265 2111 299; x_wconf 80' lang='lat' dir='ltr'>autha-</span> 
     </span>
    </p>
   </div>
   <div class='ocr_carea' id='block_1_5' title="bbox 262 306 1171 802">
    <p class='ocr_par' dir='ltr' id='par_1_5' title="bbox 262 306 1171 802">
     <span class='ocr_line' id='line_1_6' title="bbox 275 306 1171 353; baseline -0.003 -10"><span class='ocrx_word' id='word_1_30' title='bbox 275 313 418 343; x_wconf 80' lang='lat' dir='ltr'>mtionem</span> <span class='ocrx_word' id='word_1_31' title='bbox 439 310 462 341; x_wconf 66' lang='lat' dir='ltr'>a</span> <span class='ocrx_word' id='word_1_32' title='bbox 479 306 589 352; x_wconf 68' lang='lat' dir='ltr'>sanbla</span> <span class='ocrx_word' id='word_1_33' title='bbox 610 311 719 349; x_wconf 71' lang='lat' dir='ltr'>synodo</span> <span class='ocrx_word' id='word_1_34' title='bbox 738 336 750 352; x_wconf 91' lang='lat'>‚</span> <span class='ocrx_word' id='word_1_35' title='bbox 774 323 842 353; x_wconf 80' lang='lat' dir='ltr'>quae</span> <span class='ocrx_word' id='word_1_36' title='bbox 864 308 912 341; x_wconf 73' lang='lat' dir='ltr'>bic</span> <span class='ocrx_word' id='word_1_37' title='bbox 937 309 995 341; x_wconf 80' lang='lat' dir='ltr'>Dei</span> <span class='ocrx_word' id='word_1_38' title='bbox 1017 309 1171 341; x_wconf 83' lang='lat' dir='ltr'>voluntate</span> 
     </span>
     <span class='ocr_line' id='line_1_7' title="bbox 271 357 1170 403; baseline -0.002 -12"><span class='ocrx_word' id='word_1_39' title='bbox 271 359 361 402; x_wconf 71' lang='lat' dir='ltr'>peius</span> <span class='ocrx_word' id='word_1_40' title='bbox 372 359 596 403; x_wconf 82' lang='lat' dir='ltr'>congregataeest</span> <span class='ocrx_word' id='word_1_41' title='bbox 604 384 618 402; x_wconf 82' lang='lat'>,</span> <span class='ocrx_word' id='word_1_42' title='bbox 643 361 678 395; x_wconf 68' lang='grc'>6·</span> <span class='ocrx_word' id='word_1_43' title='bbox 687 371 725 395; x_wconf 84' lang='lat' dir='ltr'>ea</span> <span class='ocrx_word' id='word_1_44' title='bbox 736 371 804 402; x_wconf 82' lang='lat' dir='ltr'>quae</span> <span class='ocrx_word' id='word_1_45' title='bbox 816 358 939 399; x_wconf 81' lang='lat' dir='ltr'>definita</span> <span class='ocrx_word' id='word_1_46' title='bbox 961 366 1051 394; x_wconf 73' lang='lat' dir='ltr'>erant</span> <span class='ocrx_word' id='word_1_47' title='bbox 1062 359 1100 391; x_wconf 83' lang='lat' dir='ltr'>de</span> <span class='ocrx_word' id='word_1_48' title='bbox 1108 357 1170 399; x_wconf 82' lang='lat' dir='ltr'>fide</span> 
     </span>
     <span class='ocr_line' id='line_1_8' title="bbox 269 408 1168 452; baseline -0.003 -9"><span class='ocrx_word' id='word_1_49' title='bbox 269 410 297 445; x_wconf 65' lang='grc' dir='ltr'>’ἃ</span> <span class='ocrx_word' id='word_1_50' title='bbox 306 408 426 443; x_wconf 58' lang='lat' dir='ltr'>Sandis</span> <span class='ocrx_word' id='word_1_51' title='bbox 440 410 584 443; x_wconf 77' lang='lat' dir='ltr'>Patribus</span> <span class='ocrx_word' id='word_1_52' title='bbox 595 433 608 450; x_wconf 88' lang='lat'>,</span> <span class='ocrx_word' id='word_1_53' title='bbox 632 417 684 452; x_wconf 80' lang='lat' dir='ltr'>qui</span> <span class='ocrx_word' id='word_1_54' title='bbox 694 415 726 442; x_wconf 75' lang='lat' dir='ltr'>in</span> <span class='ocrx_word' id='word_1_55' title='bbox 737 414 848 442; x_wconf 72' lang='lat' dir='ltr'>Ntcaea</span> <span class='ocrx_word' id='word_1_56' title='bbox 872 416 1074 442; x_wconf 78' lang='lat' dir='ltr'>convenerunt</span> <span class='ocrx_word' id='word_1_57' title='bbox 1087 431 1099 449; x_wconf 81' lang='lat'>‚</span> <span class='ocrx_word' id='word_1_58' title='bbox 1125 418 1168 440; x_wconf 88' lang='lat' dir='ltr'>ro-</span> 
     </span>
     <span class='ocr_line' id='line_1_9' title="bbox 268 456 1168 504; baseline -0.002 -11"><span class='ocrx_word' id='word_1_59' title='bbox 268 457 384 504; x_wconf 77' lang='lat' dir='ltr'>gabam</span> <span class='ocrx_word' id='word_1_60' title='bbox 393 458 568 503; x_wconf 61' lang='lat' dir='ltr'>innotescere</span> <span class='ocrx_word' id='word_1_61' title='bbox 579 459 686 494; x_wconf 77' lang='lat' dir='ltr'>sanl‘i‘o</span> <span class='ocrx_word' id='word_1_62' title='bbox 696 456 788 496; x_wconf 82' lang='lat' dir='ltr'>vestro</span> <span class='ocrx_word' id='word_1_63' title='bbox 799 458 926 491; x_wconf 70' lang='lat' dir='ltr'>Concilio</span> <span class='ocrx_word' id='word_1_64' title='bbox 938 481 950 499; x_wconf 89' lang='lat'>‚</span> <span class='ocrx_word' id='word_1_65' title='bbox 975 467 1009 491; x_wconf 86' lang='lat' dir='ltr'>ut</span> <span class='ocrx_word' id='word_1_66' title='bbox 1029 457 1078 491; x_wconf 76' lang='lat' dir='ltr'>bis</span> <span class='ocrx_word' id='word_1_67' title='bbox 1099 469 1168 499; x_wconf 87' lang='lat' dir='ltr'>quae</span> 
     </span>
     <span class='ocr_line' id='line_1_10' title="bbox 272 506 1166 552; baseline -0.004 -9"><span class='ocrx_word' id='word_1_68' title='bbox 272 511 295 542; x_wconf 75' lang='grc' dir='ltr'><em>ἃ</em></span> <span class='ocrx_word' id='word_1_69' title='bbox 308 508 395 543; x_wconf 81' lang='lat' dir='ltr'>vobis</span> <span class='ocrx_word' id='word_1_70' title='bbox 404 510 640 552; x_wconf 73' lang='lat' dir='ltr'><em>approbarentur</em></span> <span class='ocrx_word' id='word_1_71' title='bbox 655 531 666 547; x_wconf 93' lang='lat'>,</span> <span class='ocrx_word' id='word_1_72' title='bbox 677 506 883 549; x_wconf 76' lang='lat' dir='ltr'>acquiefi‘erem</span> <span class='ocrx_word' id='word_1_73' title='bbox 901 532 912 548; x_wconf 87' lang='lat'>,</span> <span class='ocrx_word' id='word_1_74' title='bbox 934 515 1065 549; x_wconf 82' lang='lat' dir='ltr'>paratus</span> <span class='ocrx_word' id='word_1_75' title='bbox 1076 513 1108 540; x_wconf 76' lang='lat' dir='ltr'>in</span> <span class='ocrx_word' id='word_1_76' title='bbox 1120 506 1166 539; x_wconf 83' lang='lat' dir='ltr'>his</span> 
     </span>
     <span class='ocr_line' id='line_1_11' title="bbox 269 555 1166 602; baseline -0.002 -9"><span class='ocrx_word' id='word_1_77' title='bbox 269 557 447 601; x_wconf 77' lang='lat' dir='ltr'>permanere</span> <span class='ocrx_word' id='word_1_78' title='bbox 458 583 465 592; x_wconf 97' lang='lat'>.</span> <span class='ocrx_word' id='word_1_79' title='bbox 491 562 537 591; x_wconf 80' lang='lat' dir='ltr'>Et</span> <span class='ocrx_word' id='word_1_80' title='bbox 550 557 599 590; x_wconf 83' lang='lat' dir='ltr'>hoc</span> <span class='ocrx_word' id='word_1_81' title='bbox 610 557 739 597; x_wconf 71' lang='lat' dir='ltr'>damn,</span> <span class='ocrx_word' id='word_1_82' title='bbox 765 555 864 600; x_wconf 70' lang='lat' dir='ltr'>subito</span> <span class='ocrx_word' id='word_1_83' title='bbox 874 568 978 591; x_wconf 81' lang='lat' dir='ltr'>contra</span> <span class='ocrx_word' id='word_1_84' title='bbox 989 569 1036 591; x_wconf 88' lang='lat' dir='ltr'>me</span> <span class='ocrx_word' id='word_1_85' title='bbox 1047 580 1059 597; x_wconf 90' lang='lat'>,</span> <span class='ocrx_word' id='word_1_86' title='bbox 1083 558 1166 602; x_wconf 74' lang='lat' dir='ltr'>longe</span> 
     </span>
     <span class='ocr_line' id='line_1_12' title="bbox 271 607 1165 652; baseline -0.001 -11"><span class='ocrx_word' id='word_1_87' title='bbox 271 618 342 643; x_wconf 75' lang='lat' dir='ltr'>ante</span> <span class='ocrx_word' id='word_1_88' title='bbox 360 607 491 652; x_wconf 75' lang='lat' dir='ltr'>scripta,</span> <span class='ocrx_word' id='word_1_89' title='bbox 517 608 673 639; x_wconf 75' lang='lat' dir='ltr'>damnatio</span> <span class='ocrx_word' id='word_1_90' title='bbox 697 607 847 651; x_wconf 84' lang='lat' dir='ltr'>legebatur</span> <span class='ocrx_word' id='word_1_91' title='bbox 867 632 877 648; x_wconf 91' lang='lat'>,</span> <span class='ocrx_word' id='word_1_92' title='bbox 905 608 1019 642; x_wconf 88' lang='lat' dir='ltr'>nullum</span> <span class='ocrx_word' id='word_1_93' title='bbox 1042 607 1165 641; x_wconf 85' lang='lat' dir='ltr'>verbum</span> 
     </span>
     <span class='ocr_line' id='line_1_13' title="bbox 265 656 1164 702; baseline -0.001 -9"><span class='ocrx_word' id='word_1_94' title='bbox 265 658 401 702; x_wconf 76' lang='lat' dir='ltr'><em>faciente</em></span> <span class='ocrx_word' id='word_1_95' title='bbox 422 659 460 693; x_wconf 85' lang='lat' dir='ltr'>de</span> <span class='ocrx_word' id='word_1_96' title='bbox 473 658 671 699; x_wconf 80' lang='lat' dir='ltr'><em>appellatione</em></span> <span class='ocrx_word' id='word_1_97' title='bbox 687 669 753 691; x_wconf 89' lang='lat' dir='ltr'>mea</span> <span class='ocrx_word' id='word_1_98' title='bbox 764 659 809 690; x_wconf 85' lang='lat' dir='ltr'>ad</span> <span class='ocrx_word' id='word_1_99' title='bbox 829 656 957 700; x_wconf 77' lang='lat' dir='ltr'>vestram</span> <span class='ocrx_word' id='word_1_100' title='bbox 969 657 1164 692; x_wconf 52' lang='lat' dir='ltr'>sanctitatem</span> 
     </span>
     <span class='ocr_line' id='line_1_14' title="bbox 262 702 1162 750; baseline -0.002 -7"><span class='ocrx_word' id='word_1_101' title='bbox 262 702 516 746; x_wconf 43' lang='lat' dir='ltr'>‘Reverendiffimo</span> <span class='ocrx_word' id='word_1_102' title='bbox 528 705 673 749; x_wconf 78' lang='lat' dir='ltr'><em>Episcopo</em></span> <span class='ocrx_word' id='word_1_103' title='bbox 687 709 842 741; x_wconf 77' lang='lat' dir='ltr'>Flaviano</span> <span class='ocrx_word' id='word_1_104' title='bbox 857 732 869 749; x_wconf 84' lang='lat'>,</span> <span class='ocrx_word' id='word_1_105' title='bbox 894 709 986 750; x_wconf 66' lang='lat' dir='ltr'>neque*</span> <span class='ocrx_word' id='word_1_106' title='bbox 1014 719 1090 741; x_wconf 86' lang='lat' dir='ltr'>meos</span> <span class='ocrx_word' id='word_1_107' title='bbox 1102 719 1162 742; x_wconf 88' lang='lat' dir='ltr'>eru-</span> 
     </span>
     <span class='ocr_line' id='line_1_15' title="bbox 267 757 1162 802; baseline 0 -10"><span class='ocrx_word' id='word_1_108' title='bbox 267 757 401 801; x_wconf 79' lang='lat' dir='ltr'>bescente</span> <span class='ocrx_word' id='word_1_109' title='bbox 425 767 538 797; x_wconf 89' lang='lat' dir='ltr'>canos,</span> <span class='ocrx_word' id='word_1_110' title='bbox 565 758 622 791; x_wconf 63' lang='lat' dir='ltr'>&amp;a</span> <span class='ocrx_word' id='word_1_111' title='bbox 652 757 736 792; x_wconf 88' lang='lat' dir='ltr'>Eam</span> <span class='ocrx_word' id='word_1_112' title='bbox 762 758 862 802; x_wconf 85' lang='lat' dir='ltr'>ipsam</span> <span class='ocrx_word' id='word_1_113' title='bbox 885 758 1162 802; x_wconf 74' lang='lat' dir='ltr'>appellationem,</span> 
     </span>
    </p>
   </div>
   <div class='ocr_carea' id='block_1_6' title="bbox 268 805 1191 852">
    <p class='ocr_par' dir='ltr' id='par_1_6' title="bbox 268 805 1191 852">
     <span class='ocr_line' id='line_1_16' title="bbox 268 805 1191 852; baseline 0.001 -12"><span class='ocrx_word' id='word_1_114' title='bbox 268 817 366 850; x_wconf 84' lang='lat' dir='ltr'>quam</span> <span class='ocrx_word' id='word_1_115' title='bbox 378 805 419 842; x_wconf 87' lang='lat' dir='ltr'>ad</span> <span class='ocrx_word' id='word_1_116' title='bbox 443 807 602 841; x_wconf 83' lang='lat' dir='ltr'>&amp;contra</span> <span class='ocrx_word' id='word_1_117' title='bbox 624 808 789 842; x_wconf 82' lang='lat' dir='ltr'>sententiae</span> <span class='ocrx_word' id='word_1_118' title='bbox 814 809 1029 852; x_wconf 80' lang='lat' dir='ltr'>prolationem</span> <span class='ocrx_word' id='word_1_119' title='bbox 1054 809 1160 843; x_wconf 65' lang='lat' dir='ltr'>Sancti</span> <span class='ocrx_word' id='word_1_120' title='bbox 1185 809 1191 818; x_wconf 53' lang='lat'><strong>⁸</strong></span> 
     </span>
    </p>
   </div>
   <div class='ocr_carea' id='block_1_7' title="bbox 253 857 1160 1905">
    <p class='ocr_par' dir='ltr' id='par_1_7' title="bbox 253 857 1160 1905">
     <span class='ocr_line' id='line_1_17' title="bbox 265 857 1160 902; baseline -0.001 -9"><span class='ocrx_word' id='word_1_121' title='bbox 265 857 378 893; x_wconf 84' lang='lat' dir='ltr'>Leoni</span> <span class='ocrx_word' id='word_1_122' title='bbox 398 857 563 901; x_wconf 83' lang='lat' dir='ltr'>scripserat</span> <span class='ocrx_word' id='word_1_123' title='bbox 587 858 605 891; x_wconf 77' lang='grc' dir='ltr'>ὲ</span> <span class='ocrx_word' id='word_1_124' title='bbox 632 859 664 892; x_wconf 88' lang='lat' dir='ltr'>se</span> <span class='ocrx_word' id='word_1_125' title='bbox 687 857 803 893; x_wconf 65' lang='lat' dir='ltr'>fastam</span> <span class='ocrx_word' id='word_1_126' title='bbox 815 859 856 892; x_wconf 92' lang='lat' dir='ltr'>ad</span> <span class='ocrx_word' id='word_1_127' title='bbox 868 859 984 894; x_wconf 87' lang='lat' dir='ltr'>Sedem</span> <span class='ocrx_word' id='word_1_128' title='bbox 997 858 1160 902; x_wconf 82' lang='lat' dir='ltr'>Apostoli-</span> 
     </span>
     <span class='ocr_line' id='line_1_18' title="bbox 266 905 1160 954; baseline 0.001 -13"><span class='ocrx_word' id='word_1_129' title='bbox 266 918 341 943; x_wconf 85' lang='lat' dir='ltr'>carn</span> <span class='ocrx_word' id='word_1_130' title='bbox 369 905 461 948; x_wconf 76' lang='lat' dir='ltr'>,hic</span> <span class='ocrx_word' id='word_1_131' title='bbox 485 907 568 942; x_wconf 84' lang='lat' dir='ltr'>dicit</span> <span class='ocrx_word' id='word_1_132' title='bbox 594 907 710 942; x_wconf 60' lang='lat' dir='ltr'>faciam</span> <span class='ocrx_word' id='word_1_133' title='bbox 747 907 788 941; x_wconf 87' lang='lat' dir='ltr'>ad</span> <span class='ocrx_word' id='word_1_134' title='bbox 824 907 971 943; x_wconf 88' lang='lat' dir='ltr'>futurum</span> <span class='ocrx_word' id='word_1_135' title='bbox 1011 909 1160 954; x_wconf 85' lang='lat' dir='ltr'>generale</span> 
     </span>
     <span class='ocr_line' id='line_1_19' title="bbox 264 957 1155 1002; baseline -0.001 -10"><span class='ocrx_word' id='word_1_136' title='bbox 264 958 462 993; x_wconf 68' lang='lat' dir='ltr'>Concilium</span> <span class='ocrx_word' id='word_1_137' title='bbox 487 981 494 989; x_wconf 91' lang='lat'><em>.</em></span> <span class='ocrx_word' id='word_1_138' title='bbox 532 957 723 1001; x_wconf 75' lang='lat' dir='ltr'>Utrobique</span> <span class='ocrx_word' id='word_1_139' title='bbox 750 959 958 1002; x_wconf 83' lang='lat' dir='ltr'>impudenter</span> <span class='ocrx_word' id='word_1_140' title='bbox 981 960 1155 993; x_wconf 84' lang='lat' dir='ltr'>mentitus.</span> 
     </span>
     <span class='ocr_line' id='line_1_20' title="bbox 266 1007 1157 1053; baseline 0.001 -11"><span class='ocrx_word' id='word_1_141' title='bbox 266 1007 421 1043; x_wconf 84' lang='lat' dir='ltr'>Audacia</span> <span class='ocrx_word' id='word_1_142' title='bbox 443 1008 619 1052; x_wconf 85' lang='lat' dir='ltr'>stupenda.</span> <span class='ocrx_word' id='word_1_143' title='bbox 648 1008 696 1041; x_wconf 82' lang='lat' dir='ltr'>At</span> <span class='ocrx_word' id='word_1_144' title='bbox 720 1011 825 1053; x_wconf 81' lang='lat' dir='ltr'>magis</span> <span class='ocrx_word' id='word_1_145' title='bbox 848 1009 1006 1053; x_wconf 85' lang='lat' dir='ltr'>stupenda</span> <span class='ocrx_word' id='word_1_146' title='bbox 1020 1010 1157 1053; x_wconf 85' lang='lat' dir='ltr'>Episco-</span> 
     </span>
     <span class='ocr_line' id='line_1_21' title="bbox 263 1057 1156 1104; baseline 0 -12"><span class='ocrx_word' id='word_1_147' title='bbox 263 1068 386 1102; x_wconf 78' lang='lat' dir='ltr'>porum</span> <span class='ocrx_word' id='word_1_148' title='bbox 412 1058 545 1103; x_wconf 81' lang='lat' dir='ltr'>ignavia</span> <span class='ocrx_word' id='word_1_149' title='bbox 573 1081 581 1090; x_wconf 87' lang='lat'><strong>.</strong></span> <span class='ocrx_word' id='word_1_150' title='bbox 623 1058 760 1095; x_wconf 51' lang='lat' dir='ltr'>&#39;Etenim</span> <span class='ocrx_word' id='word_1_151' title='bbox 801 1057 949 1094; x_wconf 86' lang='lat' dir='ltr'>libellum</span> <span class='ocrx_word' id='word_1_152' title='bbox 977 1059 1065 1094; x_wconf 84' lang='lat' dir='ltr'>hune</span> <span class='ocrx_word' id='word_1_153' title='bbox 1092 1060 1156 1104; x_wconf 84' lang='lat' dir='ltr'>legi</span> 
     </span>
     <span class='ocr_line' id='line_1_22' title="bbox 264 1107 1156 1155; baseline 0 -12"><span class='ocrx_word' id='word_1_154' title='bbox 264 1107 438 1143; x_wconf 83' lang='lat' dir='ltr'>audierunt</span> <span class='ocrx_word' id='word_1_155' title='bbox 461 1119 578 1144; x_wconf 85' lang='lat' dir='ltr'>omnes</span> <span class='ocrx_word' id='word_1_156' title='bbox 597 1107 649 1142; x_wconf 85' lang='lat' dir='ltr'>illi</span> <span class='ocrx_word' id='word_1_157' title='bbox 672 1109 828 1153; x_wconf 81' lang='lat' dir='ltr'>Episcopi</span> <span class='ocrx_word' id='word_1_158' title='bbox 852 1134 865 1151; x_wconf 89' lang='lat'>,</span> <span class='ocrx_word' id='word_1_159' title='bbox 891 1110 948 1155; x_wconf 85' lang='lat' dir='ltr'>qui</span> <span class='ocrx_word' id='word_1_160' title='bbox 974 1111 1011 1144; x_wconf 89' lang='lat' dir='ltr'>in</span> <span class='ocrx_word' id='word_1_161' title='bbox 1035 1120 1156 1153; x_wconf 85' lang='lat' dir='ltr'>nupera</span> 
     </span>
     <span class='ocr_line' id='line_1_23' title="bbox 261 1157 1158 1201; baseline -0.001 -8"><span class='ocrx_word' id='word_1_162' title='bbox 261 1157 482 1201; x_wconf 67' lang='lat' dir='ltr'>synodalium</span> <span class='ocrx_word' id='word_1_163' title='bbox 502 1158 561 1193; x_wconf 89' lang='lat' dir='ltr'>sub</span> <span class='ocrx_word' id='word_1_164' title='bbox 581 1160 702 1194; x_wconf 59' lang='lat' dir='ltr'>Sancto</span> <span class='ocrx_word' id='word_1_165' title='bbox 716 1161 879 1194; x_wconf 83' lang='lat' dir='ltr'>Flaviano</span> <span class='ocrx_word' id='word_1_166' title='bbox 893 1161 1054 1195; x_wconf 73' lang='lat' dir='ltr'>Asterum</span> <span class='ocrx_word' id='word_1_167' title='bbox 1078 1160 1158 1194; x_wconf 88' lang='lat' dir='ltr'>revi-</span> 
     </span>
     <span class='ocr_line' id='line_1_24' title="bbox 261 1209 1156 1251; baseline -0.001 -7"><span class='ocrx_word' id='word_1_168' title='bbox 261 1209 352 1244; x_wconf 70' lang='lat' dir='ltr'>sione</span> <span class='ocrx_word' id='word_1_169' title='bbox 362 1209 493 1244; x_wconf 73' lang='lat' dir='ltr'>fuerant</span> <span class='ocrx_word' id='word_1_170' title='bbox 515 1219 584 1242; x_wconf 88' lang='lat' dir='ltr'>uuo</span> <span class='ocrx_word' id='word_1_171' title='bbox 596 1220 654 1243; x_wconf 89' lang='lat' dir='ltr'>ore</span> <span class='ocrx_word' id='word_1_172' title='bbox 675 1209 850 1245; x_wconf 87' lang='lat' dir='ltr'>contestati</span> <span class='ocrx_word' id='word_1_173' title='bbox 863 1211 895 1243; x_wconf 90' lang='lat' dir='ltr'>se</span> <span class='ocrx_word' id='word_1_174' title='bbox 916 1210 1008 1243; x_wconf 87' lang='lat' dir='ltr'>istius</span> <span class='ocrx_word' id='word_1_175' title='bbox 1020 1209 1156 1251; x_wconf 85' lang='lat' dir='ltr'>appella-</span> 
     </span>
     <span class='ocr_line' id='line_1_25' title="bbox 260 1256 1156 1301; baseline -0.002 -8"><span class='ocrx_word' id='word_1_176' title='bbox 260 1258 366 1293; x_wconf 88' lang='lat' dir='ltr'>tionis</span> <span class='ocrx_word' id='word_1_177' title='bbox 387 1257 473 1292; x_wconf 86' lang='lat' dir='ltr'>nihil</span> <span class='ocrx_word' id='word_1_178' title='bbox 495 1256 623 1301; x_wconf 74' lang='lat' dir='ltr'>prorsus</span> <span class='ocrx_word' id='word_1_179' title='bbox 645 1259 800 1292; x_wconf 73' lang='lat' dir='ltr'>audivisse</span> <span class='ocrx_word' id='word_1_180' title='bbox 820 1271 828 1291; x_wconf 90' lang='lat'>:</span> <span class='ocrx_word' id='word_1_181' title='bbox 859 1258 903 1290; x_wconf 89' lang='lat' dir='ltr'>Et</span> <span class='ocrx_word' id='word_1_182' title='bbox 932 1259 966 1290; x_wconf 89' lang='lat' dir='ltr'>in</span> <span class='ocrx_word' id='word_1_183' title='bbox 990 1256 1156 1300; x_wconf 83' lang='lat' dir='ltr'>Ephesmo</span> 
     </span>
     <span class='ocr_line' id='line_1_26' title="bbox 260 1305 1154 1343; baseline -0.001 0"><span class='ocrx_word' id='word_1_184' title='bbox 260 1307 458 1343; x_wconf 88' lang='lat' dir='ltr'>Latrocinio</span> <span class='ocrx_word' id='word_1_185' title='bbox 471 1308 582 1340; x_wconf 75' lang='lat' dir='ltr'>mnus</span> <span class='ocrx_word' id='word_1_186' title='bbox 595 1306 636 1340; x_wconf 85' lang='lat' dir='ltr'>ad</span> <span class='ocrx_word' id='word_1_187' title='bbox 659 1315 750 1341; x_wconf 84' lang='lat' dir='ltr'>tanta</span> <span class='ocrx_word' id='word_1_188' title='bbox 761 1305 932 1341; x_wconf 88' lang='lat' dir='ltr'>mendacia</span> <span class='ocrx_word' id='word_1_189' title='bbox 954 1307 1006 1341; x_wconf 88' lang='lat' dir='ltr'>vel</span> <span class='ocrx_word' id='word_1_190' title='bbox 1019 1306 1154 1342; x_wconf 88' lang='lat' dir='ltr'>verbulo</span> 
     </span>
     <span class='ocr_line' id='line_1_27' title="bbox 258 1353 1155 1398; baseline 0 -6"><span class='ocrx_word' id='word_1_191' title='bbox 258 1357 455 1392; x_wconf 81' lang='lat' dir='ltr'>interceffit.</span> <span class='ocrx_word' id='word_1_192' title='bbox 486 1353 654 1398; x_wconf 81' lang='lat' dir='ltr'>Eutyches</span> <span class='ocrx_word' id='word_1_193' title='bbox 677 1357 712 1390; x_wconf 88' lang='lat' dir='ltr'>in</span> <span class='ocrx_word' id='word_1_194' title='bbox 737 1357 797 1391; x_wconf 88' lang='lat' dir='ltr'>suo</span> <span class='ocrx_word' id='word_1_195' title='bbox 818 1356 860 1391; x_wconf 89' lang='lat' dir='ltr'>ad</span> <span class='ocrx_word' id='word_1_196' title='bbox 871 1356 1099 1392; x_wconf 78' lang='lat' dir='ltr'>Latrocinium</span> <span class='ocrx_word' id='word_1_197' title='bbox 1119 1357 1155 1392; x_wconf 90' lang='lat' dir='ltr'>li·</span> 
     </span>
     <span class='ocr_line' id='line_1_28' title="bbox 260 1405 1154 1442; baseline -0.001 -1"><span class='ocrx_word' id='word_1_198' title='bbox 260 1406 351 1442; x_wconf 84' lang='lat' dir='ltr'>bello</span> <span class='ocrx_word' id='word_1_199' title='bbox 374 1405 502 1441; x_wconf 86' lang='lat' dir='ltr'>addidit</span> <span class='ocrx_word' id='word_1_200' title='bbox 525 1405 679 1440; x_wconf 73' lang='lat' dir='ltr'>adversus</span> <span class='ocrx_word' id='word_1_201' title='bbox 702 1405 857 1441; x_wconf 68' lang='lat' dir='ltr'>Sanetum</span> <span class='ocrx_word' id='word_1_202' title='bbox 872 1406 1091 1442; x_wconf 72' lang='lat' dir='ltr'>Flavianumt</span> <span class='ocrx_word' id='word_1_203' title='bbox 1118 1412 1154 1441; x_wconf 82' lang='grc' dir='ltr'>1η</span> 
     </span>
     <span class='ocr_line' id='line_1_29' title="bbox 256 1454 1154 1500; baseline 0 -9"><span class='ocrx_word' id='word_1_204' title='bbox 256 1455 384 1498; x_wconf 74' lang='lat' dir='ltr'>diverfis</span> <span class='ocrx_word' id='word_1_205' title='bbox 397 1460 548 1490; x_wconf 77' lang='lat' dir='ltr'>oratoriis</span> <span class='ocrx_word' id='word_1_206' title='bbox 558 1479 569 1495; x_wconf 84' lang='lat'>‚</span> <span class='ocrx_word' id='word_1_207' title='bbox 593 1454 792 1500; x_wconf 73' lang='lat' dir='ltr'>memoriisque</span> <span class='ocrx_word' id='word_1_208' title='bbox 804 1457 980 1491; x_wconf 57' lang='lat' dir='ltr'>Sannorum</span> <span class='ocrx_word' id='word_1_209' title='bbox 991 1481 1003 1498; x_wconf 89' lang='lat'>,</span> <span class='ocrx_word' id='word_1_210' title='bbox 1024 1458 1088 1500; x_wconf 85' lang='lat' dir='ltr'>post</span> <span class='ocrx_word' id='word_1_211' title='bbox 1100 1466 1154 1499; x_wconf 85' lang='lat' dir='ltr'>ap·</span> 
     </span>
     <span class='ocr_line' id='line_1_30' title="bbox 253 1505 1154 1552; baseline 0.001 -12"><span class='ocrx_word' id='word_1_212' title='bbox 253 1505 531 1551; x_wconf 78' lang='lat' dir='ltr'>pellationemfect&#39;t</span> <span class='ocrx_word' id='word_1_213' title='bbox 542 1512 575 1539; x_wconf 82' lang='lat' dir='ltr'>in</span> <span class='ocrx_word' id='word_1_214' title='bbox 585 1518 631 1541; x_wconf 90' lang='lat' dir='ltr'>me</span> <span class='ocrx_word' id='word_1_215' title='bbox 639 1508 793 1549; x_wconf 88' lang='lat' dir='ltr'>prolatam</span> <span class='ocrx_word' id='word_1_216' title='bbox 815 1508 872 1552; x_wconf 72' lang='lat' dir='ltr'>legi</span> <span class='ocrx_word' id='word_1_217' title='bbox 878 1506 1063 1550; x_wconf 76' lang='lat' dir='ltr'>sententiam</span> <span class='ocrx_word' id='word_1_218' title='bbox 1071 1533 1080 1541; x_wconf 86' lang='lat'><strong>.</strong></span> <span class='ocrx_word' id='word_1_219' title='bbox 1109 1512 1154 1541; x_wconf 84' lang='lat' dir='ltr'>Et</span> 
     </span>
     <span class='ocr_line' id='line_1_31' title="bbox 260 1555 1154 1600; baseline 0.001 -9"><span class='ocrx_word' id='word_1_220' title='bbox 260 1555 544 1591; x_wconf 78' lang='lat' dir='ltr'>anathematizabat</span> <span class='ocrx_word' id='word_1_221' title='bbox 554 1568 601 1590; x_wconf 88' lang='lat' dir='ltr'>me</span> <span class='ocrx_word' id='word_1_222' title='bbox 615 1580 627 1598; x_wconf 95' lang='lat'>,</span> <span class='ocrx_word' id='word_1_223' title='bbox 645 1558 680 1591; x_wconf 65' lang='grc' dir='ltr'>ὑ</span> <span class='ocrx_word' id='word_1_224' title='bbox 690 1563 799 1600; x_wconf 74' lang='lat' dir='ltr'>eosqui</span> <span class='ocrx_word' id='word_1_225' title='bbox 812 1558 1023 1592; x_wconf 77' lang='lat' dir='ltr'>conveniebant</span> <span class='ocrx_word' id='word_1_226' title='bbox 1032 1559 1132 1593; x_wconf 80' lang='lat' dir='ltr'>adme</span> <span class='ocrx_word' id='word_1_227' title='bbox 1143 1581 1154 1598; x_wconf 95' lang='lat'>,</span> 
     </span>
     <span class='ocr_line' id='line_1_32' title="bbox 257 1606 1153 1650; baseline 0.002 -8"><span class='ocrx_word' id='word_1_228' title='bbox 257 1610 292 1642; x_wconf 60' lang='lat'>&amp;⁶</span> <span class='ocrx_word' id='word_1_229' title='bbox 306 1606 543 1650; x_wconf 83' lang='lat' dir='ltr'>colloquebantur</span> <span class='ocrx_word' id='word_1_230' title='bbox 565 1617 680 1641; x_wconf 84' lang='lat' dir='ltr'>mecum</span> <span class='ocrx_word' id='word_1_231' title='bbox 702 1632 709 1639; x_wconf 92' lang='lat'><em>.</em></span> <span class='ocrx_word' id='word_1_232' title='bbox 740 1606 852 1642; x_wconf 88' lang='lat' dir='ltr'>Credo</span> <span class='ocrx_word' id='word_1_233' title='bbox 876 1608 923 1643; x_wconf 84' lang='lat' dir='ltr'>ita</span> <span class='ocrx_word' id='word_1_234' title='bbox 945 1609 1039 1644; x_wconf 73' lang='lat' dir='ltr'>fuisse</span> <span class='ocrx_word' id='word_1_235' title='bbox 1057 1633 1066 1642; x_wconf 93' lang='lat'><strong>.</strong></span> <span class='ocrx_word' id='word_1_236' title='bbox 1097 1609 1153 1644; x_wconf 89' lang='lat' dir='ltr'>Et·</span> 
     </span>
     <span class='ocr_line' id='line_1_33' title="bbox 257 1656 1150 1702; baseline 0.002 -10"><span class='ocrx_word' id='word_1_237' title='bbox 257 1656 351 1692; x_wconf 87' lang='lat' dir='ltr'>enim</span> <span class='ocrx_word' id='word_1_238' title='bbox 375 1658 508 1692; x_wconf 71' lang='lat' dir='ltr'>Sanetus</span> <span class='ocrx_word' id='word_1_239' title='bbox 528 1656 705 1692; x_wconf 86' lang='lat' dir='ltr'>Flavianus</span> <span class='ocrx_word' id='word_1_240' title='bbox 731 1666 866 1693; x_wconf 88' lang='lat' dir='ltr'>noverat</span> <span class='ocrx_word' id='word_1_241' title='bbox 891 1659 1150 1702; x_wconf 83' lang='lat' dir='ltr'>appellationem</span> 
     </span>
     <span class='ocr_line' id='line_1_34' title="bbox 255 1706 1151 1753; baseline 0.002 -10"><span class='ocrx_word' id='word_1_242' title='bbox 255 1706 319 1743; x_wconf 74' lang='lat' dir='ltr'>effe</span> <span class='ocrx_word' id='word_1_243' title='bbox 329 1707 544 1748; x_wconf 79' lang='lat' dir='ltr'>mendacem,</span> <span class='ocrx_word' id='word_1_244' title='bbox 569 1719 607 1741; x_wconf 91' lang='lat' dir='ltr'>ac</span> <span class='ocrx_word' id='word_1_245' title='bbox 622 1707 792 1742; x_wconf 73' lang='lat' dir='ltr'>manifeste</span> <span class='ocrx_word' id='word_1_246' title='bbox 805 1709 959 1743; x_wconf 85' lang='lat' dir='ltr'>frivolam</span> <span class='ocrx_word' id='word_1_247' title='bbox 973 1733 984 1750; x_wconf 92' lang='lat'>,</span> <span class='ocrx_word' id='word_1_248' title='bbox 1010 1707 1151 1753; x_wconf 71' lang='lat' dir='ltr'>ideoque</span> 
     </span>
     <span class='ocr_line' id='line_1_35' title="bbox 256 1757 1151 1803; baseline 0.002 -11"><span class='ocrx_word' id='word_1_249' title='bbox 256 1757 292 1792; x_wconf 73' lang='grc' dir='ltr'>δε</span> <span class='ocrx_word' id='word_1_250' title='bbox 303 1757 473 1802; x_wconf 81' lang='lat' dir='ltr'>spernebat</span> <span class='ocrx_word' id='word_1_251' title='bbox 485 1781 493 1790; x_wconf 94' lang='lat'><strong>.</strong></span> <span class='ocrx_word' id='word_1_252' title='bbox 520 1757 698 1792; x_wconf 71' lang='lat' dir='ltr'>Praesertim</span> <span class='ocrx_word' id='word_1_253' title='bbox 712 1757 783 1801; x_wconf 86' lang='lat' dir='ltr'>post</span> <span class='ocrx_word' id='word_1_254' title='bbox 804 1769 970 1802; x_wconf 86' lang='lat' dir='ltr'>acceptam</span> <span class='ocrx_word' id='word_1_255' title='bbox 983 1782 994 1798; x_wconf 93' lang='lat'>,</span> <span class='ocrx_word' id='word_1_256' title='bbox 1020 1771 1119 1803; x_wconf 88' lang='lat' dir='ltr'>quam</span> <span class='ocrx_word' id='word_1_257' title='bbox 1133 1760 1151 1795; x_wconf 73' lang='lat' dir='ltr'>a</span> 
     </span>
     <span class='ocr_line' id='line_1_36' title="bbox 256 1806 1152 1855; baseline 0.003 -12"><span class='ocrx_word' id='word_1_258' title='bbox 256 1806 393 1843; x_wconf 66' lang='lat' dir='ltr'>Vistore</span> <span class='ocrx_word' id='word_1_259' title='bbox 406 1807 601 1842; x_wconf 83' lang='lat' dir='ltr'>Tononensi</span> <span class='ocrx_word' id='word_1_260' title='bbox 616 1807 780 1852; x_wconf 87' lang='lat' dir='ltr'>Episcopo</span> <span class='ocrx_word' id='word_1_261' title='bbox 803 1809 927 1845; x_wconf 86' lang='lat' dir='ltr'>laudari</span> <span class='ocrx_word' id='word_1_262' title='bbox 937 1809 1125 1848; x_wconf 81' lang='lat' dir='ltr'>audivimus</span> <span class='ocrx_word' id='word_1_263' title='bbox 1138 1835 1152 1855; x_wconf 88' lang='lat'>,</span> 
     </span>
     <span class='ocr_line' id='line_1_37' title="bbox 258 1858 882 1905; baseline 0.005 -10"><span class='ocrx_word' id='word_1_264' title='bbox 258 1858 459 1905; x_wconf 72' lang='lat' dir='ltr'>Apostolioae</span> <span class='ocrx_word' id='word_1_265' title='bbox 470 1858 562 1899; x_wconf 77' lang='lat' dir='ltr'>sedis</span> <span class='ocrx_word' id='word_1_266' title='bbox 572 1859 862 1898; x_wconf 80' lang='lat' dir='ltr'>confirmationem</span> <span class='ocrx_word' id='word_1_267' title='bbox 872 1884 882 1898; x_wconf 70' lang='grc'><strong>,</strong></span> 
     </span>
    </p>
   </div>
   <div class='ocr_carea' id='block_1_8' title="bbox 418 2061 961 2139">
    <p class='ocr_par' dir='ltr' id='par_1_8' title="bbox 418 2061 961 2139">
     <span class='ocr_line' id='line_1_38' title="bbox 418 2061 961 2139; baseline 0 -1"><span class='ocrx_word' id='word_1_268' title='bbox 418 2061 804 2139; x_wconf 72' lang='lat' dir='ltr'>¹CAPUT</span> <span class='ocrx_word' id='word_1_269' title='bbox 889 2091 961 2138; x_wconf 73' lang='grc' dir='ltr'>Π.</span> 
     </span>
    </p>
   </div>
   <div class='ocr_carea' id='block_1_9' title="bbox 262 2227 1105 2361">
    <p class='ocr_par' dir='ltr' id='par_1_9' title="bbox 262 2227 1105 2361">
     <span class='ocr_line' id='line_1_39' title="bbox 262 2227 1105 2301; baseline -0.001 -21"><span class='ocrx_word' id='word_1_270' title='bbox 262 2228 272 2292; x_wconf 41' lang='grc' dir='ltr'>ἶ</span> <span class='ocrx_word' id='word_1_271' title='bbox 304 2229 573 2301; x_wconf 70' lang='lat' dir='ltr'>Expediuntur</span> <span class='ocrx_word' id='word_1_272' title='bbox 599 2227 741 2296; x_wconf 73' lang='lat' dir='ltr'>aliquot</span> <span class='ocrx_word' id='word_1_273' title='bbox 780 2228 981 2295; x_wconf 78' lang='lat' dir='ltr'>quaestiones</span> <span class='ocrx_word' id='word_1_274' title='bbox 1004 2235 1105 2279; x_wconf 57' lang='lat' dir='ltr'>circa</span> 
     </span>
     <span class='ocr_line' id='line_1_40' title="bbox 281 2297 940 2361; baseline 0.003 -15"><span class='ocrx_word' id='word_1_275' title='bbox 281 2324 284 2327; x_wconf 58' lang='grc'>’</span> <span class='ocrx_word' id='word_1_276' title='bbox 471 2305 690 2358; x_wconf 72' lang='lat' dir='ltr'>Romanam</span> <span class='ocrx_word' id='word_1_277' title='bbox 724 2297 940 2361; x_wconf 80' lang='lat' dir='ltr'>Eutychetis</span> 
     </span>
    </p>
   </div>
   <div class='ocr_carea' id='block_1_10' title="bbox 551 2367 868 2438">
    <p class='ocr_par' dir='ltr' id='par_1_10' title="bbox 551 2367 868 2438">
     <span class='ocr_line' id='line_1_41' title="bbox 551 2367 868 2438; baseline 0.003 -22"><span class='ocrx_word' id='word_1_278' title='bbox 551 2367 844 2438; x_wconf 70' lang='lat' dir='ltr'>appellationem</span> <span class='ocrx_word' id='word_1_279' title='bbox 854 2402 868 2417; x_wconf 88' lang='lat'><strong>.</strong></span> 
     </span>
    </p>
   </div>
   <div class='ocr_carea' id='block_1_11' title="bbox 264 2506 1160 3454">
    <p class='ocr_par' dir='ltr' id='par_1_11' title="bbox 264 2506 1160 3454">
     <span class='ocr_line' id='line_1_42' title="bbox 337 2506 1155 2554; baseline -0.001 -9"><span class='ocrx_word' id='word_1_280' title='bbox 337 2510 437 2545; x_wconf 88' lang='lat' dir='ltr'>Rima</span> <span class='ocrx_word' id='word_1_281' title='bbox 473 2509 606 2554; x_wconf 84' lang='lat' dir='ltr'>quaestio</span> <span class='ocrx_word' id='word_1_282' title='bbox 628 2507 695 2550; x_wconf 79' lang='lat' dir='ltr'>est,</span> <span class='ocrx_word' id='word_1_283' title='bbox 720 2519 762 2543; x_wconf 85' lang='lat' dir='ltr'>an</span> <span class='ocrx_word' id='word_1_284' title='bbox 772 2506 942 2553; x_wconf 88' lang='lat' dir='ltr'>Eutyches</span> <span class='ocrx_word' id='word_1_285' title='bbox 961 2507 1002 2544; x_wconf 88' lang='lat' dir='ltr'>ad</span> <span class='ocrx_word' id='word_1_286' title='bbox 1012 2509 1155 2544; x_wconf 85' lang='lat' dir='ltr'>Genera-</span> 
     </span>
     <span class='ocr_line' id='line_1_43' title="bbox 364 2559 1154 2604; baseline 0 -10"><span class='ocrx_word' id='word_1_287' title='bbox 364 2562 428 2595; x_wconf 87' lang='lat' dir='ltr'>lem</span> <span class='ocrx_word' id='word_1_288' title='bbox 438 2560 613 2603; x_wconf 90' lang='lat' dir='ltr'>Synodum</span> <span class='ocrx_word' id='word_1_289' title='bbox 634 2559 846 2603; x_wconf 88' lang='lat' dir='ltr'>appellaverit</span> <span class='ocrx_word' id='word_1_290' title='bbox 857 2560 1011 2595; x_wconf 76' lang='lat' dir='ltr'>adversus</span> <span class='ocrx_word' id='word_1_291' title='bbox 1038 2561 1072 2595; x_wconf 90' lang='lat'>&amp;</span> <span class='ocrx_word' id='word_1_292' title='bbox 1084 2560 1154 2604; x_wconf 86' lang='lat' dir='ltr'>post</span> 
     </span>
     <span class='ocr_line' id='line_1_44' title="bbox 264 2609 1156 2652; baseline -0.002 -6"><span class='ocrx_word' id='word_1_293' title='bbox 264 2611 548 2647; x_wconf 87' lang='lat' dir='ltr'>confirmatorium</span> <span class='ocrx_word' id='word_1_294' title='bbox 560 2611 664 2644; x_wconf 64' lang='lat' dir='ltr'>Sancti</span> <span class='ocrx_word' id='word_1_295' title='bbox 704 2609 826 2644; x_wconf 88' lang='lat' dir='ltr'>Leonis</span> <span class='ocrx_word' id='word_1_296' title='bbox 837 2610 1002 2652; x_wconf 80' lang='lat' dir='ltr'>Iudicium</span> <span class='ocrx_word' id='word_1_297' title='bbox 1011 2634 1023 2651; x_wconf 91' lang='lat'>,</span> <span class='ocrx_word' id='word_1_298' title='bbox 1049 2622 1090 2645; x_wconf 88' lang='lat' dir='ltr'>an</span> <span class='ocrx_word' id='word_1_299' title='bbox 1101 2621 1156 2644; x_wconf 88' lang='lat' dir='ltr'>an·</span> 
     </span>
     <span class='ocr_line' id='line_1_45' title="bbox 266 2659 1160 2705; baseline -0.003 -8"><span class='ocrx_word' id='word_1_300' title='bbox 266 2674 300 2697; x_wconf 89' lang='lat' dir='ltr'>te</span> <span class='ocrx_word' id='word_1_301' title='bbox 314 2662 395 2696; x_wconf 86' lang='lat' dir='ltr'>illud</span> <span class='ocrx_word' id='word_1_302' title='bbox 409 2662 425 2694; x_wconf 74' lang='grc' dir='ltr'><em>ἓ</em></span> <span class='ocrx_word' id='word_1_303' title='bbox 455 2659 654 2705; x_wconf 85' lang='lat' dir='ltr'>Respondeo</span> <span class='ocrx_word' id='word_1_304' title='bbox 665 2660 851 2703; x_wconf 74' lang='lat' dir='ltr'>provocasse</span> <span class='ocrx_word' id='word_1_305' title='bbox 861 2670 938 2694; x_wconf 88' lang='lat' dir='ltr'>ante</span> <span class='ocrx_word' id='word_1_306' title='bbox 949 2660 1071 2703; x_wconf 85' lang='lat' dir='ltr'>ipsum.</span> <span class='ocrx_word' id='word_1_307' title='bbox 1102 2661 1160 2694; x_wconf 88' lang='lat' dir='ltr'>Et·</span> 
     </span>
     <span class='ocr_line' id='line_1_46' title="bbox 266 2709 1157 2754; baseline -0.004 -8"><span class='ocrx_word' id='word_1_308' title='bbox 266 2712 357 2746; x_wconf 85' lang='lat' dir='ltr'>enim</span> <span class='ocrx_word' id='word_1_309' title='bbox 383 2711 525 2745; x_wconf 85' lang='lat' dir='ltr'>famosus</span> <span class='ocrx_word' id='word_1_310' title='bbox 541 2735 552 2751; x_wconf 90' lang='lat'>,</span> <span class='ocrx_word' id='word_1_311' title='bbox 578 2722 675 2754; x_wconf 87' lang='lat' dir='ltr'>quem</span> <span class='ocrx_word' id='word_1_312' title='bbox 689 2709 851 2743; x_wconf 84' lang='lat' dir='ltr'>Leontius</span> <span class='ocrx_word' id='word_1_313' title='bbox 862 2709 1077 2743; x_wconf 82' lang='lat' dir='ltr'>scholasticus</span> <span class='ocrx_word' id='word_1_314' title='bbox 1094 2710 1157 2753; x_wconf 90' lang='lat' dir='ltr'>By-</span> 
     </span>
     <span class='ocr_line' id='line_1_47' title="bbox 268 2759 1155 2797; baseline -0.003 0"><span class='ocrx_word' id='word_1_315' title='bbox 268 2761 421 2797; x_wconf 84' lang='lat' dir='ltr'>zantinus</span> <span class='ocrx_word' id='word_1_316' title='bbox 432 2762 466 2794; x_wconf 90' lang='lat' dir='ltr'>in</span> <span class='ocrx_word' id='word_1_317' title='bbox 480 2760 565 2794; x_wconf 88' lang='lat' dir='ltr'>libro</span> <span class='ocrx_word' id='word_1_318' title='bbox 576 2761 618 2795; x_wconf 91' lang='lat' dir='ltr'>de</span> <span class='ocrx_word' id='word_1_319' title='bbox 628 2760 726 2796; x_wconf 72' lang='lat' dir='ltr'>Seffis</span> <span class='ocrx_word' id='word_1_320' title='bbox 745 2759 826 2794; x_wconf 66' lang='lat' dir='ltr'>reste</span> <span class='ocrx_word' id='word_1_321' title='bbox 835 2761 974 2794; x_wconf 87' lang='lat' dir='ltr'>affirmat</span> <span class='ocrx_word' id='word_1_322' title='bbox 996 2761 1060 2794; x_wconf 74' lang='lat' dir='ltr'>esse</span> <span class='ocrx_word' id='word_1_323' title='bbox 1070 2759 1155 2794; x_wconf 88' lang='lat' dir='ltr'>istud</span> 
     </span>
     <span class='ocr_line' id='line_1_48' title="bbox 272 2808 1156 2855; baseline -0.002 -9"><span class='ocrx_word' id='word_1_324' title='bbox 272 2811 557 2846; x_wconf 85' lang='lat' dir='ltr'>confirmatorium</span> <span class='ocrx_word' id='word_1_325' title='bbox 582 2809 746 2853; x_wconf 78' lang='lat' dir='ltr'>Iudicium</span> <span class='ocrx_word' id='word_1_326' title='bbox 756 2834 768 2850; x_wconf 95' lang='lat'>‚</span> <span class='ocrx_word' id='word_1_327' title='bbox 792 2808 913 2855; x_wconf 84' lang='lat' dir='ltr'>Magni</span> <span class='ocrx_word' id='word_1_328' title='bbox 940 2810 1065 2845; x_wconf 85' lang='lat' dir='ltr'>Leonis</span> <span class='ocrx_word' id='word_1_329' title='bbox 1084 2810 1156 2844; x_wconf 93' lang='lat' dir='ltr'>To·</span> 
     </span>
     <span class='ocr_line' id='line_1_49' title="bbox 270 2859 1156 2905; baseline -0.001 -9"><span class='ocrx_word' id='word_1_330' title='bbox 270 2873 344 2896; x_wconf 85' lang='lat' dir='ltr'>mus</span> <span class='ocrx_word' id='word_1_331' title='bbox 363 2861 408 2896; x_wconf 89' lang='lat' dir='ltr'>est</span> <span class='ocrx_word' id='word_1_332' title='bbox 429 2861 525 2895; x_wconf 89' lang='lat' dir='ltr'>datus</span> <span class='ocrx_word' id='word_1_333' title='bbox 549 2861 658 2904; x_wconf 89' lang='lat' dir='ltr'>quinti</span> <span class='ocrx_word' id='word_1_334' title='bbox 682 2859 787 2894; x_wconf 83' lang='lat' dir='ltr'>saeculi</span> <span class='ocrx_word' id='word_1_335' title='bbox 805 2870 894 2895; x_wconf 89' lang='lat' dir='ltr'>anno</span> <span class='ocrx_word' id='word_1_336' title='bbox 907 2860 1156 2905; x_wconf 87' lang='lat' dir='ltr'>quadragesimo</span> 
     </span>
     <span class='ocr_line' id='line_1_50' title="bbox 271 2909 1156 2954; baseline -0.003 -8"><span class='ocrx_word' id='word_1_337' title='bbox 271 2924 386 2953; x_wconf 88' lang='lat' dir='ltr'>nono,</span> <span class='ocrx_word' id='word_1_338' title='bbox 412 2909 526 2945; x_wconf 87' lang='lat' dir='ltr'>Idibus</span> <span class='ocrx_word' id='word_1_339' title='bbox 538 2910 644 2954; x_wconf 85' lang='lat' dir='ltr'>junii,</span> <span class='ocrx_word' id='word_1_340' title='bbox 672 2909 789 2950; x_wconf 81' lang='lat' dir='ltr'>idest,</span> <span class='ocrx_word' id='word_1_341' title='bbox 814 2910 869 2944; x_wconf 90' lang='lat' dir='ltr'>die</span> <span class='ocrx_word' id='word_1_342' title='bbox 891 2910 1018 2945; x_wconf 84' lang='lat' dir='ltr'>decima</span> <span class='ocrx_word' id='word_1_343' title='bbox 1040 2910 1156 2953; x_wconf 85' lang='lat' dir='ltr'>tertia;</span> 
     </span>
     <span class='ocr_line' id='line_1_51' title="bbox 272 2959 1159 3006; baseline -0.002 -10"><span class='ocrx_word' id='word_1_344' title='bbox 272 2973 306 2996; x_wconf 86' lang='lat' dir='ltr'>at</span> <span class='ocrx_word' id='word_1_345' title='bbox 318 2961 395 2997; x_wconf 78' lang='lat' dir='ltr'>vero</span> <span class='ocrx_word' id='word_1_346' title='bbox 406 2960 549 3005; x_wconf 82' lang='lat' dir='ltr'>ejusdem</span> <span class='ocrx_word' id='word_1_347' title='bbox 561 2960 733 2995; x_wconf 88' lang='lat' dir='ltr'>Pontificis</span> <span class='ocrx_word' id='word_1_348' title='bbox 744 2984 755 3001; x_wconf 86' lang='lat'>,</span> <span class='ocrx_word' id='word_1_349' title='bbox 781 2959 896 2994; x_wconf 87' lang='lat' dir='ltr'>eodem</span> <span class='ocrx_word' id='word_1_350' title='bbox 906 2972 946 2995; x_wconf 87' lang='lat' dir='ltr'>an</span> <span class='ocrx_word' id='word_1_351' title='bbox 952 2972 996 2995; x_wconf 91' lang='lat' dir='ltr'>no</span> <span class='ocrx_word' id='word_1_352' title='bbox 1007 2960 1061 2995; x_wconf 83' lang='lat' dir='ltr'>die</span> <span class='ocrx_word' id='word_1_353' title='bbox 1071 2962 1159 3006; x_wconf 84' lang='lat' dir='ltr'>vige·</span> 
     </span>
     <span class='ocr_line' id='line_1_52' title="bbox 274 3009 1159 3056; baseline 0.001 -12"><span class='ocrx_word' id='word_1_354' title='bbox 274 3013 351 3046; x_wconf 75' lang='lat' dir='ltr'>sima</span> <span class='ocrx_word' id='word_1_355' title='bbox 363 3012 478 3056; x_wconf 82' lang='lat' dir='ltr'>quinta</span> <span class='ocrx_word' id='word_1_356' title='bbox 501 3011 587 3045; x_wconf 88' lang='lat' dir='ltr'>Maii</span> <span class='ocrx_word' id='word_1_357' title='bbox 608 3012 724 3056; x_wconf 86' lang='lat' dir='ltr'>scripta</span> <span class='ocrx_word' id='word_1_358' title='bbox 744 3010 785 3045; x_wconf 89' lang='lat' dir='ltr'>ad</span> <span class='ocrx_word' id='word_1_359' title='bbox 796 3010 1025 3054; x_wconf 83' lang='lat' dir='ltr'>Imperatorem</span> <span class='ocrx_word' id='word_1_360' title='bbox 1037 3009 1159 3045; x_wconf 89' lang='lat' dir='ltr'>Theo·-</span> 
     </span>
     <span class='ocr_line' id='line_1_53' title="bbox 275 3060 1158 3105; baseline 0.001 -11"><span class='ocrx_word' id='word_1_361' title='bbox 275 3060 400 3096; x_wconf 76' lang='lat' dir='ltr'>donum</span> <span class='ocrx_word' id='word_1_362' title='bbox 416 3084 427 3100; x_wconf 85' lang='grc'>,</span> <span class='ocrx_word' id='word_1_363' title='bbox 447 3061 583 3105; x_wconf 87' lang='lat' dir='ltr'>epistola</span> <span class='ocrx_word' id='word_1_364' title='bbox 595 3060 694 3096; x_wconf 81' lang='lat' dir='ltr'>habet</span> <span class='ocrx_word' id='word_1_365' title='bbox 710 3061 794 3095; x_wconf 82' lang='lat' dir='ltr'>inter</span> <span class='ocrx_word' id='word_1_366' title='bbox 803 3072 913 3096; x_wconf 83' lang='lat' dir='ltr'>caetera</span> <span class='ocrx_word' id='word_1_367' title='bbox 927 3073 934 3094; x_wconf 90' lang='lat'>:</span> <span class='ocrx_word' id='word_1_368' title='bbox 963 3062 1055 3105; x_wconf 75' lang='lat' dir='ltr'>,Quod</span> <span class='ocrx_word' id='word_1_369' title='bbox 1062 3063 1082 3094; x_wconf 74' lang='lat' dir='ltr'>a</span> <span class='ocrx_word' id='word_1_370' title='bbox 1092 3072 1138 3095; x_wconf 91' lang='lat' dir='ltr'>me</span> <span class='ocrx_word' id='word_1_371' title='bbox 1148 3085 1158 3100; x_wconf 91' lang='lat'>‚</span> 
     </span>
     <span class='ocr_line' id='line_1_54' title="bbox 278 3110 1157 3155; baseline 0.001 -13"><span class='ocrx_word' id='word_1_372' title='bbox 278 3111 371 3152; x_wconf 73' lang='lat' dir='ltr'>atque</span> <span class='ocrx_word' id='word_1_373' title='bbox 381 3111 418 3142; x_wconf 85' lang='lat' dir='ltr'>ab</span> <span class='ocrx_word' id='word_1_374' title='bbox 430 3111 562 3144; x_wconf 79' lang='lat' dir='ltr'>omnibus</span> <span class='ocrx_word' id='word_1_375' title='bbox 573 3110 736 3146; x_wconf 75' lang='lat' dir='ltr'>Catholicis</span> <span class='ocrx_word' id='word_1_376' title='bbox 746 3113 766 3144; x_wconf 86' lang='lat'><em>5</em></span> <span class='ocrx_word' id='word_1_377' title='bbox 767 3112 951 3145; x_wconf 79' lang='lat' dir='ltr'>acerdotihus</span> <span class='ocrx_word' id='word_1_378' title='bbox 964 3115 993 3144; x_wconf 85' lang='lat' dir='ltr'>E</span> <span class='ocrx_word' id='word_1_379' title='bbox 996 3112 1157 3155; x_wconf 79' lang='lat' dir='ltr'>vangelicae</span> 
     </span>
     <span class='ocr_line' id='line_1_55' title="bbox 275 3160 1159 3205; baseline 0 -13"><span class='ocrx_word' id='word_1_380' title='bbox 275 3160 348 3203; x_wconf 78' lang='lat' dir='ltr'>fidei</span> <span class='ocrx_word' id='word_1_381' title='bbox 356 3165 458 3201; x_wconf 81' lang='lat' dir='ltr'>pietas</span> <span class='ocrx_word' id='word_1_382' title='bbox 472 3161 654 3202; x_wconf 77' lang='lat' dir='ltr'>defendatur</span> <span class='ocrx_word' id='word_1_383' title='bbox 666 3186 677 3202; x_wconf 90' lang='lat'>,</span> <span class='ocrx_word' id='word_1_384' title='bbox 699 3161 780 3205; x_wconf 82' lang='lat' dir='ltr'>satis</span> <span class='ocrx_word' id='word_1_385' title='bbox 788 3162 878 3204; x_wconf 63' lang='lat' dir='ltr'>plene*</span> <span class='ocrx_word' id='word_1_386' title='bbox 899 3173 934 3196; x_wconf 82' lang='lat' dir='ltr'>ac</span> <span class='ocrx_word' id='word_1_387' title='bbox 944 3163 1039 3195; x_wconf 72' lang='lat' dir='ltr'>lucide</span> <span class='ocrx_word' id='word_1_388' title='bbox 1050 3162 1159 3194; x_wconf 71' lang='lat' dir='ltr'>litteris</span> 
     </span>
     <span class='ocr_line' id='line_1_56' title="bbox 278 3211 1159 3253; baseline -0.001 -10"><span class='ocrx_word' id='word_1_389' title='bbox 278 3217 354 3243; x_wconf 77' lang='lat' dir='ltr'>mets</span> <span class='ocrx_word' id='word_1_390' title='bbox 365 3232 376 3248; x_wconf 91' lang='lat'>‚</span> <span class='ocrx_word' id='word_1_391' title='bbox 401 3220 478 3251; x_wconf 83' lang='lat' dir='ltr'>quas</span> <span class='ocrx_word' id='word_1_392' title='bbox 502 3213 544 3243; x_wconf 89' lang='lat' dir='ltr'>ad</span> <span class='ocrx_word' id='word_1_393' title='bbox 555 3214 751 3246; x_wconf 82' lang='lat' dir='ltr'>Clementiam</span> <span class='ocrx_word' id='word_1_394' title='bbox 760 3211 886 3252; x_wconf 82' lang='lat' dir='ltr'>vestram</span> <span class='ocrx_word' id='word_1_395' title='bbox 891 3214 962 3253; x_wconf 85' lang='lat' dir='ltr'>jam</span> <span class='ocrx_word' id='word_1_396' title='bbox 982 3212 1095 3245; x_wconf 74' lang='lat' dir='ltr'>dudum</span> <span class='ocrx_word' id='word_1_397' title='bbox 1103 3219 1159 3252; x_wconf 84' lang='lat' dir='ltr'>per</span> 
     </span>
     <span class='ocr_line' id='line_1_57' title="bbox 272 3258 1160 3304; baseline 0.001 -12"><span class='ocrx_word' id='word_1_398' title='bbox 272 3258 424 3303; x_wconf 71' lang='lat' dir='ltr'>furnulum</span> <span class='ocrx_word' id='word_1_399' title='bbox 447 3259 571 3297; x_wconf 80' lang='lat' dir='ltr'>vestrum</span> <span class='ocrx_word' id='word_1_400' title='bbox 593 3261 803 3304; x_wconf 67' lang='lat' dir='ltr'>Epiphaniam</span> <span class='ocrx_word' id='word_1_401' title='bbox 822 3262 1011 3301; x_wconf 75' lang='lat' dir='ltr'>Tribunum,</span> <span class='ocrx_word' id='word_1_402' title='bbox 1035 3266 1085 3302; x_wconf 73' lang='lat' dir='ltr'>qui</span> <span class='ocrx_word' id='word_1_403' title='bbox 1104 3269 1160 3302; x_wconf 84' lang='lat' dir='ltr'>pro</span> 
     </span>
     <span class='ocr_line' id='line_1_58' title="bbox 278 3307 1157 3355; baseline -0.001 -12"><span class='ocrx_word' id='word_1_404' title='bbox 278 3309 332 3343; x_wconf 88' lang='lat' dir='ltr'>hac</span> <span class='ocrx_word' id='word_1_405' title='bbox 341 3307 429 3351; x_wconf 88' lang='lat' dir='ltr'>causa</span> <span class='ocrx_word' id='word_1_406' title='bbox 441 3308 538 3351; x_wconf 78' lang='lat' dir='ltr'>missus</span> <span class='ocrx_word' id='word_1_407' title='bbox 552 3309 590 3347; x_wconf 86' lang='lat' dir='ltr'>est</span> <span class='ocrx_word' id='word_1_408' title='bbox 602 3334 613 3350; x_wconf 91' lang='lat'>‚</span> <span class='ocrx_word' id='word_1_409' title='bbox 639 3311 767 3345; x_wconf 81' lang='lat' dir='ltr'>arbitror</span> <span class='ocrx_word' id='word_1_410' title='bbox 774 3313 906 3355; x_wconf 76' lang='lat' dir='ltr'>accepisse</span> <span class='ocrx_word' id='word_1_411' title='bbox 914 3335 925 3352; x_wconf 93' lang='lat'>‚</span> <span class='ocrx_word' id='word_1_412' title='bbox 935 3310 1095 3355; x_wconf 72' lang='lat' dir='ltr'>reseratum</span> <span class='ocrx_word' id='word_1_413' title='bbox 1104 3311 1142 3350; x_wconf 79' lang='lat' dir='ltr'>est</span> <span class='ocrx_word' id='word_1_414' title='bbox 1150 3336 1157 3343; x_wconf 92' lang='lat'>.</span> 
     </span>
     <span class='ocr_line' id='line_1_59' title="bbox 279 3357 1160 3403; baseline -0.001 -9"><span class='ocrx_word' id='word_1_415' title='bbox 279 3363 346 3395; x_wconf 76' lang='lat' dir='ltr'>Nee</span> <span class='ocrx_word' id='word_1_416' title='bbox 372 3358 483 3403; x_wconf 75' lang='lat' dir='ltr'>ambigi</span> <span class='ocrx_word' id='word_1_417' title='bbox 502 3357 594 3400; x_wconf 82' lang='lat' dir='ltr'>potest</span> <span class='ocrx_word' id='word_1_418' title='bbox 618 3382 630 3398; x_wconf 93' lang='lat'>‚</span> <span class='ocrx_word' id='word_1_419' title='bbox 655 3359 707 3393; x_wconf 89' lang='lat' dir='ltr'>hoc</span> <span class='ocrx_word' id='word_1_420' title='bbox 727 3363 934 3403; x_wconf 76' lang='lat' dir='ltr'>nospurt&#39;ffime</span> <span class='ocrx_word' id='word_1_421' title='bbox 953 3362 1085 3401; x_wconf 80' lang='lat' dir='ltr'>credere,</span> <span class='ocrx_word' id='word_1_422' title='bbox 1110 3360 1160 3394; x_wconf 86' lang='lat' dir='ltr'>hoc</span> 
     </span>
     <span class='ocr_line' id='line_1_60' title="bbox 278 3408 1157 3454; baseline 0 -8"><span class='ocrx_word' id='word_1_423' title='bbox 278 3408 440 3454; x_wconf 72' lang='lat' dir='ltr'>constanter</span> <span class='ocrx_word' id='word_1_424' title='bbox 461 3408 604 3453; x_wconf 79' lang='lat' dir='ltr'>asserere,</span> <span class='ocrx_word' id='word_1_425' title='bbox 628 3411 710 3454; x_wconf 82' lang='lat' dir='ltr'>quod</span> <span class='ocrx_word' id='word_1_426' title='bbox 726 3416 818 3446; x_wconf 77' lang='lat' dir='ltr'>etiam</span> <span class='ocrx_word' id='word_1_427' title='bbox 844 3412 1134 3450; x_wconf 65' lang='lat' dir='ltr'>venerandi&#39;Patres</span> <span class='ocrx_word' id='word_1_428' title='bbox 1145 3435 1157 3454; x_wconf 92' lang='lat'><em>‚</em></span> 
     </span>
    </p>
   </div>
   <div class='ocr_carea' id='block_1_12' title="bbox 1218 303 2159 1058">
    <p class='ocr_par' dir='ltr' id='par_1_12' title="bbox 1218 303 2159 1058">
     <span class='ocr_line' id='line_1_61' title="bbox 1235 303 2109 356; baseline 0.013 -18"><span class='ocrx_word' id='word_1_429' title='bbox 1235 310 1326 338; x_wconf 81' lang='lat' dir='ltr'>ritate</span> <span class='ocrx_word' id='word_1_430' title='bbox 1343 303 1530 347; x_wconf 74' lang='lat' dir='ltr'>sanxerunt.</span> <span class='ocrx_word' id='word_1_431' title='bbox 1558 312 1625 341; x_wconf 88' lang='lat' dir='ltr'>Nos</span> <span class='ocrx_word' id='word_1_432' title='bbox 1647 314 1750 349; x_wconf 74' lang='lat' dir='ltr'>enim,</span> <span class='ocrx_word' id='word_1_433' title='bbox 1773 312 1953 346; x_wconf 77' lang='lat' dir='ltr'>venerabilis</span> <span class='ocrx_word' id='word_1_434' title='bbox 1976 318 2109 356; x_wconf 77' lang='lat' dir='ltr'>Impera·</span> 
     </span>
     <span class='ocr_line' id='line_1_62' title="bbox 1232 351 2105 403; baseline 0.014 -16"><span class='ocrx_word' id='word_1_435' title='bbox 1232 364 1302 394; x_wconf 78' lang='lat' dir='ltr'>tor,</span> <span class='ocrx_word' id='word_1_436' title='bbox 1321 354 1395 396; x_wconf 78' lang='lat' dir='ltr'>ficut</span> <span class='ocrx_word' id='word_1_437' title='bbox 1406 351 1655 403; x_wconf 74' lang='lat' dir='ltr'>Nestoriibogma</span> <span class='ocrx_word' id='word_1_438' title='bbox 1671 358 1847 402; x_wconf 83' lang='lat' dir='ltr'>perversum</span> <span class='ocrx_word' id='word_1_439' title='bbox 1866 365 1968 395; x_wconf 73' lang='lat' dir='ltr'>merito</span> <span class='ocrx_word' id='word_1_440' title='bbox 1984 365 2105 399; x_wconf 75' lang='lat' dir='ltr'>anathe-</span> 
     </span>
     <span class='ocr_line' id='line_1_63' title="bbox 1232 408 2106 456; baseline 0.014 -20"><span class='ocrx_word' id='word_1_441' title='bbox 1232 410 1448 439; x_wconf 73' lang='lat' dir='ltr'>mattzavimus</span> <span class='ocrx_word' id='word_1_442' title='bbox 1459 431 1472 448; x_wconf 92' lang='lat'>,</span> <span class='ocrx_word' id='word_1_443' title='bbox 1498 409 1543 441; x_wconf 75' lang='lat' dir='ltr'>ita</span> <span class='ocrx_word' id='word_1_444' title='bbox 1559 409 1639 450; x_wconf 70' lang='lat' dir='ltr'>juste</span> <span class='ocrx_word' id='word_1_445' title='bbox 1659 415 1751 443; x_wconf 78' lang='lat' dir='ltr'>etiam</span> <span class='ocrx_word' id='word_1_446' title='bbox 1772 408 1876 443; x_wconf 82' lang='lat' dir='ltr'>borum</span> <span class='ocrx_word' id='word_1_447' title='bbox 1899 415 2081 453; x_wconf 74' lang='lat' dir='ltr'>impletatem</span> <span class='ocrx_word' id='word_1_448' title='bbox 2093 439 2106 456; x_wconf 84' lang='lat'>,</span> 
     </span>
     <span class='ocr_line' id='line_1_64' title="bbox 1232 458 2107 506; baseline 0.013 -18"><span class='ocrx_word' id='word_1_449' title='bbox 1232 460 1282 496; x_wconf 77' lang='lat' dir='ltr'>qui</span> <span class='ocrx_word' id='word_1_450' title='bbox 1292 459 1454 489; x_wconf 80' lang='lat' dir='ltr'>veritatem</span> <span class='ocrx_word' id='word_1_451' title='bbox 1471 462 1568 490; x_wconf 84' lang='lat' dir='ltr'>carnis</span> <span class='ocrx_word' id='word_1_452' title='bbox 1588 458 1691 499; x_wconf 65' lang='lat' dir='ltr'>nostra</span> <span class='ocrx_word' id='word_1_453' title='bbox 1703 467 1814 504; x_wconf 86' lang='lat' dir='ltr'>ne&#39;gant</span> <span class='ocrx_word' id='word_1_454' title='bbox 1833 462 1854 492; x_wconf 76' lang='lat' dir='ltr'>a</span> <span class='ocrx_word' id='word_1_455' title='bbox 1864 461 1980 495; x_wconf 73' lang='lat' dir='ltr'>domino</span> <span class='ocrx_word' id='word_1_456' title='bbox 1983 464 2015 506; x_wconf 87' lang='lat' dir='ltr'><strong><em>J</em></strong></span> <span class='ocrx_word' id='word_1_457' title='bbox 2018 466 2107 499; x_wconf 73' lang='lat' dir='ltr'>Est!-</span> 
     </span>
     <span class='ocr_line' id='line_1_65' title="bbox 1229 504 2108 554; baseline 0.006 -17"><span class='ocrx_word' id='word_1_458' title='bbox 1229 508 1406 538; x_wconf 78' lang='lat' dir='ltr'><em>CHRISTO</em></span> <span class='ocrx_word' id='word_1_459' title='bbox 1423 504 1587 548; x_wconf 81' lang='lat' dir='ltr'>susceptam</span> <span class='ocrx_word' id='word_1_460' title='bbox 1603 510 1677 552; x_wconf 79' lang='lat' dir='ltr'>esse,</span> <span class='ocrx_word' id='word_1_461' title='bbox 1703 511 1884 543; x_wconf 84' lang='lat' dir='ltr'>damnamus</span> <span class='ocrx_word' id='word_1_462' title='bbox 1914 536 1925 552; x_wconf 91' lang='lat'>,</span> <span class='ocrx_word' id='word_1_463' title='bbox 1952 513 2108 554; x_wconf 68' lang='lat' dir='ltr'>Glortofiffi.</span> 
     </span>
     <span class='ocr_line' id='line_1_66' title="bbox 1228 555 2111 605; baseline 0.011 -19"><span class='ocrx_word' id='word_1_464' title='bbox 1228 558 1274 589; x_wconf 64' lang='lat' dir='ltr'>mle</span> <span class='ocrx_word' id='word_1_465' title='bbox 1285 580 1292 587; x_wconf 92' lang='lat'><strong>.</strong></span> <span class='ocrx_word' id='word_1_466' title='bbox 1320 557 1404 589; x_wconf 80' lang='lat' dir='ltr'>Unde</span> <span class='ocrx_word' id='word_1_467' title='bbox 1410 555 1440 597; x_wconf 83' lang='lat' dir='ltr'><em>fi</em></span> <span class='ocrx_word' id='word_1_468' title='bbox 1447 559 1549 590; x_wconf 74' lang='lat' dir='ltr'>Pietas</span> <span class='ocrx_word' id='word_1_469' title='bbox 1572 559 1668 598; x_wconf 65' lang='lat' dir='ltr'>vestra</span> <span class='ocrx_word' id='word_1_470' title='bbox 1675 558 1851 604; x_wconf 74' lang='lat' dir='ltr'>suggestioni</span> <span class='ocrx_word' id='word_1_471' title='bbox 1872 562 1906 594; x_wconf 67' lang='grc'>(9</span> <span class='ocrx_word' id='word_1_472' title='bbox 1912 560 2111 605; x_wconf 76' lang='lat' dir='ltr'>supplicatio·</span> 
     </span>
     <span class='ocr_line' id='line_1_67' title="bbox 1227 605 2109 650; baseline 0.01 -13"><span class='ocrx_word' id='word_1_473' title='bbox 1227 611 1259 638; x_wconf 82' lang='lat' dir='ltr'>m·</span> <span class='ocrx_word' id='word_1_474' title='bbox 1270 605 1372 646; x_wconf 76' lang='lat' dir='ltr'>nostrae</span> <span class='ocrx_word' id='word_1_475' title='bbox 1392 608 1527 650; x_wconf 82' lang='lat' dir='ltr'>dignetur</span> <span class='ocrx_word' id='word_1_476' title='bbox 1537 619 1686 649; x_wconf 81' lang='lat' dir='ltr'>annuere,</span> <span class='ocrx_word' id='word_1_477' title='bbox 1712 619 1746 643; x_wconf 89' lang='lat' dir='ltr'>ut</span> <span class='ocrx_word' id='word_1_478' title='bbox 1755 617 1838 643; x_wconf 79' lang='lat' dir='ltr'>intra</span> <span class='ocrx_word' id='word_1_479' title='bbox 1862 612 1984 645; x_wconf 74' lang='lat' dir='ltr'>Italiam</span> <span class='ocrx_word' id='word_1_480' title='bbox 2002 611 2109 649; x_wconf 73' lang='lat' dir='ltr'>baberi</span> 
     </span>
     <span class='ocr_line' id='line_1_68' title="bbox 1218 655 2108 701; baseline 0.009 -13"><span class='ocrx_word' id='word_1_481' title='bbox 1218 655 1353 696; x_wconf 72' lang='lat' dir='ltr'>jubeatis</span> <span class='ocrx_word' id='word_1_482' title='bbox 1380 655 1558 701; x_wconf 58' lang='lat' dir='ltr'>Epist-apale</span> <span class='ocrx_word' id='word_1_483' title='bbox 1576 658 1759 701; x_wconf 75' lang='lat' dir='ltr'>Concilium,</span> <span class='ocrx_word' id='word_1_484' title='bbox 1783 664 1841 694; x_wconf 75' lang='lat' dir='ltr'>cito</span> <span class='ocrx_word' id='word_1_485' title='bbox 1865 663 2034 696; x_wconf 78' lang='lat' dir='ltr'>auxiliante</span> <span class='ocrx_word' id='word_1_486' title='bbox 2049 666 2108 696; x_wconf 89' lang='lat' dir='ltr'>Do-</span> 
     </span>
     <span class='ocr_line' id='line_1_69' title="bbox 1226 707 2107 754; baseline 0.008 -17"><span class='ocrx_word' id='word_1_487' title='bbox 1226 712 1305 739; x_wconf 81' lang='lat' dir='ltr'>mino</span> <span class='ocrx_word' id='word_1_488' title='bbox 1311 715 1454 748; x_wconf 82' lang='lat' dir='ltr'>poterunt</span> <span class='ocrx_word' id='word_1_489' title='bbox 1465 713 1564 741; x_wconf 84' lang='lat' dir='ltr'>omnia</span> <span class='ocrx_word' id='word_1_490' title='bbox 1570 707 1720 750; x_wconf 68' lang='lat' dir='ltr'>scandala</span> <span class='ocrx_word' id='word_1_491' title='bbox 1730 734 1741 751; x_wconf 90' lang='lat'>,</span> <span class='ocrx_word' id='word_1_492' title='bbox 1766 722 1833 752; x_wconf 86' lang='lat' dir='ltr'>quae</span> <span class='ocrx_word' id='word_1_493' title='bbox 1857 716 1890 744; x_wconf 81' lang='lat' dir='ltr'>in</span> <span class='ocrx_word' id='word_1_494' title='bbox 1898 712 2107 754; x_wconf 82' lang='lat' dir='ltr'>perturbatio·</span> 
     </span>
     <span class='ocr_line' id='line_1_70' title="bbox 1224 757 2159 805; baseline 0.012 -17"><span class='ocrx_word' id='word_1_495' title='bbox 1224 766 1291 789; x_wconf 85' lang='lat' dir='ltr'>nem</span> <span class='ocrx_word' id='word_1_496' title='bbox 1301 762 1391 789; x_wconf 80' lang='lat' dir='ltr'>totius</span> <span class='ocrx_word' id='word_1_497' title='bbox 1411 757 1545 799; x_wconf 82' lang='lat' dir='ltr'>Ecclefiae</span> <span class='ocrx_word' id='word_1_498' title='bbox 1553 757 1625 802; x_wconf 60' lang='lat' dir='ltr'>fient</span> <span class='ocrx_word' id='word_1_499' title='bbox 1646 769 1807 801; x_wconf 80' lang='lat' dir='ltr'>commota,</span> <span class='ocrx_word' id='word_1_500' title='bbox 1832 761 1979 805; x_wconf 72' lang='lat' dir='ltr'>resecari,</span> <span class='ocrx_word' id='word_1_501' title='bbox 2007 773 2040 797; x_wconf 89' lang='lat' dir='ltr'>ut</span> <span class='ocrx_word' id='word_1_502' title='bbox 2051 771 2108 805; x_wconf 76' lang='lat' dir='ltr'>per,</span> <span class='ocrx_word' id='word_1_503' title='bbox 2157 801 2159 804; x_wconf 66' lang='grc'>,</span> 
     </span>
     <span class='ocr_line' id='line_1_71' title="bbox 1223 804 2110 858; baseline 0.011 -20"><span class='ocrx_word' id='word_1_504' title='bbox 1223 804 1394 848; x_wconf 80' lang='lat' dir='ltr'>universum</span> <span class='ocrx_word' id='word_1_505' title='bbox 1406 809 1541 850; x_wconf 84' lang='lat' dir='ltr'>Regnum</span> <span class='ocrx_word' id='word_1_506' title='bbox 1555 808 1683 848; x_wconf 85' lang='lat' dir='ltr'>vestrum</span> <span class='ocrx_word' id='word_1_507' title='bbox 1693 809 1853 843; x_wconf 81' lang='lat' dir='ltr'>Catholicae</span> <span class='ocrx_word' id='word_1_508' title='bbox 1860 811 1936 853; x_wconf 77' lang='lat' dir='ltr'>fidet</span> <span class='ocrx_word' id='word_1_509' title='bbox 1948 819 2110 858; x_wconf 72' lang='lat' dir='ltr'>integrita-</span> 
     </span>
     <span class='ocr_line' id='line_1_72' title="bbox 1224 854 2109 903; baseline 0.011 -15"><span class='ocrx_word' id='word_1_510' title='bbox 1224 866 1253 888; x_wconf 82' lang='lat' dir='ltr'>te</span> <span class='ocrx_word' id='word_1_511' title='bbox 1266 854 1393 898; x_wconf 82' lang='lat' dir='ltr'>servata</span> <span class='ocrx_word' id='word_1_512' title='bbox 1414 881 1426 897; x_wconf 92' lang='lat'>,</span> <span class='ocrx_word' id='word_1_513' title='bbox 1453 859 1486 891; x_wconf 72' lang='lat'>(9⁶</span> <span class='ocrx_word' id='word_1_514' title='bbox 1501 866 1607 900; x_wconf 85' lang='lat' dir='ltr'>pacem</span> <span class='ocrx_word' id='word_1_515' title='bbox 1629 859 1740 899; x_wconf 65' lang='lat' dir='ltr'>Christ}</span> <span class='ocrx_word' id='word_1_516' title='bbox 1756 872 1895 903; x_wconf 86' lang='lat' dir='ltr'>manere,</span> <span class='ocrx_word' id='word_1_517' title='bbox 1921 864 1956 896; x_wconf 64' lang='grc' dir='ltr'>ὁ·</span> <span class='ocrx_word' id='word_1_518' title='bbox 1978 865 2109 903; x_wconf 78' lang='lat' dir='ltr'>vestram</span> 
     </span>
     <span class='ocr_line' id='line_1_73' title="bbox 1221 908 2107 953; baseline 0.011 -15"><span class='ocrx_word' id='word_1_519' title='bbox 1221 908 1304 946; x_wconf 85' lang='lat' dir='ltr'>apud</span> <span class='ocrx_word' id='word_1_520' title='bbox 1310 909 1406 942; x_wconf 87' lang='lat' dir='ltr'>Deum</span> <span class='ocrx_word' id='word_1_521' title='bbox 1410 909 1539 951; x_wconf 81' lang='lat' dir='ltr'>gloriam</span> <span class='ocrx_word' id='word_1_522' title='bbox 1549 908 1670 952; x_wconf 75' lang='lat' dir='ltr'>crescere</span> <span class='ocrx_word' id='word_1_523' title='bbox 1690 911 1895 953; x_wconf 82' lang='lat' dir='ltr'>gaudeamus.</span> <span class='ocrx_word' id='word_1_524' title='bbox 1926 913 2107 948; x_wconf 58' lang='lat' dir='ltr'>Facinoroa</span> 
     </span>
     <span class='ocr_line' id='line_1_74' title="bbox 1223 956 2107 1006; baseline 0.014 -18"><span class='ocrx_word' id='word_1_525' title='bbox 1223 958 1273 989; x_wconf 89' lang='lat' dir='ltr'>sus</span> <span class='ocrx_word' id='word_1_526' title='bbox 1282 956 1450 999; x_wconf 83' lang='lat' dir='ltr'>Eutyches</span> <span class='ocrx_word' id='word_1_527' title='bbox 1472 958 1580 993; x_wconf 84' lang='lat' dir='ltr'>statim</span> <span class='ocrx_word' id='word_1_528' title='bbox 1599 960 1618 993; x_wconf 73' lang='lat' dir='ltr'>a</span> <span class='ocrx_word' id='word_1_529' title='bbox 1633 960 1687 995; x_wconf 88' lang='lat' dir='ltr'>sua</span> <span class='ocrx_word' id='word_1_530' title='bbox 1707 959 1748 995; x_wconf 88' lang='lat' dir='ltr'>ad</span> <span class='ocrx_word' id='word_1_531' title='bbox 1760 960 1928 1006; x_wconf 88' lang='lat' dir='ltr'>Magnum</span> <span class='ocrx_word' id='word_1_532' title='bbox 1955 963 2107 999; x_wconf 77' lang='lat' dir='ltr'>Leonem</span> 
     </span>
     <span class='ocr_line' id='line_1_75' title="bbox 1219 1005 2106 1058; baseline 0.012 -20"><span class='ocrx_word' id='word_1_533' title='bbox 1219 1005 1385 1050; x_wconf 72' lang='lat' dir='ltr'>interjecta</span> <span class='ocrx_word' id='word_1_534' title='bbox 1407 1009 1628 1052; x_wconf 83' lang='lat' dir='ltr'>appellatione</span> <span class='ocrx_word' id='word_1_535' title='bbox 1643 1010 1774 1053; x_wconf 71' lang='lat' dir='ltr'>jat‘iavit</span> <span class='ocrx_word' id='word_1_536' title='bbox 1791 1012 1975 1055; x_wconf 81' lang='lat' dir='ltr'>generalem</span> <span class='ocrx_word' id='word_1_537' title='bbox 1998 1016 2106 1058; x_wconf 88' lang='lat' dir='ltr'>Syno-</span> 
     </span>
    </p>
   </div>
   <div class='ocr_carea' id='block_1_13' title="bbox 1211 1057 2103 1105">
    <p class='ocr_par' dir='ltr' id='par_1_13' title="bbox 1211 1057 2103 1105">
     <span class='ocr_line' id='line_1_76' title="bbox 1211 1057 2103 1105; baseline 0.01 -15"><span class='ocrx_word' id='word_1_538' title='bbox 1211 1057 1317 1090; x_wconf 83' lang='lat' dir='ltr'>dum:</span> <span class='ocrx_word' id='word_1_539' title='bbox 1346 1057 1429 1092; x_wconf 85' lang='lat' dir='ltr'>Eam</span> <span class='ocrx_word' id='word_1_540' title='bbox 1443 1081 1455 1099; x_wconf 89' lang='lat'>,</span> <span class='ocrx_word' id='word_1_541' title='bbox 1480 1058 1502 1092; x_wconf 87' lang='lat' dir='ltr'>si</span> <span class='ocrx_word' id='word_1_542' title='bbox 1516 1058 1674 1093; x_wconf 86' lang='lat' dir='ltr'>Pontifex</span> <span class='ocrx_word' id='word_1_543' title='bbox 1684 1060 1834 1096; x_wconf 84' lang='lat' dir='ltr'>Flaviani</span> <span class='ocrx_word' id='word_1_544' title='bbox 1856 1062 2018 1105; x_wconf 83' lang='lat' dir='ltr'>judicium</span> <span class='ocrx_word' id='word_1_545' title='bbox 2031 1074 2103 1099; x_wconf 86' lang='lat' dir='ltr'>non</span> 
     </span>
    </p>
   </div>
   <div class='ocr_carea' id='block_1_14' title="bbox 1211 1106 2113 2002">
    <p class='ocr_par' dir='ltr' id='par_1_14' title="bbox 1211 1106 2113 2002">
     <span class='ocr_line' id='line_1_77' title="bbox 1218 1106 2105 1159; baseline 0.01 -19"><span class='ocrx_word' id='word_1_546' title='bbox 1218 1106 1475 1142; x_wconf 80' lang='lat' dir='ltr'>circumduceret</span> <span class='ocrx_word' id='word_1_547' title='bbox 1499 1132 1511 1148; x_wconf 94' lang='lat'>,</span> <span class='ocrx_word' id='word_1_548' title='bbox 1537 1109 1583 1143; x_wconf 84' lang='lat' dir='ltr'>est</span> <span class='ocrx_word' id='word_1_549' title='bbox 1603 1110 1824 1145; x_wconf 85' lang='lat' dir='ltr'>comminatus</span> <span class='ocrx_word' id='word_1_550' title='bbox 1844 1137 1852 1144; x_wconf 90' lang='lat'><em>.</em></span> <span class='ocrx_word' id='word_1_551' title='bbox 1881 1111 1955 1147; x_wconf 88' lang='lat' dir='ltr'>Nec</span> <span class='ocrx_word' id='word_1_552' title='bbox 1975 1114 2105 1159; x_wconf 85' lang='lat' dir='ltr'>ignora·</span> 
     </span>
     <span class='ocr_line' id='line_1_78' title="bbox 1219 1155 2106 1206; baseline 0.01 -17"><span class='ocrx_word' id='word_1_553' title='bbox 1219 1155 1272 1189; x_wconf 85' lang='lat' dir='ltr'>bat</span> <span class='ocrx_word' id='word_1_554' title='bbox 1285 1155 1432 1190; x_wconf 87' lang='lat' dir='ltr'>Flaviani</span> <span class='ocrx_word' id='word_1_555' title='bbox 1448 1157 1488 1190; x_wconf 85' lang='lat' dir='ltr'>ad</span> <span class='ocrx_word' id='word_1_556' title='bbox 1502 1157 1651 1192; x_wconf 89' lang='lat' dir='ltr'>Leonem</span> <span class='ocrx_word' id='word_1_557' title='bbox 1663 1159 1780 1193; x_wconf 88' lang='lat' dir='ltr'>verba:</span> <span class='ocrx_word' id='word_1_558' title='bbox 1807 1161 1911 1205; x_wconf 84' lang='lat' dir='ltr'>Causa</span> <span class='ocrx_word' id='word_1_559' title='bbox 1927 1162 2106 1206; x_wconf 77' lang='lat' dir='ltr'>egetsolum-</span> 
     </span>
     <span class='ocr_line' id='line_1_79' title="bbox 1217 1204 2103 1252; baseline 0.012 -16"><span class='ocrx_word' id='word_1_560' title='bbox 1217 1206 1301 1237; x_wconf 72' lang='lat' dir='ltr'>modo</span> <span class='ocrx_word' id='word_1_561' title='bbox 1322 1204 1413 1244; x_wconf 83' lang='lat' dir='ltr'>vestro</span> <span class='ocrx_word' id='word_1_562' title='bbox 1429 1205 1537 1248; x_wconf 76' lang='lat' dir='ltr'>solatio</span> <span class='ocrx_word' id='word_1_563' title='bbox 1558 1209 1652 1250; x_wconf 72' lang='lat' dir='ltr'>atque</span> <span class='ocrx_word' id='word_1_564' title='bbox 1672 1208 1854 1250; x_wconf 83' lang='lat' dir='ltr'>defenstone,</span> <span class='ocrx_word' id='word_1_565' title='bbox 1880 1222 1941 1252; x_wconf 87' lang='lat' dir='ltr'>qua</span> <span class='ocrx_word' id='word_1_566' title='bbox 1965 1214 2103 1248; x_wconf 70' lang='lat' dir='ltr'>debeatis</span> 
     </span>
     <span class='ocr_line' id='line_1_80' title="bbox 1216 1252 2105 1302; baseline 0.01 -15"><span class='ocrx_word' id='word_1_567' title='bbox 1216 1252 1351 1297; x_wconf 76' lang='lat' dir='ltr'>consensu</span> <span class='ocrx_word' id='word_1_568' title='bbox 1365 1261 1486 1297; x_wconf 78' lang='lat' dir='ltr'>proprio</span> <span class='ocrx_word' id='word_1_569' title='bbox 1508 1257 1553 1289; x_wconf 86' lang='lat' dir='ltr'>ad</span> <span class='ocrx_word' id='word_1_570' title='bbox 1576 1259 1850 1300; x_wconf 68' lang='lat' dir='ltr'>tranquillitatem,</span> <span class='ocrx_word' id='word_1_571' title='bbox 1876 1261 2022 1302; x_wconf 73' lang='lat' dir='ltr'>&amp;pacem</span> <span class='ocrx_word' id='word_1_572' title='bbox 2032 1273 2105 1296; x_wconf 82' lang='lat' dir='ltr'>cun-</span> 
     </span>
     <span class='ocr_line' id='line_1_81' title="bbox 1216 1304 2105 1354; baseline 0.01 -17"><span class='ocrx_word' id='word_1_573' title='bbox 1216 1304 1265 1337; x_wconf 67' lang='lat' dir='ltr'>c‘ia</span> <span class='ocrx_word' id='word_1_574' title='bbox 1273 1305 1431 1346; x_wconf 84' lang='lat' dir='ltr'>perducere</span> <span class='ocrx_word' id='word_1_575' title='bbox 1442 1330 1449 1337; x_wconf 89' lang='lat'><strong>.</strong></span> <span class='ocrx_word' id='word_1_576' title='bbox 1478 1306 1687 1341; x_wconf 74' lang='lat' dir='ltr'>Removebitur</span> <span class='ocrx_word' id='word_1_577' title='bbox 1697 1309 1731 1342; x_wconf 66' lang='grc' dir='ltr'>ὦ·</span> <span class='ocrx_word' id='word_1_578' title='bbox 1743 1309 1905 1342; x_wconf 76' lang='lat' dir='ltr'>Concilium</span> <span class='ocrx_word' id='word_1_579' title='bbox 1917 1334 1928 1350; x_wconf 92' lang='lat'>‚</span> <span class='ocrx_word' id='word_1_580' title='bbox 1952 1313 2029 1353; x_wconf 81' lang='lat' dir='ltr'>quod</span> <span class='ocrx_word' id='word_1_581' title='bbox 2037 1310 2105 1354; x_wconf 65' lang='lat' dir='ltr'>fier}</span> 
     </span>
     <span class='ocr_line' id='line_1_82' title="bbox 1216 1354 2104 1398; baseline 0.011 -11"><span class='ocrx_word' id='word_1_582' title='bbox 1216 1355 1409 1398; x_wconf 81' lang='lat' dir='ltr'>divulgatur.</span> <span class='ocrx_word' id='word_1_583' title='bbox 1437 1354 1588 1391; x_wconf 84' lang='lat' dir='ltr'>Noverat</span> <span class='ocrx_word' id='word_1_584' title='bbox 1611 1357 1707 1392; x_wconf 86' lang='lat' dir='ltr'>verba</span> <span class='ocrx_word' id='word_1_585' title='bbox 1731 1358 1793 1392; x_wconf 87' lang='lat' dir='ltr'>niti</span> <span class='ocrx_word' id='word_1_586' title='bbox 1809 1360 1911 1394; x_wconf 79' lang='lat' dir='ltr'>firmis</span> <span class='ocrx_word' id='word_1_587' title='bbox 1926 1361 2104 1397; x_wconf 80' lang='lat' dir='ltr'>anchoris.</span> 
     </span>
     <span class='ocr_line' id='line_1_83' title="bbox 1215 1403 2109 1448; baseline 0.01 -10"><span class='ocrx_word' id='word_1_588' title='bbox 1215 1403 1310 1439; x_wconf 88' lang='lat' dir='ltr'>Hinc</span> <span class='ocrx_word' id='word_1_589' title='bbox 1331 1404 1389 1439; x_wconf 91' lang='lat' dir='ltr'>ubi</span> <span class='ocrx_word' id='word_1_590' title='bbox 1409 1405 1537 1441; x_wconf 78' lang='lat' dir='ltr'>audivit</span> <span class='ocrx_word' id='word_1_591' title='bbox 1551 1406 1675 1442; x_wconf 84' lang='lat' dir='ltr'>Leonis</span> <span class='ocrx_word' id='word_1_592' title='bbox 1686 1409 1836 1444; x_wconf 89' lang='lat' dir='ltr'>animum</span> <span class='ocrx_word' id='word_1_593' title='bbox 1855 1411 2109 1448; x_wconf 69' lang='lat' dir='ltr'>aversumasuo&#39;</span> 
     </span>
     <span class='ocr_line' id='line_1_84' title="bbox 1214 1453 2105 1508; baseline 0.009 -19"><span class='ocrx_word' id='word_1_594' title='bbox 1214 1453 1373 1499; x_wconf 85' lang='lat' dir='ltr'>dogmate</span> <span class='ocrx_word' id='word_1_595' title='bbox 1386 1479 1399 1497; x_wconf 86' lang='lat'><em>‚</em></span> <span class='ocrx_word' id='word_1_596' title='bbox 1423 1456 1528 1491; x_wconf 87' lang='lat' dir='ltr'>etiarn</span> <span class='ocrx_word' id='word_1_597' title='bbox 1540 1457 1690 1493; x_wconf 75' lang='lat' dir='ltr'>adversus</span> <span class='ocrx_word' id='word_1_598' title='bbox 1704 1459 1809 1502; x_wconf 89' lang='lat' dir='ltr'>ipsum</span> <span class='ocrx_word' id='word_1_599' title='bbox 1823 1461 1987 1504; x_wconf 89' lang='lat' dir='ltr'>interjecit</span> <span class='ocrx_word' id='word_1_600' title='bbox 1996 1463 2105 1508; x_wconf 81' lang='lat' dir='ltr'>appel·</span> 
     </span>
     <span class='ocr_line' id='line_1_85' title="bbox 1215 1505 2103 1550; baseline 0.01 -12"><span class='ocrx_word' id='word_1_601' title='bbox 1215 1505 1397 1547; x_wconf 86' lang='lat' dir='ltr'>lationem,</span> <span class='ocrx_word' id='word_1_602' title='bbox 1422 1507 1552 1550; x_wconf 82' lang='lat' dir='ltr'>sperans</span> <span class='ocrx_word' id='word_1_603' title='bbox 1571 1506 1635 1542; x_wconf 85' lang='lat' dir='ltr'>isso</span> <span class='ocrx_word' id='word_1_604' title='bbox 1657 1508 1753 1544; x_wconf 91' lang='lat' dir='ltr'>obice</span> <span class='ocrx_word' id='word_1_605' title='bbox 1776 1510 1969 1546; x_wconf 87' lang='lat' dir='ltr'>sententiam</span> <span class='ocrx_word' id='word_1_606' title='bbox 1979 1512 2103 1549; x_wconf 82' lang='lat' dir='ltr'>sistere.</span> 
     </span>
     <span class='ocr_line' id='line_1_86' title="bbox 1217 1555 2106 1608; baseline 0.011 -19"><span class='ocrx_word' id='word_1_607' title='bbox 1217 1557 1354 1599; x_wconf 78' lang='lat' dir='ltr'>sperans</span> <span class='ocrx_word' id='word_1_608' title='bbox 1372 1555 1424 1591; x_wconf 88' lang='lat' dir='ltr'>illi</span> <span class='ocrx_word' id='word_1_609' title='bbox 1444 1556 1529 1592; x_wconf 87' lang='lat' dir='ltr'>istud</span> <span class='ocrx_word' id='word_1_610' title='bbox 1553 1558 1658 1602; x_wconf 88' lang='lat' dir='ltr'>ipsum</span> <span class='ocrx_word' id='word_1_611' title='bbox 1680 1559 1850 1604; x_wconf 87' lang='lat' dir='ltr'>suspensivi</span> <span class='ocrx_word' id='word_1_612' title='bbox 1872 1562 2003 1597; x_wconf 64' lang='lat' dir='ltr'>effectus</span> <span class='ocrx_word' id='word_1_613' title='bbox 2018 1563 2106 1608; x_wconf 85' lang='lat' dir='ltr'>capi·</span> 
     </span>
     <span class='ocr_line' id='line_1_87' title="bbox 1215 1605 2111 1658; baseline 0.011 -18"><span class='ocrx_word' id='word_1_614' title='bbox 1215 1605 1316 1641; x_wconf 86' lang='lat' dir='ltr'>strum</span> <span class='ocrx_word' id='word_1_615' title='bbox 1331 1618 1386 1652; x_wconf 87' lang='lat' dir='ltr'>per</span> <span class='ocrx_word' id='word_1_616' title='bbox 1397 1606 1559 1651; x_wconf 85' lang='lat' dir='ltr'>Principis</span> <span class='ocrx_word' id='word_1_617' title='bbox 1569 1606 1803 1645; x_wconf 84' lang='lat' dir='ltr'>authoritatem</span> <span class='ocrx_word' id='word_1_618' title='bbox 1825 1611 1959 1655; x_wconf 84' lang='lat' dir='ltr'>injicere</span> <span class='ocrx_word' id='word_1_619' title='bbox 1972 1638 1986 1655; x_wconf 89' lang='lat'>,</span> <span class='ocrx_word' id='word_1_620' title='bbox 2010 1613 2111 1658; x_wconf 80' lang='lat' dir='ltr'>quod·</span> 
     </span>
     <span class='ocr_line' id='line_1_88' title="bbox 1216 1657 2103 1710; baseline 0.009 -19"><span class='ocrx_word' id='word_1_621' title='bbox 1216 1657 1378 1692; x_wconf 90' lang='lat' dir='ltr'>violenter</span> <span class='ocrx_word' id='word_1_622' title='bbox 1401 1657 1555 1702; x_wconf 85' lang='lat' dir='ltr'>injecerat</span> <span class='ocrx_word' id='word_1_623' title='bbox 1576 1661 1694 1694; x_wconf 66' lang='lat' dir='ltr'>Sancto</span> <span class='ocrx_word' id='word_1_624' title='bbox 1717 1661 1892 1696; x_wconf 78' lang='lat' dir='ltr'>Flaviano.</span> <span class='ocrx_word' id='word_1_625' title='bbox 1926 1663 2020 1710; x_wconf 81' lang='lat' dir='ltr'>Qin</span> <span class='ocrx_word' id='word_1_626' title='bbox 2034 1664 2103 1698; x_wconf 88' lang='lat' dir='ltr'>irn-</span> 
     </span>
     <span class='ocr_line' id='line_1_89' title="bbox 1215 1707 2103 1754; baseline 0.007 -12"><span class='ocrx_word' id='word_1_627' title='bbox 1215 1707 1272 1742; x_wconf 80' lang='lat' dir='ltr'>mo</span> <span class='ocrx_word' id='word_1_628' title='bbox 1292 1708 1429 1752; x_wconf 86' lang='lat' dir='ltr'>speravit</span> <span class='ocrx_word' id='word_1_629' title='bbox 1451 1709 1555 1752; x_wconf 84' lang='lat' dir='ltr'>ipsum</span> <span class='ocrx_word' id='word_1_630' title='bbox 1577 1708 1619 1744; x_wconf 89' lang='lat' dir='ltr'>ab</span> <span class='ocrx_word' id='word_1_631' title='bbox 1641 1709 1829 1754; x_wconf 83' lang='lat' dir='ltr'>apppellatae</span> <span class='ocrx_word' id='word_1_632' title='bbox 1854 1713 1981 1754; x_wconf 87' lang='lat' dir='ltr'>Synodi</span> <span class='ocrx_word' id='word_1_633' title='bbox 1995 1712 2103 1748; x_wconf 79' lang='lat' dir='ltr'>Praefi-</span> 
     </span>
     <span class='ocr_line' id='line_1_90' title="bbox 1214 1757 2102 1806; baseline 0.006 -13"><span class='ocrx_word' id='word_1_634' title='bbox 1214 1759 1327 1794; x_wconf 87' lang='lat' dir='ltr'>dentia</span> <span class='ocrx_word' id='word_1_635' title='bbox 1349 1757 1538 1802; x_wconf 85' lang='lat' dir='ltr'>excludere,</span> <span class='ocrx_word' id='word_1_636' title='bbox 1565 1759 1664 1806; x_wconf 79' lang='lat' dir='ltr'>atque</span> <span class='ocrx_word' id='word_1_637' title='bbox 1684 1760 1728 1796; x_wconf 68' lang='lat' dir='ltr'>ita</span> <span class='ocrx_word' id='word_1_638' title='bbox 1751 1761 1850 1804; x_wconf 88' lang='lat' dir='ltr'>ipsam</span> <span class='ocrx_word' id='word_1_639' title='bbox 1869 1760 2041 1798; x_wconf 89' lang='lat' dir='ltr'>devolvere</span> <span class='ocrx_word' id='word_1_640' title='bbox 2064 1764 2102 1798; x_wconf 86' lang='lat' dir='ltr'>in</span> 
     </span>
     <span class='ocr_line' id='line_1_91' title="bbox 1214 1809 2105 1856; baseline 0.006 -13"><span class='ocrx_word' id='word_1_641' title='bbox 1214 1809 1424 1844; x_wconf 89' lang='lat' dir='ltr'>Dioscorum.</span> <span class='ocrx_word' id='word_1_642' title='bbox 1451 1810 1496 1845; x_wconf 90' lang='lat' dir='ltr'>Et</span> <span class='ocrx_word' id='word_1_643' title='bbox 1507 1810 1655 1846; x_wconf 75' lang='lat' dir='ltr'>obtinuit</span> <span class='ocrx_word' id='word_1_644' title='bbox 1666 1835 1674 1843; x_wconf 94' lang='lat'>.</span> <span class='ocrx_word' id='word_1_645' title='bbox 1694 1811 1827 1846; x_wconf 87' lang='lat' dir='ltr'>Etenim</span> <span class='ocrx_word' id='word_1_646' title='bbox 1842 1812 2029 1856; x_wconf 73' lang='lat' dir='ltr'>Apostolici</span> <span class='ocrx_word' id='word_1_647' title='bbox 2041 1812 2105 1848; x_wconf 85' lang='lat' dir='ltr'>Le-</span> 
     </span>
     <span class='ocr_line' id='line_1_92' title="bbox 1211 1858 2113 1905; baseline 0.004 -12"><span class='ocrx_word' id='word_1_648' title='bbox 1211 1860 1285 1905; x_wconf 82' lang='lat' dir='ltr'>gati</span> <span class='ocrx_word' id='word_1_649' title='bbox 1309 1861 1347 1894; x_wconf 87' lang='lat' dir='ltr'>in</span> <span class='ocrx_word' id='word_1_650' title='bbox 1370 1858 1746 1903; x_wconf 86' lang='lat' dir='ltr'>EphefinoLatrocinio</span> <span class='ocrx_word' id='word_1_651' title='bbox 1767 1863 1843 1896; x_wconf 87' lang='lat' dir='ltr'>sunt</span> <span class='ocrx_word' id='word_1_652' title='bbox 1856 1863 1933 1905; x_wconf 86' lang='lat' dir='ltr'>pasii</span> <span class='ocrx_word' id='word_1_653' title='bbox 1944 1862 2037 1898; x_wconf 88' lang='lat' dir='ltr'>istam</span> <span class='ocrx_word' id='word_1_654' title='bbox 2052 1861 2113 1897; x_wconf 57' lang='lat' dir='ltr'>ini</span> 
     </span>
     <span class='ocr_line' id='line_1_93' title="bbox 1213 1909 2099 1956; baseline 0.008 -15"><span class='ocrx_word' id='word_1_655' title='bbox 1213 1910 1329 1951; x_wconf 74' lang='lat' dir='ltr'>jur-iam</span> <span class='ocrx_word' id='word_1_656' title='bbox 1341 1933 1352 1949; x_wconf 91' lang='lat'>,</span> <span class='ocrx_word' id='word_1_657' title='bbox 1378 1909 1477 1953; x_wconf 70' lang='lat' dir='ltr'>atque</span> <span class='ocrx_word' id='word_1_658' title='bbox 1489 1910 1670 1945; x_wconf 86' lang='lat' dir='ltr'>Dioscorus</span> <span class='ocrx_word' id='word_1_659' title='bbox 1681 1910 1777 1945; x_wconf 83' lang='lat' dir='ltr'>isthic</span> <span class='ocrx_word' id='word_1_660' title='bbox 1793 1911 1863 1956; x_wconf 86' lang='lat' dir='ltr'>egit</span> <span class='ocrx_word' id='word_1_661' title='bbox 1874 1913 1987 1948; x_wconf 86' lang='lat' dir='ltr'>omnia</span> <span class='ocrx_word' id='word_1_662' title='bbox 1998 1938 2006 1946; x_wconf 88' lang='lat'>.</span> <span class='ocrx_word' id='word_1_663' title='bbox 2027 1913 2099 1948; x_wconf 68' lang='lat' dir='ltr'>114ae</span> 
     </span>
     <span class='ocr_line' id='line_1_94' title="bbox 1213 1958 2105 2002; baseline 0.007 -11"><span class='ocrx_word' id='word_1_664' title='bbox 1213 1958 1286 2002; x_wconf 72' lang='lat' dir='ltr'>ipsae</span> <span class='ocrx_word' id='word_1_665' title='bbox 1309 1968 1412 1999; x_wconf 83' lang='lat' dir='ltr'>artes,</span> <span class='ocrx_word' id='word_1_666' title='bbox 1441 1970 1513 2002; x_wconf 82' lang='lat' dir='ltr'>quae</span> <span class='ocrx_word' id='word_1_667' title='bbox 1533 1958 1886 1995; x_wconf 69' lang='lat' dir='ltr'>adversnsFlavianum</span> <span class='ocrx_word' id='word_1_668' title='bbox 1900 1984 1912 2000; x_wconf 94' lang='lat'>,</span> <span class='ocrx_word' id='word_1_669' title='bbox 1937 1960 2004 1997; x_wconf 86' lang='lat' dir='ltr'>haec</span> <span class='ocrx_word' id='word_1_670' title='bbox 2015 1962 2105 1997; x_wconf 82' lang='lat' dir='ltr'>obti-</span> 
     </span>
    </p>
   </div>
   <div class='ocr_carea' id='block_1_15' title="bbox 1174 2008 2101 2047">
    <p class='ocr_par' dir='ltr' id='par_1_15' title="bbox 1174 2008 2101 2047">
     <span class='ocr_line' id='line_1_95' title="bbox 1174 2008 2101 2047; baseline 0.005 -5"><span class='ocrx_word' id='word_1_671' title='bbox 1174 2044 1176 2047; x_wconf 67' lang='grc'><strong>,</strong></span> <span class='ocrx_word' id='word_1_672' title='bbox 1214 2016 1357 2043; x_wconf 86' lang='lat' dir='ltr'>nuerunt</span> <span class='ocrx_word' id='word_1_673' title='bbox 1377 2008 1529 2043; x_wconf 81' lang='lat' dir='ltr'>adversus</span> <span class='ocrx_word' id='word_1_674' title='bbox 1550 2009 1719 2045; x_wconf 86' lang='lat' dir='ltr'>Leonem.</span> <span class='ocrx_word' id='word_1_675' title='bbox 1746 2012 1964 2046; x_wconf 85' lang='lat' dir='ltr'>Facinorosus</span> <span class='ocrx_word' id='word_1_676' title='bbox 1977 2012 2101 2047; x_wconf 88' lang='lat' dir='ltr'>Turbo</span> 
     </span>
    </p>
   </div>
   <div class='ocr_carea' id='block_1_16' title="bbox 1210 2057 2109 3402">
    <p class='ocr_par' dir='ltr' id='par_1_16' title="bbox 1210 2057 2109 3402">
     <span class='ocr_line' id='line_1_96' title="bbox 1214 2057 2104 2102; baseline 0.006 -11"><span class='ocrx_word' id='word_1_677' title='bbox 1214 2058 1315 2092; x_wconf 86' lang='lat' dir='ltr'>etiam</span> <span class='ocrx_word' id='word_1_678' title='bbox 1337 2057 1537 2092; x_wconf 83' lang='lat' dir='ltr'>Pontificem</span> <span class='ocrx_word' id='word_1_679' title='bbox 1557 2059 1719 2093; x_wconf 87' lang='lat' dir='ltr'>accusavit</span> <span class='ocrx_word' id='word_1_680' title='bbox 1741 2059 1783 2093; x_wconf 86' lang='lat' dir='ltr'>de</span> <span class='ocrx_word' id='word_1_681' title='bbox 1802 2060 1980 2102; x_wconf 89' lang='lat' dir='ltr'>Nestorio‚</span> <span class='ocrx_word' id='word_1_682' title='bbox 2005 2063 2039 2096; x_wconf 66' lang='grc' dir='ltr'>ὃς</span> <span class='ocrx_word' id='word_1_683' title='bbox 2060 2062 2104 2096; x_wconf 87' lang='lat' dir='ltr'>de</span> 
     </span>
     <span class='ocr_line' id='line_1_97' title="bbox 1214 2107 2103 2151; baseline 0.008 -11"><span class='ocrx_word' id='word_1_684' title='bbox 1214 2107 1326 2141; x_wconf 86' lang='lat' dir='ltr'>nescio</span> <span class='ocrx_word' id='word_1_685' title='bbox 1347 2118 1417 2151; x_wconf 87' lang='lat' dir='ltr'>quo</span> <span class='ocrx_word' id='word_1_686' title='bbox 1438 2107 1587 2142; x_wconf 76' lang='lat' dir='ltr'>adversus</span> <span class='ocrx_word' id='word_1_687' title='bbox 1610 2109 1709 2144; x_wconf 87' lang='lat' dir='ltr'>fidem</span> <span class='ocrx_word' id='word_1_688' title='bbox 1720 2108 1911 2145; x_wconf 84' lang='lat' dir='ltr'>Nicaenam.</span> <span class='ocrx_word' id='word_1_689' title='bbox 1940 2111 2103 2147; x_wconf 75' lang='lat' dir='ltr'>Notanda</span> 
     </span>
     <span class='ocr_line' id='line_1_98' title="bbox 1215 2155 2105 2205; baseline 0.006 -15"><span class='ocrx_word' id='word_1_690' title='bbox 1215 2157 1290 2191; x_wconf 90' lang='lat' dir='ltr'>sunt</span> <span class='ocrx_word' id='word_1_691' title='bbox 1301 2155 1474 2192; x_wconf 86' lang='lat' dir='ltr'>Pontificis</span> <span class='ocrx_word' id='word_1_692' title='bbox 1487 2157 1603 2193; x_wconf 86' lang='lat' dir='ltr'>verba:</span> <span class='ocrx_word' id='word_1_693' title='bbox 1631 2162 1922 2195; x_wconf 77' lang='lat' dir='ltr'>VenerandiPatres</span> <span class='ocrx_word' id='word_1_694' title='bbox 1939 2160 2105 2205; x_wconf 68' lang='lat' dir='ltr'>secundun·</span> 
     </span>
     <span class='ocr_line' id='line_1_99' title="bbox 1210 2205 2105 2254; baseline 0.007 -15"><span class='ocrx_word' id='word_1_695' title='bbox 1210 2207 1303 2250; x_wconf 85' lang='lat' dir='ltr'>fidem</span> <span class='ocrx_word' id='word_1_696' title='bbox 1311 2205 1430 2250; x_wconf 68' lang='lat' dir='ltr'>fimboli</span> <span class='ocrx_word' id='word_1_697' title='bbox 1441 2207 1614 2252; x_wconf 82' lang='lat' dir='ltr'>sanxerunt</span> <span class='ocrx_word' id='word_1_698' title='bbox 1626 2235 1634 2242; x_wconf 91' lang='lat'>.</span> <span class='ocrx_word' id='word_1_699' title='bbox 1663 2209 1798 2253; x_wconf 87' lang='lat' dir='ltr'>Utique</span> <span class='ocrx_word' id='word_1_700' title='bbox 1810 2209 1997 2254; x_wconf 82' lang='lat' dir='ltr'>Apostolici</span> <span class='ocrx_word' id='word_1_701' title='bbox 2009 2213 2105 2254; x_wconf 88' lang='lat' dir='ltr'>Sym-</span> 
     </span>
     <span class='ocr_line' id='line_1_100' title="bbox 1215 2256 2104 2300; baseline 0.006 -11"><span class='ocrx_word' id='word_1_702' title='bbox 1215 2256 1302 2290; x_wconf 91' lang='lat' dir='ltr'>boli.</span> <span class='ocrx_word' id='word_1_703' title='bbox 1330 2257 1441 2300; x_wconf 89' lang='lat' dir='ltr'>Ipsum</span> <span class='ocrx_word' id='word_1_704' title='bbox 1463 2258 1612 2292; x_wconf 78' lang='lat' dir='ltr'>adversus</span> <span class='ocrx_word' id='word_1_705' title='bbox 1633 2258 1773 2292; x_wconf 86' lang='lat' dir='ltr'>delirum</span> <span class='ocrx_word' id='word_1_706' title='bbox 1795 2257 1884 2293; x_wconf 88' lang='lat' dir='ltr'>hunc</span> <span class='ocrx_word' id='word_1_707' title='bbox 1907 2261 2014 2295; x_wconf 90' lang='lat' dir='ltr'>senem</span> <span class='ocrx_word' id='word_1_708' title='bbox 2028 2260 2104 2294; x_wconf 88' lang='lat' dir='ltr'>scri-</span> 
     </span>
     <span class='ocr_line' id='line_1_101' title="bbox 1214 2304 2103 2350; baseline 0.006 -11"><span class='ocrx_word' id='word_1_709' title='bbox 1214 2304 1294 2339; x_wconf 91' lang='lat' dir='ltr'>bens</span> <span class='ocrx_word' id='word_1_710' title='bbox 1306 2305 1464 2340; x_wconf 84' lang='lat' dir='ltr'>Pontifex</span> <span class='ocrx_word' id='word_1_711' title='bbox 1488 2307 1672 2350; x_wconf 85' lang='lat' dir='ltr'>frequenter</span> <span class='ocrx_word' id='word_1_712' title='bbox 1691 2306 1822 2342; x_wconf 86' lang='lat' dir='ltr'>laudat.</span> <span class='ocrx_word' id='word_1_713' title='bbox 1849 2309 2029 2343; x_wconf 88' lang='lat' dir='ltr'>orientalis</span> <span class='ocrx_word' id='word_1_714' title='bbox 2041 2310 2103 2344; x_wconf 88' lang='lat' dir='ltr'>Ec-</span> 
     </span>
     <span class='ocr_line' id='line_1_102' title="bbox 1215 2354 2106 2399; baseline 0.004 -10"><span class='ocrx_word' id='word_1_715' title='bbox 1215 2354 1305 2389; x_wconf 87' lang='lat' dir='ltr'>clesia</span> <span class='ocrx_word' id='word_1_716' title='bbox 1327 2355 1398 2398; x_wconf 87' lang='lat' dir='ltr'>post</span> <span class='ocrx_word' id='word_1_717' title='bbox 1421 2355 1589 2392; x_wconf 80' lang='lat' dir='ltr'>Nicaenam</span> <span class='ocrx_word' id='word_1_718' title='bbox 1610 2357 1785 2399; x_wconf 86' lang='lat' dir='ltr'>synodum</span> <span class='ocrx_word' id='word_1_719' title='bbox 1805 2356 1898 2392; x_wconf 84' lang='lat' dir='ltr'>desiit</span> <span class='ocrx_word' id='word_1_720' title='bbox 1924 2359 1989 2392; x_wconf 84' lang='lat' dir='ltr'>suis</span> <span class='ocrx_word' id='word_1_721' title='bbox 2000 2359 2106 2393; x_wconf 88' lang='lat' dir='ltr'>Com·</span> 
     </span>
     <span class='ocr_line' id='line_1_103' title="bbox 1216 2404 2103 2452; baseline 0.008 -15"><span class='ocrx_word' id='word_1_722' title='bbox 1216 2405 1400 2448; x_wconf 87' lang='lat' dir='ltr'>petentibus</span> <span class='ocrx_word' id='word_1_723' title='bbox 1422 2404 1678 2449; x_wconf 89' lang='lat' dir='ltr'>Apostolicum‚</span> <span class='ocrx_word' id='word_1_724' title='bbox 1704 2407 1848 2451; x_wconf 80' lang='lat' dir='ltr'>&amp;coepit</span> <span class='ocrx_word' id='word_1_725' title='bbox 1872 2407 1995 2443; x_wconf 83' lang='lat' dir='ltr'>tradere</span> <span class='ocrx_word' id='word_1_726' title='bbox 2007 2409 2103 2452; x_wconf 81' lang='lat' dir='ltr'>Sym·</span> 
     </span>
     <span class='ocr_line' id='line_1_104' title="bbox 1216 2454 2102 2493; baseline 0.006 -5"><span class='ocrx_word' id='word_1_727' title='bbox 1216 2454 1330 2488; x_wconf 89' lang='lat' dir='ltr'>bolum</span> <span class='ocrx_word' id='word_1_728' title='bbox 1351 2454 1544 2489; x_wconf 87' lang='lat' dir='ltr'>Nicaenum.</span> <span class='ocrx_word' id='word_1_729' title='bbox 1571 2455 1628 2491; x_wconf 71' lang='lat' dir='ltr'>Ae</span> <span class='ocrx_word' id='word_1_730' title='bbox 1641 2455 1718 2490; x_wconf 75' lang='lat' dir='ltr'>vero</span> <span class='ocrx_word' id='word_1_731' title='bbox 1731 2457 1884 2492; x_wconf 77' lang='lat' dir='ltr'>Romana</span> <span class='ocrx_word' id='word_1_732' title='bbox 1906 2457 2102 2493; x_wconf 80' lang='lat' dir='ltr'>Ecclesiaex</span> 
     </span>
     <span class='ocr_line' id='line_1_105' title="bbox 1215 2505 2101 2550; baseline 0.002 -11"><span class='ocrx_word' id='word_1_733' title='bbox 1215 2505 1317 2539; x_wconf 72' lang='lat' dir='ltr'>causis</span> <span class='ocrx_word' id='word_1_734' title='bbox 1327 2506 1498 2548; x_wconf 81' lang='lat' dir='ltr'>permansit</span> <span class='ocrx_word' id='word_1_735' title='bbox 1510 2505 1603 2540; x_wconf 88' lang='lat' dir='ltr'>firma</span> <span class='ocrx_word' id='word_1_736' title='bbox 1617 2507 1652 2540; x_wconf 85' lang='lat' dir='ltr'>in</span> <span class='ocrx_word' id='word_1_737' title='bbox 1668 2507 1723 2540; x_wconf 88' lang='lat' dir='ltr'>sua</span> <span class='ocrx_word' id='word_1_738' title='bbox 1735 2507 1833 2550; x_wconf 85' lang='lat' dir='ltr'>priori</span> <span class='ocrx_word' id='word_1_739' title='bbox 1844 2509 2101 2544; x_wconf 79' lang='lat' dir='ltr'>consuetudine.</span> 
     </span>
     <span class='ocr_line' id='line_1_106' title="bbox 1216 2555 2102 2601; baseline 0.008 -14"><span class='ocrx_word' id='word_1_740' title='bbox 1216 2555 1295 2588; x_wconf 92' lang='lat' dir='ltr'>Hoc</span> <span class='ocrx_word' id='word_1_741' title='bbox 1310 2555 1437 2590; x_wconf 84' lang='lat' dir='ltr'>videtur</span> <span class='ocrx_word' id='word_1_742' title='bbox 1461 2557 1585 2591; x_wconf 82' lang='lat' dir='ltr'>notasse</span> <span class='ocrx_word' id='word_1_743' title='bbox 1597 2555 1790 2601; x_wconf 84' lang='lat' dir='ltr'>Eutyches.-</span> <span class='ocrx_word' id='word_1_744' title='bbox 1815 2557 1964 2601; x_wconf 87' lang='lat' dir='ltr'>Simplici</span> <span class='ocrx_word' id='word_1_745' title='bbox 1987 2558 2102 2595; x_wconf 87' lang='lat' dir='ltr'>Theo-</span> 
     </span>
     <span class='ocr_line' id='line_1_107' title="bbox 1217 2605 2099 2651; baseline 0.005 -11"><span class='ocrx_word' id='word_1_746' title='bbox 1217 2605 1308 2640; x_wconf 85' lang='lat' dir='ltr'>dofio</span> <span class='ocrx_word' id='word_1_747' title='bbox 1331 2605 1516 2649; x_wconf 79' lang='lat' dir='ltr'>impreffisse</span> <span class='ocrx_word' id='word_1_748' title='bbox 1536 2628 1548 2646; x_wconf 91' lang='lat'>,</span> <span class='ocrx_word' id='word_1_749' title='bbox 1571 2606 1660 2651; x_wconf 90' lang='lat' dir='ltr'>quod</span> <span class='ocrx_word' id='word_1_750' title='bbox 1684 2606 1839 2642; x_wconf 84' lang='lat' dir='ltr'>Romana</span> <span class='ocrx_word' id='word_1_751' title='bbox 1865 2607 2008 2644; x_wconf 78' lang='lat' dir='ltr'>Ecclesia</span> <span class='ocrx_word' id='word_1_752' title='bbox 2030 2620 2099 2644; x_wconf 82' lang='lat' dir='ltr'>nou</span> 
     </span>
     <span class='ocr_line' id='line_1_108' title="bbox 1219 2656 2101 2705; baseline 0.002 -15"><span class='ocrx_word' id='word_1_753' title='bbox 1219 2666 1425 2691; x_wconf 86' lang='lat' dir='ltr'>veneraretur</span> <span class='ocrx_word' id='word_1_754' title='bbox 1437 2656 1609 2691; x_wconf 85' lang='lat' dir='ltr'>Nicaenum</span> <span class='ocrx_word' id='word_1_755' title='bbox 1631 2656 1847 2701; x_wconf 86' lang='lat' dir='ltr'>Symbolum,</span> <span class='ocrx_word' id='word_1_756' title='bbox 1875 2659 2016 2705; x_wconf 86' lang='lat' dir='ltr'>ideoque</span> <span class='ocrx_word' id='word_1_757' title='bbox 2031 2659 2101 2703; x_wconf 77' lang='lat' dir='ltr'>ejus</span> 
     </span>
     <span class='ocr_line' id='line_1_109' title="bbox 1218 2706 2103 2753; baseline 0.002 -13"><span class='ocrx_word' id='word_1_758' title='bbox 1218 2706 1341 2750; x_wconf 87' lang='lat' dir='ltr'>dogma</span> <span class='ocrx_word' id='word_1_759' title='bbox 1362 2707 1575 2741; x_wconf 84' lang='lat' dir='ltr'>aversaretur.</span> <span class='ocrx_word' id='word_1_760' title='bbox 1604 2708 1698 2742; x_wconf 87' lang='lat' dir='ltr'>Hinc</span> <span class='ocrx_word' id='word_1_761' title='bbox 1722 2709 1869 2753; x_wconf 86' lang='lat' dir='ltr'>Magnus</span> <span class='ocrx_word' id='word_1_762' title='bbox 1880 2709 1951 2744; x_wconf 92' lang='lat' dir='ltr'>Leo</span> <span class='ocrx_word' id='word_1_763' title='bbox 1973 2709 2014 2745; x_wconf 89' lang='lat' dir='ltr'>ad</span> <span class='ocrx_word' id='word_1_764' title='bbox 2024 2719 2103 2744; x_wconf 87' lang='lat' dir='ltr'>eun·</span> 
     </span>
     <span class='ocr_line' id='line_1_110' title="bbox 1218 2755 2100 2803; baseline 0.003 -13"><span class='ocrx_word' id='word_1_765' title='bbox 1218 2756 1295 2791; x_wconf 90' lang='lat' dir='ltr'>dem</span> <span class='ocrx_word' id='word_1_766' title='bbox 1311 2755 1499 2800; x_wconf 89' lang='lat' dir='ltr'>Principem</span> <span class='ocrx_word' id='word_1_767' title='bbox 1525 2757 1655 2797; x_wconf 87' lang='lat' dir='ltr'>scribit,</span> <span class='ocrx_word' id='word_1_768' title='bbox 1680 2758 1770 2801; x_wconf 89' lang='lat' dir='ltr'>quod</span> <span class='ocrx_word' id='word_1_769' title='bbox 1791 2759 1927 2794; x_wconf 82' lang='lat' dir='ltr'>Nicaena</span> <span class='ocrx_word' id='word_1_770' title='bbox 1945 2757 2100 2803; x_wconf 79' lang='lat' dir='ltr'>synodus</span> 
     </span>
     <span class='ocr_line' id='line_1_111' title="bbox 1218 2804 2102 2852; baseline 0.003 -12"><span class='ocrx_word' id='word_1_771' title='bbox 1218 2804 1417 2840; x_wconf 85' lang='lat' dir='ltr'>credendum</span> <span class='ocrx_word' id='word_1_772' title='bbox 1440 2807 1581 2841; x_wconf 85' lang='lat' dir='ltr'>sanxerit</span> <span class='ocrx_word' id='word_1_773' title='bbox 1602 2807 1694 2851; x_wconf 72' lang='lat' dir='ltr'>juxta</span> <span class='ocrx_word' id='word_1_774' title='bbox 1710 2808 1939 2851; x_wconf 87' lang='lat' dir='ltr'>Apostolicum</span> <span class='ocrx_word' id='word_1_775' title='bbox 1961 2809 2102 2852; x_wconf 78' lang='lat' dir='ltr'>symbo-</span> 
     </span>
     <span class='ocr_line' id='line_1_112' title="bbox 1220 2856 2102 2907; baseline 0.003 -18"><span class='ocrx_word' id='word_1_776' title='bbox 1220 2856 1288 2890; x_wconf 91' lang='lat' dir='ltr'>lum</span> <span class='ocrx_word' id='word_1_777' title='bbox 1300 2869 1311 2890; x_wconf 82' lang='grc'>.-</span> <span class='ocrx_word' id='word_1_778' title='bbox 1324 2856 1427 2903; x_wconf 85' lang='lat' dir='ltr'>Qod</span> <span class='ocrx_word' id='word_1_779' title='bbox 1440 2858 1533 2891; x_wconf 90' lang='lat' dir='ltr'>suurn</span> <span class='ocrx_word' id='word_1_780' title='bbox 1545 2869 1587 2891; x_wconf 88' lang='lat' dir='ltr'>ex</span> <span class='ocrx_word' id='word_1_781' title='bbox 1599 2857 1793 2902; x_wconf 87' lang='lat' dir='ltr'>Apostolico</span> <span class='ocrx_word' id='word_1_782' title='bbox 1803 2858 1967 2892; x_wconf 81' lang='lat' dir='ltr'>formarit.</span> <span class='ocrx_word' id='word_1_783' title='bbox 1994 2859 2102 2907; x_wconf 83' lang='lat' dir='ltr'>Qid·</span> 
     </span>
     <span class='ocr_line' id='line_1_113' title="bbox 1220 2906 2103 2952; baseline 0.002 -12"><span class='ocrx_word' id='word_1_784' title='bbox 1220 2906 1300 2948; x_wconf 87' lang='lat' dir='ltr'>quid</span> <span class='ocrx_word' id='word_1_785' title='bbox 1323 2907 1385 2947; x_wconf 85' lang='lat' dir='ltr'>sit,</span> <span class='ocrx_word' id='word_1_786' title='bbox 1408 2907 1442 2941; x_wconf 73' lang='grc' dir='ltr'>ἀ</span> <span class='ocrx_word' id='word_1_787' title='bbox 1461 2908 1690 2952; x_wconf 81' lang='lat' dir='ltr'>semetipsum,</span> <span class='ocrx_word' id='word_1_788' title='bbox 1715 2907 1749 2939; x_wconf 76' lang='grc' dir='ltr'>δε</span> <span class='ocrx_word' id='word_1_789' title='bbox 1770 2907 1957 2942; x_wconf 91' lang='lat' dir='ltr'>Romanam</span> <span class='ocrx_word' id='word_1_790' title='bbox 1987 2907 2103 2943; x_wconf 80' lang='lat' dir='ltr'>Eccle-</span> 
     </span>
     <span class='ocr_line' id='line_1_114' title="bbox 1220 2955 2101 3002; baseline 0.002 -12"><span class='ocrx_word' id='word_1_791' title='bbox 1220 2957 1298 2992; x_wconf 84' lang='lat' dir='ltr'>siam</span> <span class='ocrx_word' id='word_1_792' title='bbox 1321 2968 1457 3002; x_wconf 87' lang='lat' dir='ltr'>purgare</span> <span class='ocrx_word' id='word_1_793' title='bbox 1475 2957 1589 2992; x_wconf 84' lang='lat' dir='ltr'>debuit</span> <span class='ocrx_word' id='word_1_794' title='bbox 1609 2957 1651 2991; x_wconf 90' lang='lat' dir='ltr'>de</span> <span class='ocrx_word' id='word_1_795' title='bbox 1676 2955 1832 2990; x_wconf 84' lang='lat' dir='ltr'>Nestorio</span> <span class='ocrx_word' id='word_1_796' title='bbox 1853 2981 1865 2997; x_wconf 88' lang='lat'>,</span> <span class='ocrx_word' id='word_1_797' title='bbox 1890 2959 1924 2992; x_wconf 69' lang='grc' dir='ltr'>ὃς</span> <span class='ocrx_word' id='word_1_798' title='bbox 1946 2959 2101 2993; x_wconf 83' lang='lat' dir='ltr'>scribere.-</span> 
     </span>
     <span class='ocr_line' id='line_1_115' title="bbox 1220 3006 2106 3052; baseline 0.003 -12"><span class='ocrx_word' id='word_1_799' title='bbox 1220 3011 1290 3040; x_wconf 86' lang='lat' dir='ltr'>Nos</span> <span class='ocrx_word' id='word_1_800' title='bbox 1304 3031 1316 3047; x_wconf 87' lang='lat'>,</span> <span class='ocrx_word' id='word_1_801' title='bbox 1342 3006 1523 3042; x_wconf 79' lang='lat' dir='ltr'>venerabilis</span> <span class='ocrx_word' id='word_1_802' title='bbox 1544 3012 1708 3049; x_wconf 78' lang='lat' dir='ltr'>Imperator</span> <span class='ocrx_word' id='word_1_803' title='bbox 1719 3031 1730 3047; x_wconf 90' lang='lat'>‚</span> <span class='ocrx_word' id='word_1_804' title='bbox 1755 3006 1886 3047; x_wconf 77' lang='lat' dir='ltr'>Nestorii</span> <span class='ocrx_word' id='word_1_805' title='bbox 1908 3010 2017 3052; x_wconf 82' lang='lat' dir='ltr'>dogma</span> <span class='ocrx_word' id='word_1_806' title='bbox 2031 3012 2106 3052; x_wconf 64' lang='lat' dir='ltr'>per·-&gt;</span> 
     </span>
     <span class='ocr_line' id='line_1_116' title="bbox 1219 3055 2109 3102; baseline 0.002 -12"><span class='ocrx_word' id='word_1_807' title='bbox 1219 3055 1338 3100; x_wconf 85' lang='lat' dir='ltr'>versum</span> <span class='ocrx_word' id='word_1_808' title='bbox 1350 3061 1456 3092; x_wconf 78' lang='lat' dir='ltr'>merito</span> <span class='ocrx_word' id='word_1_809' title='bbox 1466 3057 1790 3091; x_wconf 81' lang='lat' dir='ltr'>anathematizavimus</span> <span class='ocrx_word' id='word_1_810' title='bbox 1801 3082 1808 3090; x_wconf 90' lang='lat'><strong>.</strong></span> <span class='ocrx_word' id='word_1_811' title='bbox 1835 3057 1967 3102; x_wconf 77' lang='lat' dir='ltr'>Utique</span> <span class='ocrx_word' id='word_1_812' title='bbox 1980 3070 2048 3094; x_wconf 89' lang='lat' dir='ltr'>non</span> <span class='ocrx_word' id='word_1_813' title='bbox 2060 3058 2109 3092; x_wconf 88' lang='lat' dir='ltr'>ab·</span> 
     </span>
     <span class='ocr_line' id='line_1_117' title="bbox 1220 3105 2108 3152; baseline 0.001 -12"><span class='ocrx_word' id='word_1_814' title='bbox 1220 3105 1315 3148; x_wconf 85' lang='lat' dir='ltr'>heri,</span> <span class='ocrx_word' id='word_1_815' title='bbox 1342 3119 1398 3143; x_wconf 87' lang='lat' dir='ltr'>aut</span> <span class='ocrx_word' id='word_1_816' title='bbox 1421 3108 1522 3142; x_wconf 88' lang='lat' dir='ltr'>biduo</span> <span class='ocrx_word' id='word_1_817' title='bbox 1540 3130 1551 3146; x_wconf 92' lang='lat'>,</span> <span class='ocrx_word' id='word_1_818' title='bbox 1580 3107 1632 3140; x_wconf 88' lang='lat' dir='ltr'>sed</span> <span class='ocrx_word' id='word_1_819' title='bbox 1656 3105 1697 3140; x_wconf 87' lang='lat' dir='ltr'>ab</span> <span class='ocrx_word' id='word_1_820' title='bbox 1716 3106 1855 3142; x_wconf 87' lang='lat' dir='ltr'>exordio</span> <span class='ocrx_word' id='word_1_821' title='bbox 1876 3110 1999 3152; x_wconf 79' lang='lat' dir='ltr'>semper</span> <span class='ocrx_word' id='word_1_822' title='bbox 2022 3134 2029 3141; x_wconf 95' lang='lat'>.</span> <span class='ocrx_word' id='word_1_823' title='bbox 2057 3109 2108 3142; x_wconf 73' lang='lat' dir='ltr'>Eo</span> 
     </span>
     <span class='ocr_line' id='line_1_118' title="bbox 1223 3154 2099 3202; baseline 0.001 -12"><span class='ocrx_word' id='word_1_824' title='bbox 1223 3158 1379 3201; x_wconf 88' lang='lat' dir='ltr'>supplicat</span> <span class='ocrx_word' id='word_1_825' title='bbox 1388 3157 1453 3201; x_wconf 85' lang='lat' dir='ltr'>jam</span> <span class='ocrx_word' id='word_1_826' title='bbox 1467 3156 1628 3190; x_wconf 65' lang='lat' dir='ltr'>addittam</span> <span class='ocrx_word' id='word_1_827' title='bbox 1641 3154 1818 3199; x_wconf 89' lang='lat' dir='ltr'>Eutycheti</span> <span class='ocrx_word' id='word_1_828' title='bbox 1833 3158 2007 3202; x_wconf 90' lang='lat' dir='ltr'>Synodum</span> <span class='ocrx_word' id='word_1_829' title='bbox 2026 3157 2099 3193; x_wconf 80' lang='lat' dir='ltr'>fieri</span> 
     </span>
     <span class='ocr_line' id='line_1_119' title="bbox 1220 3206 2098 3249; baseline -0.001 -9"><span class='ocrx_word' id='word_1_830' title='bbox 1220 3208 1254 3241; x_wconf 90' lang='lat' dir='ltr'>in</span> <span class='ocrx_word' id='word_1_831' title='bbox 1268 3208 1361 3242; x_wconf 82' lang='lat' dir='ltr'>ltalia</span> <span class='ocrx_word' id='word_1_832' title='bbox 1371 3232 1378 3239; x_wconf 90' lang='lat'><strong><em>.</em></strong></span> <span class='ocrx_word' id='word_1_833' title='bbox 1404 3207 1486 3241; x_wconf 85' lang='lat' dir='ltr'>Non</span> <span class='ocrx_word' id='word_1_834' title='bbox 1500 3206 1656 3249; x_wconf 89' lang='lat' dir='ltr'>supplicat</span> <span class='ocrx_word' id='word_1_835' title='bbox 1669 3218 1736 3240; x_wconf 90' lang='lat' dir='ltr'>non</span> <span class='ocrx_word' id='word_1_836' title='bbox 1749 3207 1819 3242; x_wconf 89' lang='lat' dir='ltr'>fieri</span> <span class='ocrx_word' id='word_1_837' title='bbox 1830 3234 1841 3248; x_wconf 90' lang='lat'>‚</span> <span class='ocrx_word' id='word_1_838' title='bbox 1869 3209 2003 3243; x_wconf 82' lang='lat' dir='ltr'>sed=fieri</span> <span class='ocrx_word' id='word_1_839' title='bbox 2015 3209 2098 3242; x_wconf 86' lang='lat' dir='ltr'>intra</span> 
     </span>
     <span class='ocr_line' id='line_1_120' title="bbox 1219 3254 2095 3303; baseline -0.002 -13"><span class='ocrx_word' id='word_1_840' title='bbox 1219 3256 1348 3290; x_wconf 87' lang='lat' dir='ltr'>Italiam</span> <span class='ocrx_word' id='word_1_841' title='bbox 1361 3279 1370 3287; x_wconf 88' lang='lat'><strong>.</strong></span> <span class='ocrx_word' id='word_1_842' title='bbox 1398 3254 1501 3303; x_wconf 72' lang='lat' dir='ltr'>Quod</span> <span class='ocrx_word' id='word_1_843' title='bbox 1514 3256 1630 3299; x_wconf 75' lang='lat' dir='ltr'>nempe</span> <span class='ocrx_word' id='word_1_844' title='bbox 1649 3257 1792 3292; x_wconf 68' lang='lat' dir='ltr'>addictio</span> <span class='ocrx_word' id='word_1_845' title='bbox 1810 3258 1887 3292; x_wconf 77' lang='lat' dir='ltr'>esset</span> <span class='ocrx_word' id='word_1_846' title='bbox 1901 3257 2074 3292; x_wconf 84' lang='lat' dir='ltr'>firmiffirna</span> <span class='ocrx_word' id='word_1_847' title='bbox 2087 3280 2095 3288; x_wconf 87' lang='lat'>.</span> 
     </span>
     <span class='ocr_line' id='line_1_121' title="bbox 1220 3306 2099 3350; baseline -0.001 -9"><span class='ocrx_word' id='word_1_848' title='bbox 1220 3306 1388 3350; x_wconf 88' lang='lat' dir='ltr'>Supplicat</span> <span class='ocrx_word' id='word_1_849' title='bbox 1408 3307 1443 3340; x_wconf 90' lang='lat' dir='ltr'>in</span> <span class='ocrx_word' id='word_1_850' title='bbox 1456 3306 1550 3341; x_wconf 88' lang='lat' dir='ltr'>Italia</span> <span class='ocrx_word' id='word_1_851' title='bbox 1563 3307 1632 3340; x_wconf 88' lang='lat' dir='ltr'>fieri</span> <span class='ocrx_word' id='word_1_852' title='bbox 1654 3318 1695 3341; x_wconf 86' lang='lat' dir='ltr'>ex</span> <span class='ocrx_word' id='word_1_853' title='bbox 1706 3308 1801 3341; x_wconf 85' lang='lat' dir='ltr'>variis</span> <span class='ocrx_word' id='word_1_854' title='bbox 1813 3309 1930 3342; x_wconf 76' lang='lat' dir='ltr'>caulis..</span> <span class='ocrx_word' id='word_1_855' title='bbox 1956 3307 2099 3349; x_wconf 85' lang='lat' dir='ltr'>Ipsarum</span> 
     </span>
     <span class='ocr_line' id='line_1_122' title="bbox 1220 3353 2107 3402; baseline 0 -12"><span class='ocrx_word' id='word_1_856' title='bbox 1220 3368 1284 3392; x_wconf 83' lang='lat' dir='ltr'>una</span> <span class='ocrx_word' id='word_1_857' title='bbox 1307 3356 1371 3391; x_wconf 88' lang='lat' dir='ltr'>fuit</span> <span class='ocrx_word' id='word_1_858' title='bbox 1391 3380 1401 3396; x_wconf 91' lang='lat'><em>‚</em></span> <span class='ocrx_word' id='word_1_859' title='bbox 1426 3356 1516 3401; x_wconf 90' lang='lat' dir='ltr'>quod</span> <span class='ocrx_word' id='word_1_860' title='bbox 1538 3356 1639 3392; x_wconf 75' lang='lat' dir='ltr'>isthic</span> <span class='ocrx_word' id='word_1_861' title='bbox 1654 3359 1673 3392; x_wconf 71' lang='grc' dir='ltr'>ὲ</span> <span class='ocrx_word' id='word_1_862' title='bbox 1694 3358 1876 3402; x_wconf 82' lang='lat' dir='ltr'>praefidendi</span> <span class='ocrx_word' id='word_1_863' title='bbox 1897 3353 2107 3396; x_wconf 63' lang='lat' dir='ltr'>authoritate„</span> 
     </span>
    </p>
   </div>
   <div class='ocr_carea' id='block_1_17' title="bbox 1214 3406 2101 3491">
    <p class='ocr_par' dir='ltr' id='par_1_17' title="bbox 1214 3406 2101 3491">
     <span class='ocr_line' id='line_1_123' title="bbox 1221 3406 2101 3453; baseline -0.003 -9"><span class='ocrx_word' id='word_1_864' title='bbox 1221 3418 1290 3444; x_wconf 84' lang='lat' dir='ltr'>nou</span> <span class='ocrx_word' id='word_1_865' title='bbox 1311 3407 1413 3453; x_wconf 76' lang='lat' dir='ltr'>posset</span> <span class='ocrx_word' id='word_1_866' title='bbox 1436 3406 1588 3444; x_wconf 83' lang='lat' dir='ltr'>excludi.</span> <span class='ocrx_word' id='word_1_867' title='bbox 1616 3408 1686 3446; x_wconf 89' lang='lat' dir='ltr'>Leo</span> <span class='ocrx_word' id='word_1_868' title='bbox 1708 3407 1798 3446; x_wconf 77' lang='lat' dir='ltr'>enim</span> <span class='ocrx_word' id='word_1_869' title='bbox 1811 3416 1940 3442; x_wconf 77' lang='lat' dir='ltr'>extunc</span> <span class='ocrx_word' id='word_1_870' title='bbox 1961 3414 2101 3443; x_wconf 78' lang='lat' dir='ltr'>noverat</span> 
     </span>
     <span class='ocr_line' id='line_1_124' title="bbox 1214 3465 2050 3491; baseline -0.002 2"><span class='ocrx_word' id='word_1_871' title='bbox 1214 3468 1216 3470; x_wconf 93' lang='lat'>·</span> <span class='ocrx_word' id='word_1_872' title='bbox 1967 3465 2050 3491; x_wconf 80' lang='lat' dir='ltr'>artes</span> 
     </span>
    </p>
   </div>
  </div>
 </body>
</html>
