2326 3718
758 184 994 241 RERUM,
1035 197 1099 228 E'r
1131 182 1502 230 VERBORUM.

234 286 619 369 Priinogsrre‘l'higanenfis
642 320 730 368 apu'd
751 322 973 360 Caesaraeenses
981 282 1120 358 lviiiirg‘s

285 375 440 420 Episcopi
462 375 615 410 Romana
636 373 849 418 Appellatio.
990 384 1071 422 234.
1087 385 1121 410 2.

232 424 489 461 Priscillianistae
510 437 580 460 non
602 423 700 458 facile
721 424 848 459 admiffi
869 422 910 458 ad
934 423 1121 459 reconcilia-

281 476 386 512 tionis
405 475 568 521 gratiam,
595 473 686 518 quod
707 474 822 510 secreta
848 473 983 519 prodere
1002 475 1120 508 recusa·
1172 479 1174 481 ’

243 558 246 559 ⁷
283 538 375 563 rent.
1022 534 1122 570 441·

234 577 457 612 Priscillianus
479 571 695 609 Haerefiarcha
720 572 826 608 adhuc
850 572 970 608 Laicus
992 574 1122 607 Instan-

283 628 369 664 tium
381 651 393 668 ‚
420 638 456 660 ac
480 625 670 660 Salvianum
684 624 920 668 Hispaniarum
940 624 1122 667 Episcopos

283 677 409 713 seducit
427 701 435 709 .
476 685 528 723 30.
554 686 574 708 1.
602 674 788 708 Damnatur
811 674 846 707 in
873 673 1011 717 Synodo
1037 673 1120 717 apud

285 724 592 770 caerar-Augustam
615 734 831 769 congregata.
861 724 935 757 ibid.
963 724 1044 757 Non
1069 735 1123 757 au-

283 780 338 814 sus
362 778 467 811 fuerat
491 775 559 818 ejus
578 774 705 817 judicio
742 775 773 807 se
793 772 982 807 submittere
1004 798 1012 805 .
1048 773 1121 806 ibid.

287 827 433 862 Romam
455 837 532 860 cum
553 824 617 858 suis
638 823 753 858 frustra
779 824 922 867 appellat
949 848 955 855 .
993 823 1064 857 ibid.
1093 826 1122 857 S.

289 876 505 914 Ambrosium
528 874 620 918 aeque
644 883 882 918 repugnantem
899 873 1030 917 reperit.
1053 874 1128 906 ibid.

288 926 346 963 Ab
368 926 566 970 Imperatore
588 925 697 967 cupita
721 934 891 966 extorquet
911 948 918 955 .
956 933 1007 970 30.
1019 934 1050 959 2-
1087 923 1125 956 ln

246 1006 248 1011 ,
288 977 429 1021 Synodo
454 974 678 1019 Burdigalenfi
696 974 744 1007 'ad
757 973 941 1016 Principem
956 982 1126 1015 provocat.

289 1028 363 1061 ibid.
402 1026 471 1061 Cur
503 1037 572 1060 non
607 1023 649 1058 ad
682 1023 875 1058 Romanum
909 1022 1124 1057 Pontificem.

287 1077 363 1111 ibid.

239 1128 395 1164 Privatus
422 1122 672 1156 Lambelitanus
695 1120 876 1164 Episcopus
903 1121 1044 1167 appellat
1064 1122 1133 1156 Ro-

291 1186 380 1209 mam
395 1198 402 1204 -
874 1183 942 1219 217.
955 1184 986 1210 2.
1007 1182 1087 1210 220.
1101 1185 1129 1208 2.

240 1227 273 1263 S.
291 1224 427 1259 Proclus
448 1223 477 1256 S.
492 1221 631 1266 Joannis
653 1219 881 1264 chrysostomi
896 1223 1067 1257 Diaconus
1078 1235 1132 1267 op-

285 1274 387 1321 ponit
408 1274 440 1306 se
465 1272 707 1306 consecrationi
735 1271 878 1306 Baffiani
903 1297 910 1305 .
949 1283 1002 1320 35.
1016 1287 1046 1310 2.
1070 1274 1132 1307 Per

257 1340 260 1342 >
291 1325 525 1368 Imperatorem
548 1322 823 1356 reconciliantur.
1027 1324 1071 1369 36
1106 1334 1127 1355 i.

238 1373 402 1411 Proculus
424 1372 618 1417 degradatur
642 1385 659 1406 a
683 1372 824 1406 Zozimo
850 1371 1015 1408 Pontifice
1032 1399 1039 1405 .
1076 1383 1131 1420 40.

292 1434 324 1461 2.
352 1423 461 1457 Procli
486 1424 581 1457 causa
609 1421 801 1456 discutitur.
829 1431 884 1466 41.
905 1434 980 1459 1-2-
1008 1425 1130 1471 Qam-

290 1474 404 1511 obrem
425 1472 619 1517 conquestus
644 1472 740 1507 fuerit
770 1470 810 1505 de
831 1471 962 1507 Zozimi
985 1474 1109 1516 judicio
1123 1498 1130 1506 .
1178 1487 1182 1521 ζ

289 1537 335 1572 41.
346 1536 377 1561 2-
405 1523 436 1559 A
451 1523 630 1558 Bonifacio
644 1522 840 1558 consecutus
851 1521 896 1558 est
918 1525 1047 1567 plenam
1060 1536 1131 1569 gra·
1179 1547 1181 1550 s

292 1575 394 1609 tiam.
1056 1575 1130 1607 ibid.

239 1623 404 1661 Profeffio
427 1622 622 1659 obedientiae
641 1649 652 1665 ‚
693 1635 792 1668 quam
815 1624 1035 1670 provinciales
1055 1625 1132 1668 Epi-

293 1676 384 1718 scopi
407 1676 519 1709 in'sua
552 1675 796 1710 consecratione
817 1677 945 1711 faciunt
976 1676 1035 1710 sno
1061 1676 1130 1709 Me-

292 1724 460 1769 tropolitae
484 1724 528 1758 est
547 1724 701 1770 antiqua.
991 1735 1084 1774 192.
1101 1736 1132 1761 1.

235 1775 275 1810 S.
297 1774 437 1818 Prosper
460 1774 495 1808 in
510 1773 629 1818 ‘prima
651 1775 751 1809 etiam
774 1775 931 1811 instantia
955 1774 1060 1810 defert
1091 1775 1133 1809 ad

247 1841 251 1845 ·
289 1826 324 1861 S.
346 1824 463 1859 Sedem
486 1823 705 1869 blasphemias
728 1825 880 1861 adversus
919 1827 951 1862 S.
978 1824 1133 1872 Augusti-

248 1904 255 1909 .
293 1886 393 1909 num.
619 1904 623 1908 .
1082 1887 1132 1912 .2.

237 1925 274 1962 S.
287 1924 426 1968 Prosper
445 1923 532 1959 male
550 1922 768 1970 {Qesnello
789 1926 912 1960 dicitur
921 1887 1134 1960 Sanctisgeo-

290 1975 344 2008 nis
366 1973 532 2007 sedussor.
559 1982 663 2019 574.
703 1972 784 2016 Ejus
819 1972 904 2008 Asta
941 1974 1099 2008 evincunt
1123 1997 1134 2013 ‚

288 2022 382 2066 quod
407 2023 577 2054 Romanas
614 2022 650 2052 in
671 2023 783 2053 Gallia
804 2023 1039 2062 appellationes
1064 2030 1134 2061 pro-

296 2070 402 2110 barit,
429 2079 527 2112 atque
549 2067 734 2102 defenderit
750 2093 757 2099 .
1058 2068 1131 2101 ibid.

236 2121 277 2157 ⁴8.
288 2119 428 2163 Prosper
454 2129 566 2152 utrum
588 2117 687 2152 fuerit
699 2118 728 2151 S.
741 2117 866 2153 Leonis
876 2118 1072 2153 Secretarius
1086 2129 1134 2152 res

295 2170 341 2206 est
362 2166 456 2204 valde
480 2168 603 2202 incerta
627 2192 634 2199 .
670 2167 742 2201 ibid.
781 2168 862 2203 Non
888 2168 1016 2203 videtur
1038 2168 1133 2203 fuisse

291 2221 499 2264 Episcopus,
527 2217 579 2254 sed
601 2214 791 2253 Monachus
814 2219 848 2254 δε
875 2218 1018 2254 Laicus.
1058 2218 1129 2253 ibid.

248 2288 255 2306 ,ι
317 2272 348 2307 8.
378 2281 405 2305 1.
752 2288 754 2290 ·

235 2283 411 2355 Prgteiius
431 2318 647 2353 crudeiiffime
686 2321 753 2365 ipsa
787 2321 911 2365 quinta
926 2322 1031 2357 saneta
1054 2323 1133 2357 feria

293 2370 329 2403 in
353 2370 425 2413 ipso
447 2369 649 2412 Baptisterio
672 2370 854 2405 trucidatur
876 2370 918 2405 ab
942 2370 1136 2407 Alexandri·

296 2430 342 2454 no
366 2419 492 2463 populo
513 2418 548 2453 &
573 2420 697 2454 Clero.

241 2469 451 2514 Protogenes
472 2468 665 2504 Sardicensis
686 2469 829 2504 civitatis
842 2471 1044 2516 Episcopus,
1072 2473 1134 2508 fuit

292 2520 390 2554 Hosii
415 2518 559 2553 Praefidis
585 2520 619 2553 in
648 2520 827 2554 Sardicenfi
839 2521 980 2564 synodo
993 2521 1137 2566 adJutor.

295 2578 374 2617 140.
391 2580 422 2605 2.
461 2570 648 2606 Damnatur
685 2571 727 2605 ab
748 2570 930 2606 Eusebiana
961 2572 1134 2608 Faclione.

297 2632 315 2657 1
368 2645 374 2652 .
388 2631 418 2656 2.
822 2632 824 2635 ’

244 2631 451 2709 Proxiiiiciali
474 2670 615 2713 Synodo
638 2670 801 2706 damnatis
825 2682 1005 2715 provocare
1027 2672 1067 2707 ad
1080 2673 1137 2716 Sy-

297 2720 425 2757 nodum
450 2719 706 2756 patriarchalem
728 2721 871 2766 permisit
901 2723 1136 2757 Constantino-

298 2771 449 2816 politana
470 2769 623 2814 Synodus
637 2796 644 2804 .
1021 2782 1091 2821 133.
1105 2786 1134 2810 2·

249 2820 627 2865 ProvinciaIi'Synodo
665 2833 734 2857 non
769 2823 930 2866 competit
961 2823 1136 2868 inappella-

298 2871 374 2904 bilis
411 2872 555 2915 potestas
579 2872 851 2916 deponendorum
876 2874 1134 2917 Episcoporum.

301 2918 324 2956 8
350 2943 360 2950 ,ψ
377 2927 408 2952 2.
488 2950 490 2953 ,

249 2931 417 3007 Prov91nc1'a
452 2980 511 3012 pro
548 2971 690 3007 Dioecefi
715 2973 874 3017 accipitur
899 2972 919 3007 a
946 2974 977 3008 S.
1000 2973 1137 3018 Cypria-

300 3031 369 3055 πιο-
1014 3034 1088 3071 154
1107 3037 1135 3061 1.

362 3267 519 3303 Uesnelli
543 3269 628 3304 circa
651 3270 681 3304 S.
696 3271 846 3306 Flaviani
870 3272 1137 3318 Appellationem

378 3319 499 3361 lapsus.
528 3329 605 3365 324.
619 3333 647 3353 ¹1.
676 3320 759 3355 Item
780 3321 867 3356 circa
889 3324 1136 3366 appellationem

400 3367 608 3403 Theodoreti
622 3370 789 3412 Cyrensis.
817 3373 1028 3419 35i.i.&fi¹q.
1058 3374 1136 3409 Item

357 3417 462 3459 christ.
476 3422 555 3463 Lupi
570 3424 668 3462 Opera
688 3424 723 3453 T.
734 3425 818 3457 Vm.

1041 2432 1093 2471 37.
1104 2433 1135 2458 2.
1159 2464 1162 2468 ι

1898 202 1986 245 395

1231 271 1316 305 circa
1342 270 1563 305 Mattianum·
1587 283 1676 320 23.1.
1703 276 1787 311 Item
1810 286 1923 312 contra
1948 278 2056 312 nescio

1230 331 1326 364 quem
1339 321 1469 355 eximiae
1479 321 1670 358 eruditionis
1680 326 1784 360 virum
1796 327 1906 362 asserta
1918 354 1926 361 .
1957 338 2055 375 3152.

1181 371 1354 417 Quesnelli
1382 372 1472 406 sensa
1494 372 1584 405 circa.
1611 373 1856 415 Appellationes
1873 380 2055 413 Romanas.

1233 418 1263 457 8.
1276 434 1297 454 ι.
1324 421 1464 455 revelata
1490 423 1596 456 fronte
1614 423 1749 459 affirmat
1767 429 1796 461 S.
1813 428 1958 462 Leonem
1990 439 2060 472 gra-

1231 471 1335 510 viter,
1361 472 1394 505 &
1418 471 1645 515 multipliciter
1665 475 1840 510 excessisse.
1869 489 1898 525 9.
1913 490 1945 512 ι..
1966 488 2016 512 11-
2033 488 2059 512 ῖ-

1233 518 1287 567 58.
1301 533 1331 557 2-
1361 521 1448 556 60.1.
1487 522 1652 566 ipsiusmet
1688 523 1810 557 Hilarii
1843 529 1985 561 excessus
2009 528 2063 560 de-

1233 571 1472 604 monstrantur.
1500 573 1572 605 ibid.
1598 572 1770 615 perperam
1790 575 1894 608 afferit
1916 577 2004 617 quod
2016 587 2063 610 to-

1234 629 1266 653 ta
1289 620 1419 665 quaestio
1442 622 1483 655 de
1505 633 1568 663 qua
1594 622 1722 667 agitur,
1748 625 1784 656 sit
1805 625 1839 658 in
1861 627 2010 658 examine
2023 627 2067 659 sa·

1233 670 1296 709 tri,
1322 682 1389 704 non
1411 671 1444 703 in
1467 671 1662 706 discussione
1686 673 1783 716 juris.
1822 684 1873 709 10.
1890 685 1920 710 2.
1942 676 2022 708 dicit
2035 677 2066 709 S·

1235 720 1382 753 Leonem
1404 733 1471 754 non
1493 723 1554 755 esse
1577 722 1734 757 idoneum
1758 724 1871 758 testem
1893 726 1928 758 in
1942 725 2068 768 propria

1234 772 1346 803 causa.
1378 781 1461 806 ιιι.
1488 771 1636 806 Imitatur
1651 773 1801 807 Marcum
1829 775 2069 819 Antonium-de

1235 819 1392 854 Dominis
1416 821 1449 854 ὅ(
1466 822 1628 864 Joannem
1650 823 1844 858 Calvinum.
1948 845 1953 852 ·
1971 837 2022 862 11:
2035 825 2075 863 ιζ,

1188 870 1367 916 Qesnello
1388 871 1619 914 gratulandum
1641 896 1655 912 ,
1686 873 1775 916 quod
1797 874 1904 909 Sansti
1951 876 2070 909 Gelassi

1240 920 1412 954 Pontificis
1434 922 1607 965 epistolam
1631 921 1672 957 ad
1693 923 1850 959 Faustum
1872 925 2073 970 Magistrum

1209 985 1212 988 ⁴
1238 970 1397 1014 admittat.
1460 1003 1463 1006 Δ
1684 981 1691 985 ”
1890 1005 1892 1007 ,
1946 978 2072 1019 316··2-

1195 1020 1393 1066 Quesnellus
1427 1023 1553 1056 accusat
1572 1022 1658 1059 male
1684 1023 1857 1067 synodum
1884 1026 2073 1060 Romanam

1240 1071 1274 1104 &
1297 1070 1508 1115 Imperatores
1529 1073 1726 1108 Gratianum
1738 1076 1772 1109 ὅ(
1784 1075 2076 1110 Valentinianum.

1199 1148 1203 1152 ,
1244 1129 1335 1167 30.2.
1363 1123 1445 1156 ltem
1458 1123 1633 1157 Zozimum
1645 1123 1859 1160 Pontificem.
1884 1126 1984 1160 Errat
1994 1126 2076 1160 dum

1244 1170 1376 1203 scribit.-
1411 1172 1514 1216 Qod
1535 1174 1716 1208 Orientalis
1744 1174 1883 1218 Ecclesia
1909 1175 2078 1215 Sardicen-

1175 1222 1178 1228 '
1201 1248 1208 1251 .
1241 1220 1309 1254 sem
1321 1218 1551 1255 definitionem
1563 1228 1631 1257 non
1652 1223 1956 1261 statimadmiserit.
1978 1235 2077 1271 541-

1194 1270 1392 1317 Qesnellus
1403 1271 1664 1305 calumniatur-S.
1677 1271 1825 1307 Leonem
1838 1275 2079 1317 ,Cyprianum

1244 1331 1281 1354 ac
1304 1321 1333 1353 S.
1349 1319 1593 1364 Augustinum.
1972 1323 2035 1369 ‚67.
2048 1337 2082 1361 2·

1196 1371 1395 1419 Qesnellus
1407 1369 1790 1405 Codicem-Nicaenorum
1805 1372 1983 1407 Canonum
1995 1384 2084 1408 ¹cum

1247 1419 1489 1457 Sardicenfibus
1500 1431 1659 1465 magnum
1674 1420 1900 1457 Ecclefiasticae
1924 1422 2083 1458 eruditio-

1244 1473 1299 1515 nis
1320 1471 1527 1507 Thesaurum
1566 1472 1686 1515 primus
1708 1472 1864 1515 produxit
1886 1473 1922 1507 in
1939 1474 2055 1511 [lucem
2071 1499 2078 1505 .

1246 1519 1326 1558 281.
1342 1533 1372 1558 2.
1399 1520 1542 1569 ²83·2·'

1199 1572 1417 1619 Qesnellus,
1446 1572 1581 1615 ejusque
1601 1573 1783 1615 symmistae
1815 1572 2079 1608 Eusebianorum

1247 1623 1283 1656 in
1294 1621 1509 1657 Antiochena
1522 1621 1660 1666 synodo
1677 1634 1794 1668 potant
1806 1622 1951 1660 turbidas
1961 1635 2062 1668 aquas
2074 1649 2081 1656 .

1248 1675 1335 1710 61.2-
1364 1683 1470 1720 71.1.
1498 1683 1599 1721 73-2·
1822 1679 1824 1682 ’
1858 1679 1871 1682 ”
1911 1691 1914 1693 ’
1952 1701 1954 1704 -
2025 1701 2057 1707 .-

1198 1722 1399 1769 Qesnellus
1422 1723 1568 1766 imponit
1589 1723 1618 1758 S.
1632 1724 1740 1760 Leoni
1764 1749 1777 1766 ‚
1813 1725 1903 1769 quod
1930 1727 1964 1760 in
1988 1735 2083 1769 retra-

1247 1773 1387 1808 ssatorio
1412 1772 1606 1817 Chelidonii
1627 1774 1776 1817 judicio,
1802 1787 1869 1811 non
1880 1775 2006 1811 dederit
2021 1776 2087 1808 Hi-

1248 1824 1331 1858 lario
1369 1822 1573 1867 synodalem
1597 1826 1784 1860 consessum
1809 1851 1822 1866 ,
1858 1836 1957 1871 atque
1979 1827 2087 1861 suffra-

1248 1875 1360 1920 gium.
1387 1874 1442 1921 67.
1459 1884 1486 1911 1·
1515 1875 1548 1908 S.
1561 1874 1756 1920 Prosperum
1780 1876 1866 1913 male
1883 1877 1990 1912 studet
2005 1879 2087 1912 face-

1206 1936 1209 1938 ·
1247 1936 1281 1956 re
1302 1926 1332 1956 S.
1344 1924 1468 1957 Leonis
1490 1926 1715 1963 sedustoremj.·
1767 1959 1769 1961 .
1822 1944 1831 1949 .,
1984 1937 2039 1973 57.
2053 1935 2087 1959 2.

1201 1969 1400 2014 Qresnellus
1420 1969 1454 2002 in
1478 1972 1646 2007 Hilarium
1668 1975 1972 2018 inituim5216„1,¹.>
1993 1976 2087 2009 Male

1247 2017 1386 2050 affirmat
1408 2014 1574 2050 Hilarium
1598 2022 1961 2056 adversusfloiitificem
1981 2025 2090 2063 ev'isis-

1249 2068 1281 2101 se
1305 2064 1457 2099 victorem
1481 2077 1519 2099 ac
1546 2069 1766 2110 permanfiffe.
1951 2084 1953 2087 ·
2013 2073 2089 2106 ibid.

1200 2116 1398 2165 Qesnellus
1421 2117 1507 2161 male
1526 2119 1662 2163 corrigit
1676 2129 1803 2154 textum
1827 2120 1857 2154 S.
1871 2121 2088 2164 Leonis..:77.

1248 2178 1279 2206 ι.
1308 2168 1452 2203 inaniter
1476 2167 1596 2202 clamat
1611 2170 1803 2203 Africanam
1818 2171 1993 2206 Ecclesiam
2008 2184 2090 2205 nun-

1249 2230 1346 2263 quam
1371 2218 1541 2261 appellasse
1561 2218 1599 2252 ad
1616 2220 1844 2263 Apostolicam
1857 2221 1987 2256 Sedem.
2018 2234 2088 2269 ¹45·

1253 2282 1283 2306 1.
1310 2268 1452 2313 Idipsum
1478 2269 1574 2303 sentit
1596 2271 1932 2313 joannesCaivinus,
1960 2275 2090 2306 M.An-

1251 2322 1362 2355 tonius
1386 2319 1428 2353 de
1451 2319 1627 2354 Dominis.
1819 2335 1822 2337 >
1930 2346 1933 2348 <
2015 2324 2089 2356 ibid.

1199 2370 1401 2418 Qesnellus
1434 2369 1519 2404 male
1557 2370 1662 2413 rejicit
1684 2370 1862 2414 epistolam
1892 2374 1926 2406 S..
1945 2374 2089 2414 Leonis,

1249 2431 1410 2465 quatenus
1432 2419 1502 2464 agit
1528 2419 1569 2453 de
1579 2420 1735 2463 Lupicini
1753 2421 1991 2463 appellatione.
2013 2433 2087 2470 134.

1249 2483 1281 2509 2·
1294 2468 1393 2514 &seq
1420 2469 1506 2503 Item
1533 2480 1600 2503 non
1620 2469 1703 2503 reete
1728 2471 1968 2514 explicattituli
1993 2476 2088 2516 Lega-

1249 2530 1342 2555 torum
1363 2523 1384 2552 ἇ
1405 2521 1495 2554 latere
1515 2524 1672 2563 om‘ginem.
1907 2532 1909 2534 ·
1958 2519 2036 2559 268.
2050 2533 2084 2557 2.

1199 2571 1398 2621 Qesnellus
1433 2570 1558 2604 Leonis
1577 2570 1618 2604 ad
1643 2571 1858 2605 Caesaraeensis
1881 2571 2089 2607 Mauritaniae

1250 2621 1424 2655 Antistites
1444 2620 1616 2665 epistolam
1634 2645 1644 2661 ,
1682 2620 1767 2655 male
1790 2623 1927 2656 affirmat
1951 2625 2014 2658 esse
2035 2624 2089 2657 in-

1248 2672 1461 2716 terpolatam.
1490 2669 1639 2708 216.1.2.
1668 2671 1775 2705 Leoni
1787 2673 1948 2716 imponit.
1977 2675 2087 2710 216-2.

1199 2722 1400 2770 Qesnellus
1420 2721 1499 2762 quid
1526 2722 1656 2756 senserit
1680 2721 1720 2756 de
1742 2722 1895 2757 Romana
1920 2723 2088 2767 Eutyche-

1248 2774 1291 2808 tis
1314 2770 1534 2817 appellatione
1557 2796 1564 2803 .
1602 2782 1683 2818 302-
1701 2782 1728 2807 1.
1768 2772 1922 2816 Ejusdem
1945 2785 2085 2808 errores.

1249 2823 1325 2857 ibid.
1348 2824 1382 2856 (α
1398 2820 1465 2865 seq.
1499 2821 1592 2855 Male
1614 2831 1711 2857 vocat
1738 2822 1959 2866 Eutychetem
1983 2829 2088 2858 Virum

1246 2872 1472 2917 sagaciffimum.
1502 2881 1576 2919 302.
1591 2885 1622 2910 2·
1649 2871 1729 2906 recte
1750 2875 2088 2917 exponit.causascur

1250 2922 1454 2967 Eutychetes
1475 2922 1508 2956 in
1537 2926 1613 2964 sua,
1641 2923 1762 2965 (quam
1782 2923 1823 2966 ad
1847 2924 2007 2959 Florentii
2030 2924 2090 2959 Pa-

1250 2974 1331 3007 tritii
1369 2983 1462 3007 aures
1497 2974 1573 3007 fecit
1616 2973 1834 3015 appellatione
1853 2998 1864 3014 ,
1902 2975 2089 3018 exprimens

1250 3023 1575 3058 Thessalonicensem
1602 3022 1801 3067 Episcopum
1823 3025 1836 3067 )
1861 3026 2008 3061 omiserit
2029 3024 2091 3059 Pa-

1249 3071 1425 3108 triarcham
1438 3070 1689 3107 Antiochenum
1702 3096 1714 3106 .
1914 3091 1917 3106 ·.
1963 3086 2040 3121 297.
2051 3085 2087 3109 2.

1203 3124 1399 3171 Qesnellus
1423 3124 1488 3157 sine
1508 3124 1600 3157 causa
1622 3124 1783 3165 affirmat,
1807 3125 1897 3168 quod
1918 3126 2087 3166 Met-opo-

1251 3175 1318 3208 litae
1341 3173 1381 3207 ad
1402 3173 1567 3207 subditum
1593 3174 1793 3219 Episcopum
1820 3175 2007 3211 damnatum
2031 3183 2086 3207 au-

1252 3222 1388 3259 thoritas
1410 3224 1447 3257 sit
1469 3223 1517 3266 jus
1538 3224 1702 3258 naturale.
1964 3222 2040 3259 216-
2057 3232 2085 3256 1.

1205 3273 1305 3322 Qiod
1326 3275 1499 3308 vult-Deus
1522 3286 1559 3307 ac
1587 3274 1662 3308 Deo
1685 3275 1805 3319 gratias
1833 3277 1962 3308 fuerunt
1986 3271 2084 3305 fami-

1253 3323 1414 3359 liariffime
1435 3324 1520 3357 uniti
1542 3335 1616 3357 cum
1639 3326 1668 3360 S.
1690 3325 1896 3368 Augustino.
1957 3320 2037 3367 284.
2051 3334 2085 3358 2.

1203 3374 1306 3423 Qod
1330 3374 1504 3408 vult-Deus
1523 3375 1679 3409 successor
1690 3373 1844 3413 Capreoli
1858 3373 1892 3406 in
1908 3371 2081 3453 SedehCar·

1677 3422 1707 3454 K
1734 3422 1766 3455 K
1965 3432 1978 3455 t
2005 3432 2035 3456 a-
