2326 3718
696 118 978 166 Ronanus
1004 107 1602 181 ἱΑιίκνζιῗιεηιοικηιςυε».

238 203 292 249 ¹(eu
303 205 470 248 Prffeffione
484 206 589 249 aliqua
601 204 802 246 Christianum
813 228 824 246 ‚
833 209 886 247 qui
897 206 917 237 ιὶ
930 202 1062 244 Nestor-‚io
1071 204 1121 237 vel

241 254 1123 355 arsamis202222502‘2‘355525222?aaran}

368 331 379 347 ²

242 357 295 389 vel
301 363 584 391 excommunicatum
605 358 726 396 videri,
748 354 858 399 sethi
870 367 970 398 omnes
986 354 1122 402 innostra

240 406 590 450 conmunionefuerunt,
616 409 650 443 θ
664 403 806 449 bucusque
821 408 1008 449 perdurant·
1036 406 1122 446 ‚Quia

241 462 388 490 neminem
409 459 531 498 dejicere
552 460 604 492 vel
623 467 772 491 removere
788 464 924 499 poterat,
950 455 1122 499 qutpraedt-

242 517 316 539 rans
326 509 403 540 talla
423 508 590 542 titubabat.
617 506 742 541 Eorum
763 506 1003 542 absolutionem
1023 505 1122 547 usque

241 556 284 591 ad
306 558 558 592 retrastatorium
581 557 614 591 in
630 556 790 600 Ephesina
809 557 946 602 Synodo
957 554 1122 599 Iudicium

241 606 371 642 differre
395 607 504 643 noluit
527 622 540 642 .-
566 607 835 651 Appellationem
855 618 944 649 ¹:nox
969 604 1122 644 admisit,

240 666 341 698 atque
350 657 496 702 ita-ipsos
507 658 718 692 continuavit
741 658 776 692 in
791 660 849 693 suo
860 656 963 702 gradu
991 655 1025 688 δι
1036 665 1122 689 cotn-

241 707 420 742 munione.
445 708 549 755 Qod
560 709 660 742 etiam
671 706 780 742 Pistus
793 732 804 748 ,
817 704 1050 740 Alexandrinae
1062 704 1123 738 Ec—

240 756 341 790 clefiae
349 756 522 801 Presbyter
531 782 543 799 ‚
569 757 715 792 Romam
726 756 894 800 appellarit
907 780 918 797 ‚
937 757 1028 798 supra
1037 754 1125 789 audi-

239 806 350 840 vimus
370 806 389 840 a
409 809 529 843 Sancto
549 808 637 851 Julio
656 802 834 842 Pontifices.
861 806 906 840 Et
925 805 1060 850 quidem
1075 814 1127 847 ap·

239 855 380 900 pellavit
401 856 552 892 adversus
568 857 730 900 judicium
749 858 962 892 Sacrosanetae
982 855 1125 889 Nicaenae

239 904 371 948 Synodi
382 932 389 938 .
419 908 463 942 Et
473 909 607 943 &naus
625 906 814 940 Ambrosius
836 916 912 939 curn
929 906 1050 939 caeteris
1064 904 1127 937 Ita·

239 955 293 987 lia:
306 956 495 999 Episcopis,
515 953 598 988 dum
608 954 649 989 ab
655 953 855 998 Imperatore
867 952 1059 988 Theodosio
1067 964 1126 997 po·

240 1003 375 1038 stulavit
395 1004 581 1048 generalem
601 1004 797 1047 synodum,
824 1002 995 1047 adjunxit:
1022 1008 1128 1046 Neque

239 1057 322 1087 enlm
330 1050 509 1092 estlmaemus
515 1054 567 1097 effe
576 1060 741 1089 convitium
752 1079 763 1095 ‚
790 1066 855 1089 cum
867 1065 946 1089 unus
961 1053 1125 1094 Constanti·

240 1102 418 1151 napolitanae
428 1103 565 1145 Ecclefiae
576 1105 730 1144 Presbyter
742 1129 754 1146 ,
767 1106 882 1139 Paulus
893 1110 1011 1139 nomine
1022 1128 1034 1145 ‚
1043 1108 1127 1139 intra

240 1151 388 1193 achajam
400 1155 547 1192 synodum
564 1157 764 1190 orientalium
777 1157 877 1197 juxta
886 1164 977 1198 atque
988 1156 1129 1189 Occiden-

239 1203 351 1237 talium
362 1202 537 1245 postularit.
563 1205 667 1253 Qod
690 1205 793 1241 etiam
815 1206 1035 1246 Cheraemon,
1066 1204 1127 1239 Vi—

241 1253 314 1287 etor
323 1276 336 1293 ‚
361 1252 567 1303 Sophronius
578 1279 591 1296 ‚
619 1267 657 1291 ac
664 1252 836 1292 facinorosi
846 1256 996 1292 Flaviani
1006 1256 1127 1291 Pueru-

241 1302 317 1344 lus,
341 1301 436 1339 faeces
447 1303 683 1341 Alexandrina
701 1306 869 1348 civitatis,
895 1306 1129 1342 contraSansti

239 1350 573 1395 Cyrillisententiam
593 1355 789 1400 appellarint
809 1357 851 1392 ad
869 1357 1055 1403 generalem
1065 1357 1130 1401 Sy'·

241 1400 373 1437 nodum
381 1427 394 1445 ,
419 1405 554 1440 testatur
563 1405 653 1440 idem
665 1406 807 1441 Paterin
817 1407 934 1443 litteris
943 1407 984 1442 ad
995 1407 1130 1442 Clerum

240 1450 627 1498 constantinopolitana
652 1456 803 1493 Ecclefiae
829 1484 837 1491 .
864 1455 1013 1493 Proinde
1036 1458 1071 1492 ὅτ,
1090 1456 1132 1492 ad

231 1499 370 1543 Papam
390 1503 551 1547 appellare
570 1514 762 1548 potuerant.
787 1506 884 1551 Qid
902 1516 987 1548 opus
997 1506 1133 1539 multis?

241 1548 351 1596 Qud
360 1552 548 1588 Orientales
557 1577 570 1595 ,
595 1564 637 1588 ex
648 1553 717 1598 ipsa
735 1553 838 1589 etiam
850 1553 959 1599 Regia
980 1552 1114 1589 civitate
1123 1575 1136 1593 ‚

241 1598 371 1632 cleriei
380 1601 529 1635 Romam
539 1602 655 1643 paffim
671 1602 891 1644 appellarent,
904 1640 905 1643 Ἴ
916 1601 1050 1636 testatur
1061 1603 1132 1636 Ma-

239 1655 330 1689 gnus
341 1645 524 1691 Gregorius
531 1649 568 1681 in
579 1647 699 1682 litteris
708 1648 751 1684 ad
762 1649 993 1684 Marinianum
1003 1650 1134 1685 Raven-

238 1705 293 1729 nae
303 1695 507 1741 Episcopum
517 1722 526 1729 .
552 1697 598 1731 Et
609 1697 728 1732 AEtius
747 1699 1134 1744 Constantinopolitanae

242 1743 396 1781 Ecclefiae
415 1744 724 1784 Archi-Diaconus
744 1758 861 1784 contra
882 1750 976 1784 suum
999 1749 1135 1784 Patriar-

238 1794 342 1832 cham
362 1816 364 1818 ·
377 1795 579 1833 Anatolium
598 1823 612 1840 ‚
637 1799 696 1843 qui
722 1797 864 1834 invitum
889 1800 1135 1835 consecraverat

241 1845 477 1892 Presbyterum
487 1871 499 1889 ,
523 1856 622 1893 atque
632 1849 678 1884 ira
689 1847 748 1884 sub
758 1847 897 1884 honoris
909 1850 1015 1894 specie
1022 1850 1136 1895 degra-

241 1897 376 1934 daverat
385 1923 399 1941 ,
424 1898 593 1934 invocavit
605 1899 759 1934 Sanctum
771 1898 895 1944 Papam
905 1900 1056 1935 Leonem
1067 1923 1078 1941 ,
1101 1898 1135 1934 &

61 1957 226 1996 Epistuo62'
239 1949 373 1985 eausam
395 1948 565 1986 obtinuit.
592 1948 752 1984 Pontifici
773 1950 863 1985 enim
882 1950 1064 1986 Anatolius
1089 1961 1136 1985 re·

64 1998 140 2036 C2P·
157 2008 183 2027 2·
241 1999 386 2044 scripsit.-
414 2000 683 2042 Reverendifflmus
704 1999 807 2041 nostra
824 1999 958 2042 Ecclefiae
979 2000 1136 2049 Presbyter

242 2053 357 2085 AEtius
367 2055 512 2094 inpriore
524 2052 581 2085 loco
598 2060 689 2094 atque
707 2050 813 2087 bonore
824 2050 862 2092 est
882 2051 1033 2093 restitutus
1043 2076 1051 2083 .
1077 2050 1135 2085 Et·

241 2101 312 2135 iam
324 2099 594 2139 Archimandrita
603 2125 616 2142 ,
634 2101 670 2135 &
682 2101 826 2144 ejusdem
839 2101 986 2136 Ecclefiae
996 2100 1134 2144 Presby-

241 2158 294 2185 ter
303 2149 474 2194 Eutyches
483 2175 495 2192 ‚
520 2151 539 2186 ὲ
552 2151 612 2186 suo
623 2149 814 2186 Patriarcha
826 2150 988 2186 Flaviano
1003 2150 1135 2185 damna-

239 2207 320 2239 tus,
345 2199 521 2244 appellavit
541 2200 584 2235 ad
605 2199 748 2236 eundem
765 2199 985 2239 Pontificemz
1014 2201 1059 2235 Et
1072 2199 1134 2235 fuit

238 2248 372 2284 auditus
385 2273 394 2282 .
420 2247 547 2284 Verum
559 2251 721 2294 quoniam
732 2249 800 2294 ejus
812 2248 938 2286 haeresis
955 2250 1019 2285 fuit
1030 2250 1136 2284 mani-

239 2298 321 2334 festa
333 2323 348 2340 ‚
370 2298 435 2334 lata
457 2300 494 2334 in
518 2300 626 2344 ipsum
646 2299 808 2335 sententia
829 2301 894 2335 fuit
914 2299 1127 2335 confirmata.

241 2347 445 2383 Athanasius
467 2349 548 2384 item
569 2350 804 2386 Alexandrinae
827 2349 1132 2394 Ecclesiae.Presby·

186 2416 190 2419 -
240 2408 292 2432 ter
301 2421 314 2438 ‚
328 2410 366 2433 ac
377 2399 485 2433 Sancti
497 2399 620 2442 Cyrilli
631 2412 734 2444 nepos
744 2425 756 2441 ‚
782 2399 957 2445 Ischyrion
968 2412 1006 2434 ac
1016 2399 1131 2435 Theo—

243 2446 343 2482 dorus
355 2472 367 2489 ‚
391 2448 535 2492 ejusdem
557 2449 708 2484 Ecclesiae
722 2450 870 2485 Diaconi
883 2474 895 2491 ‚
922 2460 1054 2485 necnon
1074 2451 1131 2485 So-

241 2495 402 2542 phronias
412 2523 424 2540 ,
449 2498 573 2533 ibidem
582 2498 688 2535 fidelis
698 2500 820 2535 Laicus
828 2525 839 2542 ‚
861 2499 880 2532 ὲ
893 2500 1058 2535 Dioscoro
1070 2500 1131 2534 Pa-

241 2546 386 2582 triarcba
397 2546 565 2592 degradati
584 2561 622 2584 ac
633 2549 718 2584 varie
729 2549 836 2584 vexati
846 2574 858 2591 ,
884 2550 1128 2595 appellaverunt

240 2597 283 2632 ad
294 2597 436 2632 eundem
446 2598 646 2633 Pontificem
658 2623 669 2640 ‚
695 2599 796 2634 &sub
807 2599 878 2643 ipso
894 2611 1128 2645 congregatam

242 2647 551 2683 Chalcedonensem
562 2649 755 2693 Synodum.
783 2650 909 2684 omnes
932 2651 998 2685 suis
1009 2650 1129 2686 libellis

242 2696 402 2732 dederunt
422 2696 509 2733 hanc
522 2699 755 2744 Epigraphen:
785 2700 961 2741 Sanfflffimo
981 2700 1127 2744 &beatis

235 2746 309 2790 fimo
329 2747 494 2791 universali
520 2749 766 2794 Archi-Episcopo
791 2751 826 2785 <ir
847 2750 1039 2786 Patriarchae
1062 2755 1126 2785 Ma·

238 2809 311 2842 gnae
320 2800 420 2831 Romae
430 2800 522 2832 Leoni
534 2824 546 2840 ,
573 2801 608 2834 (θ’
615 2797 788 2843 sanfflffimo
801 2801 928 2835 Concilio
939 2826 950 2842 ‚
962 2800 1127 2845 secundam

241 2849 429 2883 voluntatem
441 2851 499 2883 Dei
520 2850 554 2883 ό·
565 2853 684 2884 Divina
696 2852 844 2884 mandata
864 2857 897 2885 in
909 2851 1126 2886 chalcedonen-

239 2895 269 2936 ,Ιί
279 2897 402 2933 ciuitate
422 2909 612 2945 congregato.
639 2901 793 2935 Instantis
803 2902 950 2937 Concilii
971 2912 1126 2947 opportu-

244 2945 330 2981 nitas
338 2948 383 2982 eis
394 2949 470 2984 fecit
479 2953 607 2984 animos
616 2950 656 2985 ad
675 2946 784 2995 'ipsum
796 2950 996 2995 provocandi
1009 2967 1023 2992 ,·
1034 2976 1035 2980 ,
1046 2952 1125 2987 alio·

245 2995 379 3038 quimad
390 2999 495 3034 solum
506 3000 706 3037 Pontificem
728 3003 955 3046 provocaturis
965 3029 972 3036 .
1001 3003 1045 3036 Et
1055 3013 1124 3037 om-

245 3045 298 3078 nis
318 3045 376 3079 ista
394 3050 538 3087 maxima
546 3052 700 3095 Synodus
720 3052 989 3097 provocationem
1010 3051 1124 3097 proba-

245 3094 312 3135 vit,
324 3095 466 3145 admisit,
478 3102 648 3138 exaudivit
657 3127 665 3135 .
693 3102 793 3139 Istam
806 3102 1016 3148 Epigraphen
1028 3103 1123 3146 respi-

245 3144 294 3178 cit
303 3144 451 3189 Magnus
466 3149 644 3196 Gregorius
657 3177 668 3192 ,
694 3153 728 3187 in
739 3154 836 3188 variis
858 3153 973 3188 litteris
984 3153 1123 3187 scribens

246 3192 455 3230 Universalis
467 3198 619 3246 Episcopi
630 3201 764 3238 titulum
787 3203 880 3239 fuisse
890 3203 909 3236 a
919 3203 1049 3239 laudata
1058 3205 1122 3247 sy-

246 3242 340 3278 nodo
350 3244 500 3280 oblatum
518 3259 557 3283 ac
566 3252 710 3288 delatum
722 3254 852 3299 Magno
863 3254 970 3289 Leoni
982 3279 994 3295 ‚
1019 3265 1053 3290 at
1065 3251 1124 3288 hu-

247 3294 370 3329 militer
382 3297 556 3331 refutatum
568 3323 576 3330 -
601 3301 754 3339 Similiter
764 3305 806 3339 ad
817 3303 1123 3349 Constantinopoli-

247 3353 331 3378 tanae
355 3345 502 3380 Ecclefiae
513 3348 648 3383 Clerum
665 3352 699 3385 δι
710 3353 874 3398 Populum
892 3354 934 3389 de
946 3355 1122 3390 Salomone

247 3393 462 3438 Presbytero,
482 3409 539 3441 per
560 3397 717 3434 Acacium
738 3403 961 3441 Patriarcham
981 3405 1121 3449 dejesto,

346 3444 454 3489 christ.
459 3451 537 3492 Lupi
545 3453 644 3492 Opera
655 3453 689 3483 T.
697 3452 779 3487 Vm.

67 1719 131 1752 Lib·
146 1727 174 1756 ς.

62 1759 156 1800 Epist.
172 1769 220 1796 24.

1178 200 1288 237 scribit
1297 200 1393 235 Felix
1415 200 1474 235 111.
1494 199 1672 237 Pontifex:
1698 206 1780 239 Filio
1798 202 1890 245 nostro
1910 205 2055 239 Salomoni

1179 251 1351 291 Presbytero
1364 275 1375 292 ,
1401 262 1489 294 quem
1511 254 1658 292 Aeacius,
1680 261 1712 284 ut
1732 257 1870 296 placeret,
1885 253 2056 294 hereticis,

1176 302 1228 347 suo
1243 307 1372 345 privare
1390 305 1518 343 putavit
1533 302 1635 345 gradu
1647 325 1657 341 ,
1678 306 1808 345 gradum
1828 309 1978 349 proprium
1993 302 2057 347 sen-

1179 357 1275 388 tentia
1285 351 1383 393 vestra
1393 350 1540 394 confirmet
1552 375 1565 391 ,
1590 352 1641 384 vel
1649 362 1748 385 omnes
1770 360 1819 394 qui
1826 356 1908 395 forte?
1925 356 1945 387 ἃ
1957 365 2060 389 memo·

1180 411 1245 437 rato
1252 401 1383 444 propulsi
1391 428 1403 443 ‚
1427 400 1531 445 insue's
1550 402 1637 443 locis,
1664 402 1741 434 &in
1755 402 1848 441 nostra
1867 409 2059 439 communione

1180 464 1299 487 manere
1305 458 1501 495 pronunciet.
1527 452 1619 500 Qia
1641 461 1758 495 nempe
1769 451 1926 486 Salomon
1952 456 1991 488 ad
2005 455 2062 488 Fe·

1181 503 1276 538 licem
1298 512 1531 546 provocaverat
1553 528 1560 535 .
1588 502 1673 537 Item
1693 502 1855 545 Joannem
1881 501 2062 538 Chalcedo-

1183 555 1318 588 nensem
1331 578 1342 593 ‚
1367 554 1401 589 ἀ
1412 551 1629 588 Athanasium
1638 552 1761 587 Isauriae
1771 551 2003 593 Presbyterum
2014 577 2024 593 ,
2043 555 2063 587 ὲ

1184 604 1309 646 Ioanne
1320 602 1507 639 Patriarcha
1516 602 1894 647 Constantinopolitano
1904 601 2064 646 degrada-

1184 663 1257 694 tos,
1285 654 1430 696 atquead
1442 655 1474 688 se
1486 656 1721 698 proximantes,
1745 652 1913 688 exaudivit
1929 664 1966 686 ac
1980 662 2067 694 repa-

1185 704 1266 737 ravit
1289 705 1435 748 Magnus
1449 703 1543 748 ,Papa
1567 703 1764 750 Gregorius.
1792 703 1838 738 Et
1863 701 1929 737 haec
1952 702 2067 737 omnia

1186 753 1259 786 sunt
1275 753 1317 788 ab
1339 754 1410 797 ipsis
1434 752 1626 797 Apostolis:
1654 752 1763 788 Imm&
1787 753 1828 788 ab
1848 754 1919 797 ipso
1932 752 2068 787 Christo

1185 802 1337 838 Domino
1358 829 1364 835 .
1392 804 1527 838 Etenim
1553 803 1644 848 quod
1668 804 1822 838 Marcion
1841 829 1852 844 ,
1881 801 2068 847 Sinopensis

1188 853 1333 888 Ecclefiae
1344 853 1516 898 Presbyter
1527 877 1540 894 ,
1565 854 1583 888 a
1595 853 1641 888 sui
1655 851 1761 888 Patris
1778 865 1815 887 ac
1829 854 1982 897 Episcopi
1996 855 2069 887 sen-

1186 904 1289 937 tentia
1307 904 1453 939 Romam
1471 904 1662 949 appellarit,
1682 901 1819 948 &quod
1839 904 1943 947 ipsum
1957 915 2071 938 vacan-

1187 953 1228 987 tis
1239 954 1401 988 Romana
1417 955 1565 990 Ecclefiae
1585 953 1729 989 seniores
1752 951 1949 997 Presbyteri¹
1964 953 2073 988 audie-

1187 1002 1253 1036 rint
1264 1014 1302 1036 ac
1311 1002 1507 1045 judicarint,
1529 1006 1624 1048 supra
1635 1002 1821 1040 audivimus
1833 1002 1852 1037 ὲ
1865 1004 1983 1039 Sansto
1996 1002 2073 1045 Epi-

1189 1051 1327 1096 phanio.
1350 1052 1455 1087 Erant
1467 1052 1655 1096 Presbyteri
1663 1053 1771 1091 edoai
1781 1052 1825 1090 'ab
1835 1053 2076 1100 Apostolorum

1189 1101 1370 1147 Discipulis
1383 1127 1391 1134 .
1416 1102 1463 1137 Et
1480 1100 1567 1138 certe
1577 1103 1721 1138 Domini
1743 1103 1840 1140 verba
1853 1117 1865 1138 .-
1892 1103 1986 1148 Pasce
2004 1113 2077 1137 oves

1189 1165 1292 1196 mear,
1317 1152 1471 1197 confirma
1479 1153 1604 1196 fratres
1625 1161 1719 1194 tuos,
1745 1153 1872 1195 aliaque
1892 1154 1926 1190 id
1949 1165 2077 1201 genus,

1190 1216 1399 1250 nequaquam
1411 1203 1691 1249 comprehendunt
1702 1202 1793 1237 solos
1803 1202 1984 1246 Episcopus
1996 1230 2003 1237 .

1224 1253 1391 1294 <Eandem
1410 1258 1554 1292 formam
1578 1252 1717 1299 viguisse
1734 1253 1771 1288 in
1785 1252 1959 1287 Gallicana
1971 1253 2083 1287 Eccle-

1189 1306 1233 1342 sia
1242 1330 1254 1347 ,
1280 1304 1389 1342 lucide
1397 1305 1494 1343 docet
1504 1306 1628 1351 Magni
1640 1303 1765 1340 Leonis
1774 1303 1910 1347 epistola
1920 1302 1963 1338 ad
1975 1302 2085 1337 Rusti·

1191 1366 1268 1392 cum
1287 1356 1547 1401 Metropolitam
1568 1354 1848 1391 Narbonensem:
1875 1353 1990 1395 Gestis,
2016 1365 2085 1396 quae
2099 1373 2185 1417 Epist.
2196 1385 2222 1406 Ζ,

1191 1412 1224 1440 in
1233 1405 1447 1451 Episcopoeum
1459 1432 1471 1449 ,
1498 1413 1774 1448 Honorarorumque
1795 1409 1932 1439 examine
1950 1403 2084 1446 confic‘la

1187 1455 1261 1501 sunt
1286 1482 1299 1498 ‚
1324 1456 1470 1499 recenfius
1495 1482 1508 1498 ,
1534 1456 1699 1508 Sabipiano
1723 1456 1757 1490 (θ’
1785 1458 1879 1489 Leon}
1904 1453 2086 1494 Presbyteri:

1194 1508 1319 1542 aaronis
1334 1507 1401 1552 suae
1423 1508 1625 1560 intelleximus
1639 1505 1942 1549 fiducianrdefuiffe,
1969 1515 2020 1540 nec
2040 1509 2085 1539 eis

1190 1555 1304 1596 justam
1310 1555 1455 1598 supereffie
1467 1561 1684 1598 querimoniam
1697 1582 1709 1597 ‚
1733 1561 1786 1599 qu}
1792 1554 1825 1598 se
1835 1557 1874 1590 ab
1884 1555 2029 1590 inchoatis
2040 1556 2085 1590 di·

1191 1600 1421 1646 'sceptationibus
1429 1604 1534 1648 sponte
1541 1603 1766 1647 ficbduxerunr.
1794 1607 1888 1637 Circa
1910 1617 2085 1646 quosquam

1172 1696 1174 1699 7
1191 1653 1327 1693 formam
1338 1677 1349 1693 ‚
1373 1665 1503 1694 quamve
1512 1653 1684 1696 mensuram
1696 1653 1802 1688 debeas
1816 1661 1915 1688 tenere
1922 1658 1955 1698 J
1956 1652 2064 1694 ustitiae
2070 1662 2087 1696 “,

1196 1709 1248 1734 tuo
1258 1701 1392 1743 relinquo
1412 1702 1608 1734 moderamini
1619 1725 1632 1742 ,
1655 1701 1790 1743 fiaeadens
1814 1711 1917 1735 tamen
1927 1703 2086 1737 charitatis

1197 1749 1319 1783 hortatu
1332 1773 1346 1789 ,
1368 1758 1403 1783 ut
1408 1749 1562 1793 sanandis
1570 1754 1661 1794 aegrss
1685 1747 1858 1792 spiritalem
1868 1750 2014 1785 adhibeas
2029 1764 2088 1788 mo-

1196 1800 1349 1834 dianam.
1375 1802 1424 1833 Et
1432 1801 1545 1835 dicente
1553 1802 1708 1842 Scriptura
1720 1817 1733 1842 ‚=
1759 1799 1842 1835 Noli
1854 1804 1916 1836 ess'e
1927 1801 2028 1845 justus
2041 1803 2088 1837 ni-

1197 1849 1324 1889 mium,
1349 1854 1454 1883 mitius
1468 1861 1545 1893 agas
1565 1856 1702 1886 cumeis.
1729 1849 1918 1891 Paschasius
1930 1853 2087 1900 Qesnel·

1198 1899 1248 1933 lus
1257 1899 1400 1934 correxit
1410 1897 1500 1934 hunc
1513 1908 1639 1935 textum
1651 1926 1662 1943 ,
1690 1900 1815 1947 &legit
1829 1915 1836 1934 :
1863 1901 1993 1937 Ac‘lionls
2005 1910 2067 1938 tuae
2076 1930 2086 1938 .

1199 1949 1327 1984 Evertit
1348 1949 1495 1984 sensum.
1518 1947 1732 1995 Nescio‘quo
1752 1952 1853 1997 scopo
1876 1977 1884 1985 .
1911 1953 2086 2000 Qidquid

1196 2000 1254 2039 sit,
1279 1998 1478 2035 Sabinianus
1497 2000 1610 2036 &Leo
1618 2001 1802 2045 Presbyteri
1813 2027 1826 2044 ‚
1851 2001 1870 2037 a
1882 2002 2023 2039 Rustico
2035 2003 2088 2039 de-

1197 2049 1325 2095 gradati
1345 2059 1403 2084 aut
1429 2050 1578 2097 castigati
1599 2076 1611 2092 ,
1634 2062 1890 2097 provocaverant
1903 2055 2080 2090 Romam.

1198 2099 1287 2134 Atin
1296 2100 1352 2134 sua
1363 2100 1457 2134 causa
1470 2099 1659 2136 defecerant·
1668 2127 1689 2145 .,
1704 2101 1799 2138 Hinc
1827 2104 1912 2148 ipsos
1922 2104 2082 2140 Pontifex

1197 2148 1316 2183 remisit
1336 2148 1498 2191 Rustico,
1524 2153 1666 2194 permisit
1687 2153 1757 2198 ejus
1781 2154 2021 2197 moderamini,
2048 2156 2083 2190 δε

1197 2198 1441 2234 commendavit
1453 2199 1634 2236 clementiae
1646 2228 1654 2236 .
1667 2203 1771 2250 Quod
1783 2205 1880 2240 etiam
1889 2205 2059 2240 Tuentius
2068 2229 2083 2246 ,

1196 2249 1373 2283 Gallicanae
1399 2248 1549 2284 Ecclesiae
1576 2251 1722 2288 Clericus
1747 2279 1760 2294 ,
1798 2267 1895 2300 quem
1922 2254 2084 2291 Proculus

1197 2297 1404 2333 Maffilienfis
1429 2299 1646 2344 Metropolita
1672 2304 1851 2346 postmodo
1877 2306 2082 2340 consecravit

1195 2349 1230 2382 in
1241 2349 1357 2384 nescio
1377 2348 1468 2394 cujus
1480 2349 1622 2386 civitatis
1634 2352 1833 2398 Episcopum
1844 2380 1856 2396 ,
1881 2354 1900 2389 a
1912 2356 1960 2390 sui
1983 2355 2082 2390 Anti-

1193 2398 1274 2433 stitis
1287 2399 1417 2442 Iudicio
1429 2400 1576 2436 Romam
1599 2403 1788 2447 appellarit,
1813 2417 1852 2440 ac
1865 2405 1935 2449 ejus
1945 2405 2084 2440 circum-

1192 2447 1379 2484 ductionem
1393 2475 1405 2490 ‚
1432 2461 1502 2485 non
1517 2463 1573 2495 per
1585 2452 1770 2495 Justitiam,
1796 2455 1850 2489 sed
1873 2466 1928 2498 per
1940 2456 2081 2499 singula-

1192 2497 1343 2533 riffimam
1364 2500 1513 2544 gratiam
1538 2500 1721 2536 obtinuerit
1747 2527 1758 2542 ,
1780 2504 1919 2539 ‚testatur
1945 2506 2080 2540 Sanetus

1191 2548 1279 2593 Papa
1292 2550 1454 2584 Zozimus
1476 2550 1510 2583 in
1532 2550 1648 2586 litteris
1674 2551 1716 2586 ad
1733 2552 1913 2596 Episcopos
1939 2553 2077 2597 Africae,

1191 2599 1327 2641 Galliae,
1354 2610 1392 2633 ac
1415 2599 1603 2642 Hispaniae.
1628 2601 1779 2644 Sapaudo
1802 2602 1990 2639 Arelatensi
2001 2605 2080 2649 Epi-

1189 2651 1289 2695 scopo
1303 2674 1313 2691 ,
1339 2650 1380 2684 de
1392 2650 1519 2683 frivolis
1532 2651 1662 2685 suorum
1675 2652 1880 2688 Clericorum
1889 2654 2079 2698 appellatio-

1190 2698 1286 2734 nibus
1309 2700 1459 2743 querenti
1473 2699 1626 2746 Pelagius
1638 2701 1661 2736 1ss
1682 2704 1824 2746 reposuit
1846 2704 1931 2747 ipsos
1944 2705 2077 2740 interim

1189 2750 1393 2791 audiendos,
1417 2748 1558 2794 ideoque
1580 2763 1662 2795 opus
1687 2753 1770 2794 effe,
1796 2763 1834 2789 ut
1849 2755 1885 2790 δε
1909 2755 2077 2799 Sapaudus

1189 2801 1263 2835 suos
1276 2800 1473 2835 transmittat
1492 2801 1723 2845 Responsales:
1745 2804 1835 2851 ,Quo
1852 2816 1970 2849 nempe
1982 2807 2075 2840 causa

1187 2852 1372 2885 retractetur
1382 2850 1560 2886 secundum
1568 2851 1766 2887 Sardicenses
1776 2856 1934 2890 Canones
1944 2881 1951 2888 .
1963 2856 2075 2890 Etiam

1189 2911 1328 2945 nequam
1349 2901 1407 2935 ille
1423 2901 1554 2946 juvenis
1565 2927 1575 2943 ‚
1601 2902 1659 2947 qui
1673 2903 1804 2938 Sacram
1818 2904 1994 2949 Virginem
2010 2905 2074 2939 stu-

1187 2961 1355 2995 praverat,
1375 2950 1418 2987 ab
1442 2952 1591 2996 imposita
1607 2953 1663 2987 sibi
1685 2964 1742 2997 per
1762 2954 1917 2989 sanctum
1931 2955 2073 2991 Avitum

1189 2998 1417 3037 Viennensem
1442 3002 1694 3046 Metropolitam
1719 3003 1851 3046 publica
1878 3005 2072 3048 poenitentia

1186 3052 1360 3096 appellavit
1377 3051 1418 3086 ad
1435 3053 1551 3087 Sedem
1570 3052 1795 3097 Apostolicam
1805 3079 1818 3096 ,
1843 3064 1900 3089 aur
1916 3055 2001 3090 certe
2012 3056 2072 3090 rni-

1186 3113 1281 3136 natus
1300 3101 1346 3135 est
1368 3102 1544 3146 appellare.
1574 3103 1649 3138 Nec
1669 3103 1787 3138 desunt
1812 3104 1875 3139 alia
1898 3106 2045 3149 exempla
2063 3131 2070 3137 .

1187 3154 1228 3186 Et
1240 3155 1339 3187 nemo
1361 3160 1441 3186 tunc
1452 3152 1645 3188 Gallicanus
1670 3153 1851 3198 Episcopus
1875 3156 2048 3190 intercessit
2060 3180 2069 3189 .

1185 3203 1319 3248 Propter
1329 3202 1536 3238 constantem
1546 3203 1827 3240 consuetudinem.
1840 3205 1883 3240 Et
1895 3217 1970 3240 ecce
1981 3217 2069 3241 nunc

1185 3254 1270 3298 apud
1283 3252 1450 3297 imperitos
1459 3252 1617 3288 clamatur
1628 3279 1641 3295 ‚
1667 3255 1857 3292 inferiorem
1868 3255 1984 3291 Galliae
1995 3256 2070 3290 Cle·

1184 3316 1256 3340 rum
1269 3314 1436 3347 nunquam
1445 3302 1538 3338 fuisse
1553 3304 1717 3350 gravisum
1731 3306 1790 3340 ista
1802 3307 1975 3342 facultate.

1235 3356 1356 3389 Nonus
1377 3364 1465 3389 error
1484 3354 1530 3388 est
1550 3379 1562 3395 ‚
1588 3355 1680 3400 quod
1701 3355 1893 3392 Sardicensis
1915 3356 2067 3400 Synodus

1185 3404 1319 3441 Clerum
1339 3404 1530 3441 inferiorem
1546 3416 1646 3442 exuat
1661 3407 1823 3443 Romanae
1841 3405 2067 3451 appellationis

1621 3455 1656 3490 G
1706 3465 1728 3505 3
1929 3455 2015 3488 auxi-

1142 3551 1232 3606 ss
