2326 3718
21 1757 82 1787 Le.
91 1756 173 1793 C.35.

635 151 919 197 Romams
953 151 1553 195 APPELLATIONIBUS.

1851 172 1947 210 219

194 234 247 268 est
260 230 476 269 dubitandum
488 255 496 263 .
523 231 589 266 His
600 233 762 267 animatus
772 234 804 267 se
814 239 920 266 totum
933 241 991 274 pto
1003 229 1072 264 No·
1132 226 1241 269 clefiam
1248 229 1448 270 principalem
1457 252 1469 268 ,
1495 230 1572 262 unde
1582 234 1683 266 unitas·
1693 234 1892 269 Sacer-dotalis
1901 246 2007 271 exorta

199 284 332 318 vatiano
352 281 507 324 expendit
520 307 528 315 .
556 283 651 317 Hinc
670 283 706 316 in
729 281 920 327 Apostolica
933 280 1012 315 Sede
1023 280 1072 312 fir—

199 343 307 367 matus
326 331 500 366 Cornelius
521 331 588 376 ejus
606 333 642 367 dc
663 331 749 376 apud
772 332 871 366 Afros
890 357 901 372 ,
928 332 962 366 &
987 328 1072 373 apud

198 383 319 416 almam
331 380 462 416 Urbem
474 392 597 425 patrata
606 382 750 418 facinora
768 382 911 416 discuffit
922 406 934 423 ,
959 392 997 414 ac
1007 390 1073 414 tur-

198 430 368 466 bulentum
391 429 561 468 hominem
584 433 768 468 damnavit.
795 433 839 467 Et
862 431 971 471 huic,
997 430 1072 464 licet

197 491 268 514 non
281 481 431 515 adversus
450 482 550 517 latam
562 507 574 523 ,
599 483 652 518 sed
662 481 831 517 dumtaxat
854 480 1002 518 adversus
1014 480 1072 513 irn-

196 530 378 565 minentem
399 542 437 565 ac
461 533 626 567 ferendam
645 532 866 568 damnationis
881 530 1070 566 sententiam

195 580 392 624 interpositae
414 582 646 625 appellationi,
673 593 802 617 necnon
825 582 902 617 huic
914 581 1070 615 Romano

195 630 231 664 in
256 632 470 675 appellantem
483 628 652 666 Novatum
670 631 791 675 judicio
815 630 1072 676 Cyprianusple-

196 680 324 717 niffime
344 681 504 725 acquievit
522 706 529 713 .
561 682 661 729 Qod
684 683 802 727 nempe
825 684 976 717 Novatus
995 680 1070 714 effet

196 730 396 774 Episcopus.

246 780 349 814 Sancti
369 780 528 822 Cypriani
557 781 650 816 verba
670 807 682 824 ,
717 783 782 826 ,Qui
802 781 885 826 isthic
908 783 1073 814 Diaconum

188 829 325 871 fecerat,
352 831 411 863 illic
432 830 610 873 Episcopum
627 832 708 874 fecit
722 857 734 872 ,
760 833 911 867 videntur
930 829 1072 865 omnino

193 879 369 922 importare
381 882 660 917 consecrationem
672 908 679 916 .
710 883 885 916 Affirmant
903 881 990 925 quod
1004 880 1073 913 No-

193 940 288 963 vatus
300 930 528 965 N'ivatianum
539 944 579 966 eo
591 932 693 966 modo
705 933 856 966 creaverit
865 931 1073 974 Episcopum,

193 990 262 1021 quo
276 979 504 1013 Feliciffimum
529 991 688 1015 creaverat
699 981 886 1014 Diaconum
898 992 919 1013 :‘
937 981 984 1013 At
996 977 1072 1018 vero

194 1027 285 1062 hunc
296 1039 456 1063 creaverat
469 1040 522 1072 per
533 1032 809 1064 consecrationem
820 1054 828 1061 .
855 1030 898 1061 Et
910 1027 987 1061 hinc
1000 1028 1072 1062 scri-

193 1078 243 1111 bit
264 1077 381 1111 author
402 1078 478 1110 libri
502 1078 705 1114 Pontificalis
719 1093 730 1112 :
758 1084 905 1112 Novatus
919 1080 1072 1111 Novatla-

193 1137 264 1159 num
278 1135 367 1158 extra
378 1126 535 1167 Ecclesiam
547 1130 702 1162 ordinavit
714 1155 722 1162 .
750 1129 797 1163 At
811 1130 887 1173 vero
913 1129 948 1162 in
960 1128 1073 1162 litteris

192 1175 233 1209 ad
244 1175 380 1210 Fabium
405 1176 592 1212 Antiochia:
614 1178 834 1214 patriarcham
856 1179 1071 1214 SanetusCor-

191 1224 298 1259 aelius
307 1225 424 1260 diserte
435 1228 543 1261 scribit
554 1228 784 1265 Novatianum
797 1228 814 1262 a
827 1231 927 1264 tribus
942 1230 1074 1264 rudibus

192 1275 227 1308 ὅ(
247 1276 426 1319 agrestibus
447 1302 457 1318 ,
486 1288 541 1319 per
564 1279 709 1315 fallacias
734 1281 983 1323 circumscriptis
1004 1305 1015 1321 ‚
1043 1281 1074 1313 &

192 1325 302 1359 multo
322 1326 400 1360 vino
419 1327 459 1360 ad
481 1325 596 1362 horam
617 1330 682 1364 diei
702 1331 864 1368 decimam
887 1330 1076 1370 inebriatis,

191 1374 294 1409 Italia:
307 1375 478 1420 Episcopis
498 1378 592 1412 fuisse
601 1386 786 1424 imaginaria
796 1381 931 1424 quadam
944 1383 978 1414 (¹5
991 1392 1076 1414 vana

191 1436 333 1458 manuum
352 1426 531 1469 impofitione
555 1431 779 1465 consecratum
805 1458 811 1464 .
841 1432 885 1465 Et
907 1430 1075 1475 adjungit:

190 1478 247 1507 Ex
268 1475 375 1517 quibus
399 1476 557 1520 Episcopis
581 1492 659 1513 unus
684 1492 741 1514 non
753 1483 835 1525 long?
850 1480 913 1523 post
924 1490 1076 1522 peecatum

188 1524 326 1565 flebiliter
350 1527 540 1568 lamentans,
568 1531 694 1563 &idem
715 1533 817 1573 aperte
843 1530 984 1573 confessus
999 1555 1009 1570 ,
1036 1531 1078 1563 ad

191 1574 353 1616 Ecclefiam
378 1583 494 1610 revenit
516 1602 522 1609 .
551 1581 650 1622 ,Quem
673 1582 782 1622 Populo
805 1580 943 1624 universo
961 1589 1020 1623 pro
1045 1592 1076 1614 eo

189 1634 315 1667 rogante
330 1650 341 1666 ,
367 1628 491 1661 tandem
512 1637 545 1660 ut
564 1631 672 1662 laicum
683 1637 714 1662 in
725 1638 954 1664 communionem
963 1637 1075 1672 recepi·

190 1685 277 1715 mus,
303 1684 395 1716 atque
404 1678 478 1708 altos
490 1701 499 1715 ,
525 1685 577 1719 qui
596 1685 628 1711 in
637 1682 760 1723 aliorum
784 1683 909 1714 duorum
920 1680 1075 1724 Epistopo-

189 1735 255 1757 rum
264 1725 327 1757 loca
336 1723 546 1767 succederent,
573 1723 699 1769 mlfi'mur
714 1754 721 1762 .
751 1731 865 1765 Exstat
886 1730 1021 1773 epistola
1041 1732 1074 1764 in

191 1773 414 1809 Ecclefiassica
425 1776 570 1814 Historia
585 1777 714 1814 Eusebii
728 1780 940 1815 Caesaraeenfis
953 1806 960 1813 .
985 1780 1077 1814 Hinc

190 1824 343 1866 quaeritur
355 1846 366 1865 -,
392 1825 574 1872 Qomodo
588 1828 646 1864 ista
654 1828 856 1866 cohaereant?
883 1829 1079 1874 Respondeo

190 1885 252 1908 nec
273 1872 314 1908 de
326 1876 433 1909 Sansti
465 1877 635 1918 Cornelii,
660 1892 721 1914 nec
742 1882 783 1914 de
796 1881 904 1915 Sanaesti
917 1881 1075 1924 Cypriani

183 1924 256 1958 ‘fide
267 1935 324 1958 aut
335 1923 438 1959 verbis
447 1929 508 1960 effe
519 1927 737 1964 dubitandum
752 1956 759 1963 .
784 1930 831 1965 vEt
843 1929 918 1965 sane
932 1931 1077 1965 Romani

190 1973 363 2010 pontificis
373 1977 575 2012 consecratio
589 1979 713 2024 semper
727 1981 876 2024 speetavit
898 1980 939 2015 ad
953 1981 1077 2014 vicinos

192 2024 285 2065 urbi,
312 2034 367 2059 aut
391 2026 476 2061 certe
499 2028 540 2063 ad
563 2030 691 2072 quosvis
716 2030 894 2064 Pontificis
916 2031 1077 2074 Compro-

191 2073 349 2108 vinciales
373 2076 572 2120 Episc0p0s‚
600 2078 740 2123 ideoque
763 2080 1077 2114 Novatianusetiarn

193 2122 235 2156 ab
256 2123 327 2166 ipfis
338 2124 475 2159 voluerit
497 2129 695 2161 consecrari.
723 2128 767 2162 Et
789 2128 855 2163 hoc
874 2130 981 2172 palam
991 2129 1077 2162 evin-

193 2173 240 2206 cit
259 2172 395 2215 epistola
420 2175 527 2209 Sant‘ti
549 2177 717 2212 Cornelii.
745 2179 879 2213 sanetus
893 2179 1079 2223 Cyprianus

194 2223 268 2255 usus
278 2224 323 2255 est
347 2223 515 2265 aequivoco
534 2227 635 2261 verbo
645 2252 656 2268 ,
681 2228 714 2262 δε
726 2237 794 2261 tam
806 2229 846 2262 ad
861 2228 1054 2263 elestionem
1068 2253 1079 2269 ,

192 2282 291 2313 quam
302 2271 342 2305 ad
363 2275 642 2309 consecrationem
659 2276 904 2321 significandam
917 2278 1077 2311 ambidex-

191 2330 260 2354 tro.
288 2321 398 2368 Qare
409 2323 513 2365 ipsum
535 2323 576 2358 de
591 2325 748 2360 elestione
761 2351 772 2367 ,
799 2327 833 2360 in
849 2339 912 2371 qua
926 2327 1078 2361 Novatus

191 2371 323 2404 Ducem
350 2382 460 2415 egerat
485 2396 495 2412 ,
522 2375 565 2408 est
594 2376 850 2421 intelligendum
877 2402 885 2410 .
915 2378 1075 2411 Eleffloni

193 2419 342 2453 Cornelii
365 2421 535 2456 adfuerant
558 2423 705 2459 Africani
729 2427 902 2469 Episcopi:
931 2428 1022 2460 Hinc
1035 2439 1078 2460 et·

191 2470 257 2503 iam
270 2469 474 2505 Novatianus
494 2474 620 2516 gavisus
632 2475 676 2508 est
703 2474 812 2509 saltem
825 2488 928 2510 unum
952 2478 1013 2510 suae
1026 2476 1076 2510 ad·

192 2520 301 2555 fuisse.
333 2520 398 2554 Isto
413 2523 501 2555 enim
512 2534 659 2567 tempore
672 2536 787 2558 omnes
799 2550 809 2565 ‚
836 2525 915 2560 dum
929 2527 962 2558 in
979 2525 1077 2559 Alma

194 2569 292 2603 Urbe
314 2578 394 2604 runc
413 2574 643 2615 reperirentur,
675 2574 822 2609 Romani
840 2573 1079 2610 Patriarchatus

193 2619 343 2663 Episcopi
369 2622 404 2655 in
427 2623 582 2667 eligendo
604 2624 767 2659 Pontifice
789 2624 953 2660 habebant
976 2626 1078 2661 suffia-

193 2670 286 2712 gium
301 2692 307 2700 -
335 2670 434 2705 Liber
447 2672 650 2708 Pontificalis
663 2674 765 2709 bacin
779 2686 868 2719 parte
880 2676 925 2710 est
943 2677 1079 2710 modicae

193 2718 420 2760 authoritatis.
448 2722 536 2756 Nam
556 2723 689 2758 &addit
712 2725 730 2758 a
755 2727 890 2760 Novato
912 2726 947 2758 in
967 2726 1078 2760 Africa

195 2769 286 2803 fuisse
297 2771 487 2807 ordinatum
503 2773 727 2808 Nicostratum
739 2799 746 2807 .
774 2775 927 2810 Debebat
947 2776 1077 2810 dicere:

196 2820 410 2860 Feliciffimum.
442 2822 647 2858 Nicostratus
657 2826 747 2858 enim
766 2825 828 2859 fuit
842 2827 1002 2861 Romanae
1016 2827 1076 2861 Ec·

195 2867 293 2902 clefiae
309 2881 345 2904 ac
368 2872 475 2910 Sansti
499 2873 671 2909 Pontis-icis
686 2875 821 2909 Fabiani
837 2876 1077 2911 Archi—Diaco-

196 2927 257 2949 nus
267 2942 277 2957 ‚
304 2929 387 2954 unus
409 2921 426 2955 ὲ
439 2923 683 2959 Confefforibus
695 2950 706 2966 ‚
734 2937 815 2968 quos
827 2926 979 2960 Novatus
991 2927 1079 2962 sedu-

196 2968 246 3000 xit
267 2992 273 2998 .
302 2968 379 3002 Erat
400 2972 446 3003 vir
468 2974 660 3009 criminosus
683 3001 690 3007 .
720 2976 796 3018 Ejus
821 2977 957 3011 crimina
982 2976 1077 3011 nobis

195 3017 297 3060 aperit
318 3019 453 3053 Sanctus
474 3022 658 3066 Cyprianus
684 3026 718 3059 in
742 3028 877 3070 praefatis
900 3028 1013 3060 litteris
1035 3028 1075 3061 ad

195 3067 348 3101 Sanctum
363 3067 556 3107 Cornelium
569 3100 576 3106 .

247 3116 439 3152 Paschasius
461 3121 654 3167 Quesnellus
677 3126 771 3161 nobis
785 3127 922 3171 opponit
935 3126 1074 3168 ejusdem

197 3166 357 3210 Cypriani
370 3168 411 3201 ad
420 3172 560 3206 eundem
573 3173 775 3210 Pontificem
790 3178 884 3212 verba
893 3178 932 3211 de
944 3178 1077 3220 praefatis

198 3217 341 3261 quinque
363 3218 421 3251 fibi
443 3221 614 3257 rebellibus
637 3224 852 3268 Presbyreris,
878 3239 916 3261 ac
938 3228 1077 3270 ipsorum

198 3267 295 3300 Duce
320 3268 513 3304 Felicissimo
536 3295 544 3303 .
574 3272 698 3307 Eorum
731 3277 875 3312 facinora
896 3277 1079 3321 Cyprianus

199 3327 378 3357 enumerat,
392 3330 488 3362 atque
501 3323 724 3363 prosequitur:
754 3326 818 3366 Post
830 3327 884 3367 ista
895 3328 990 3360 adbuc
1002 3327 1078 3371 insu-

197 3373 254 3407 per
268 3366 534 3413 PseudoEpiscopo
549 3370 604 3412 fibi
627 3373 665 3405 ab
680 3372 823 3408 baereticis
833 3377 999 3418 constituto,
1027 3390 1077 3410 na·

202 3420 307 3459 vigme
319 3419 430 3452 audem
441 3444 452 3459 ‚
477 3421 562 3453 &ad
570 3425 656 3455 Petri
674 3423 858 3463 cathedram
867 3436 957 3469 atque
968 3420 1013 3460 ad
1021 3431 1076 3462 Ec-

304 3465 407 3509 Christ.
420 3473 497 3514 Lupi
505 3476 603 3515 opera
612 3475 735 3507 T.V1H.

1131 277 1169 318 est
1179 302 1190 318 ,
1214 274 1436 320 Bscbisma'ticis
1457 279 1492 311 6·
1496 278 1638 320 profanis
1650 283 1768 316 litteras
1777 283 1878 327 ferre,
1906 297 1956 320 nec
1964 298 2010 320 co-

1127 333 1227 371 gitare
1237 337 1285 360 eos
1299 328 1351 369 effe
1364 331 1512 361 Romanos
1521 353 1534 370 ,
1560 330 1605 361 ad
1616 341 1684 371 quos
1691 334 1822 373 perfidia
1833 335 1942 370 habere
1952 348 2010 370 mm

1127 378 1207 419 poffit
1218 378 1354 420 accessum
1365 404 1372 411 .
1400 381 1482 422 ,ραι
1494 388 1593 412 autem
1602 378 1691 421 causa
1704 386 1863 424 veniendi,
1877 388 1911 419 ὠ·
1922 386 2014 428 Pseu-1

1132 425 1359 470 aio-Episcopum
1380 438 1482 462 contra
1505 428 1667 472 Episcopos
1685 428 1804 469 fac‘lum
1821 438 1981 468 nunciandi
1993 436 2014 468 ,ὃ

1133 482 1192 510 Aur
1202 482 1280 511 enim
1298 480 1400 520 placet
1412 479 1472 512 illis
1491 480 1571 522 quod
1575 480 1714 521 fecerunt
1726 503 1737 519 ‚
1763 481 1798 512 (9⁴
1807 487 1839 513 in
1847 481 1872 524 s
1866 495 1899 515 uo
1905 483 2012 526 scelere

1127 525 1344 571 perfirverant;
1372 537 1425 561 aut
1428 529 1459 570 fi
1464 528 1596 571 displicet
1606 553 1617 569 ,
1642 530 1676 562 Θ
1685 530 1820 562 recedunt
1834 555 1844 569 ‚
1850 530 1946 572 sciunt
1956 547 2013 575 quo

1130 586 1321 611 revertantur
1337 604 1343 610 .
1376 583 1463 611 Nam
1484 591 1550 614 cum
1564 578 1758 620 statutumfit
1767 580 1896 613 omnibus
1908 583 1990 614 nobis
2001 607 2014 622 ‚

1132 627 1165 659 (ν’
1189 639 1306 669 aequum
1319 627 1359 669 fit
1374 635 1492 669 pariter
1513 632 1548 663 <a
1562 630 1677 670 Justum
1701 654 1712 670 ,
1737 639 1771 662 ut
1791 629 2017 673 uniuscujusque

1130 675 1217 717 causa
1230 678 1290 710 illic
1301 679 1442 711 audiatur
1452 704 1463 719 ,
1485 679 1536 711 ubi
1546 679 1583 719 est
1595 685 1705 713 crimen
1715 681 1868 722 admiffum
1882 706 1892 721 ‚
1919 681 2018 722 &fin-

1126 725 1208 768 gult's
1221 727 1387 766 Pastor-ibus
1404 734 1504 770 portio
1519 736 1620 772 gregis
1631 729 1663 772 fit
1672 727 1823 771 adscripta
1834 756 1846 771 ,
1873 742 1963 773 quam
1975 743 2020 765 re-

1127 784 1184 819 gat
1195 775 1394 819 unusquisque
1417 779 1451 812 ώ·
1458 777 1604 822 gubernet
1613 804 1624 818 ,
1650 786 1795 813 rat-ionem
1803 778 1851 822 sui
1864 782 1948 814 aelus
1959 783 2020 813 Do-

1133 831 1200 857 nino
1219 826 1389 860 redditurus
1401 852 1413 867 ‚
1438 836 1548 870 oportet
1576 833 1675 871 utique
1687 841 1732 862 eos
1749 853 1759 867 ‚
1784 830 1892 871 quibus
1900 830 2022 874 prasu-

1133 886 1218 914 mus,
1245 888 1302 909 non
1323 877 1545 921 circumcursare
1566 903 1578 918 ,
1605 891 1656 912 nec
1679 877 1891 920 Episcoporum
1913 892 2021 915 concor-

1133 925 1214 957 diam
1233 925 1424 961 coba-rentem
1440 927 1497 971 sua
1518 927 1645 971 subdola
1672 932 1707 963 <⁰5
1722 928 1832 970 fallaci
1855 937 2021 964 temeritate

1132 974 1264 1008 collidere
1280 1000 1290 1015 ,
1309 975 1366 1018 sed
1374 990 1460 1021 agere
1480 980 1539 1012 illic
1557 979 1676 1022 causam
1684 978 1775 1022 suam
1786 1004 1797 1019 ,
1823 980 1873 1012 ubi
1893 983 1927 1014 ό·
1940 992 2023 1013 accu-

1130 1021 1244 1065 satores
1266 1024 1372 1060 babere
1383 1051 1394 1066 ,
1420 1029 1548 1068 &testes
1561 1028 1612 1071 sui
1626 1035 1758 1063 criminis
1780 1030 1879 1070 poffint
1892 1055 1899 1063 .
1924 1035 1962 1063 N
1966 1027 2026 1072 tfifi

1130 1079 1236 1114 paucis
1257 1073 1424 1116 desperatis
1445 1078 1621 1119 &perditis
1644 1086 1740 1113 minor
1764 1081 1892 1112 videtur
1908 1082 1957 1123 effe
1969 1091 2024 1113 au-

1135 1122 1260 1156 thoritas
1283 1123 1491 1166 Episcoporum
1516 1132 1549 1160 in
1570 1128 1674 1169 Africa
1695 1127 1909 1167 constitutorum
1929 1155 1940 1170 ‚
1967 1134 2021 1172 qui

1133 1175 1198 1212 ia'm
1220 1174 1258 1206 de
1280 1175 1339 1206 illis
1355 1176 1593 1216 judicaverunt,
1621 1179 1654 1210 <vt
1677 1189 1774 1210 eorum
1796 1179 2024 1220 conscientiam,

1135 1224 1237 1256 multis
1256 1223 1425 1257 deliciorum
1436 1226 1550 1268 laqueis
1564 1225 1697 1259 vineam
1709 1250 1720 1266 ,
1739 1228 1852 1266 judicii
1868 1228 1918 1269 sul
1930 1238 2025 1270 nuper

1130 1279 1287 1317 gravitate
1298 1275 1484 1307 damnarunt
1494 1299 1502 1307 .
1521 1281 1553 1320 J
1557 1288 1606 1308 am
1618 1277 1706 1320 causa
1718 1288 1815 1310 eorum
1835 1283 1951 1320 cognita
1965 1277 2003 1316 est
2015 1300 2028 1316 ,

1129 1326 1201 1365 jam
1221 1325 1257 1357 dc
1266 1327 1307 1356 ess
1332 1324 1417 1357 dida
1433 1323 1586 1367 sententia
1599 1325 1637 1365 cst
1648 1350 1659 1365 ,
1687 1338 1738 1359 nec
1751 1324 1877 1367 cenficrae
1890 1332 2029 1370 congruit

1136 1374 1462 1411 sacerdotummobrlts*
1479 1384 1569 1418 atque
1579 1376 1771 1416 inconstantis
1786 1381 1880 1408 animi
1899 1377 2025 1410 levi-mie

1136 1423 1331 1467 reprebendi,
1356 1437 1423 1458 cum
1434 1429 1580 1459 Dominus
1603 1427 1705 1459 doceat
1729 1427 1878 1460 &dican
1906 1427 1953 1460 Sit
1967 1427 2031 1460 ser⁴¹

1138 1485 1193 1508 mo
1215 1474 1338 1516 vester,
1365 1474 1422 1508 Est
1442 1476 1508 1517 est,
1536 1477 1618 1511 Non
1642 1488 1711 1512 non
1725 1498 1738 1507 .v
1761 1479 1792 1509 si
1815 1487 1914 1509 eorum
1939 1499 1950 1516 ‚
1973 1479 2028 1518 qul

1137 1526 1172 1558 de
1186 1525 1346 1567 illispmri
1366 1527 1666 1567 annoJ'udicaverunt
1680 1552 1692 1569 ,
1717 1537 1855 1561 numerus
1862 1537 1928 1559 cum
1939 1523 2027 1569 Presi-

1136 1575 1243 1614 byteris
1267 1587 1301 1609 ac
1314 1579 1455 1609 Draconis
1466 1585 1644 1619 computetur
1663 1579 1766 1619 plures
1778 1587 1849 1611 tunc
1859 1576 2028 1618 adfuerunt

1130 1627 1244 1665 judicio
1264 1627 1298 1659 ὦ·
1313 1632 1489 1669 cognitioni,
1514 1640 1605 1670 quam
1611 1627 1682 1671 sunt
1694 1628 1791 1661 eidem
1800 1626 1846 1666 Isti
1857 1651 1867 1668 ,
1895 1631 1947 1668 qui
1959 1635 2026 1660 cum

1138 1679 1300 1708 Fortunato
1310 1688 1387 1709 nunc
1399 1677 1539 1710 videntur
1554 1679 1606 1720 effe
1630 1678 1778 1718 conjunciz·
1792 1702 1799 1708 .

1192 1725 1390 1768 Respondeo
1412 1727 1585 1761 recolenda
1608 1728 1691 1767 esse,
1717 1739 1787 1771 quae
1798 1727 1888 1770 supra
1898 1726 2028 1762 suntdi·

1139 1776 1188 1809 &a
1198 1774 1240 1809 de
1255 1776 1382 1810 Novati
1395 1776 1569 1819 Episcopi,
1594 1777 1783 1811 Feliciffimi
1803 1777 1967 1817 Diaconi‚
1992 1777 2028 1811 δε

1138 1826 1283 1869 quinque
1295 1824 1562 1869 presbyterorum
1576 1826 1756 1862 rebellione
1769 1836 1882 1861 contra
1895 1827 2029 1870 Episco-

1138 1885 1249 1918 patum
1260 1877 1368 1910 Sansti
1380 1877 1559 1919 Cypriani.
1593 1877 1691 1921 Apud
1706 1878 1807 1912 Afros
1823 1888 1902 1912 tunc
1916 1876 2026 1911 adhuc

1140 1924 1271 1969 vigebat
1296 1928 1452 1969 antiquus
1471 1928 1708 1968 poenitentialis
1731 1927 2027 1971 disciplinaetigor‚

1140 1976 1247 2018 Lapfis
1260 1986 1383 2020 negans
1394 1975 1642 2011 sacramentalis
1660 1976 1958 2012 Reconciliationis
1975 1988 2029 2020 pa-

1138 2037 1209 2058 cem
1218 2025 1316 2059 etiam
1329 2028 1361 2059 in
1375 2027 1466 2060 exitu
1479 2050 1489 2066 ‚
1517 2027 1550 2060 &
1563 2027 1855 2071 ipsosjudicandos
1867 2028 2031 2062 reservans

1140 2087 1176 2108 ac
1187 2075 1407 2108 transmittens
1419 2076 1458 2108 ad
1472 2078 1658 2119 supremum
1672 2079 1705 2111 in
1720 2078 1784 2111 Dei
1795 2078 1924 2111 dextera
1943 2077 2030 2111 Pon·

1140 2124 1260 2158 tificern
1284 2149 1293 2163 ‚
1323 2125 1509 2158 Dominum
1534 2126 1680 2160 nostrum
1706 2126 2030 2169 JESUM-CHRI-

1141 2173 1301 2207 STUM.
1331 2175 1373 2208 Et
1400 2174 1541 2208 Ecclesia
1560 2186 1626 2209 erat
1639 2176 1731 2218 plena
1750 2176 1931 2219 Lapsorum
1944 2202 1951 2209 .
1981 2177 2027 2210 Et

1141 2224 1226 2267 rigor
1248 2224 1333 2265 apud
1357 2225 1543 2258 Romanam
1569 2226 1745 2259 Ecclesiam
1770 2226 2028 2270 mitigaricoepe-

1141 2283 1186 2306 rat
1198 2298 1205 2303 .
1233 2274 1327 2307 Hinc
1342 2285 1481 2315 nequam
1494 2275 1550 2308 ista
1564 2276 1675 2309 Faciio
1688 2278 1719 2310 se
1732 2278 1909 2321 segregavit
1920 2278 1937 2310 a
1961 2277 2028 2319 Cy-

1142 2324 1245 2365 priani
1261 2324 1496 2358 communione
1510 2348 1521 2363 ,
1547 2325 1581 2358 &
1593 2336 1717 2358 novum
1728 2327 1843 2359 Altare
1856 2351 1866 2366 ,
1893 2328 1924 2359 ὅ(
1936 2326 2029 2364 schis-

1142 2373 1293 2407 maticam
1317 2372 1629 2419 Para-synagogam
1649 2375 1751 2409 erexit
1772 2375 1809 2409 in
1836 2375 1943 2410 nescio
1959 2387 2027 2419 quo

1142 2422 1238 2466 prope
1265 2422 1500 2467 Carthaginem
1528 2435 1662 2464 monte,
1691 2426 1725 2459 &
1747 2424 1868 2459 studuit
1891 2425 2028 2461 Plebem

1140 2472 1179 2505 eo
1202 2473 1369 2505 seducere.
1399 2473 1441 2505 Et
1469 2484 1535 2515 quo
1559 2474 1743 2516 pelliceret,
1772 2486 1887 2507 omnes
1904 2475 2030 2517 Lapsos

1141 2523 1291 2555 invitavit
1316 2521 1357 2555 ad
1376 2523 1667 2562 communionem,
1695 2524 1729 2556 &
1744 2524 1871 2556 admisit
1895 2524 1961 2558 fine
1984 2525 2028 2558 sa-

1141 2573 1319 2605 tisfac‘iione
1332 2583 1368 2604 ac
1384 2572 1575 2614 poenitentia
1588 2597 1595 2605 .
1623 2573 1676 2606 De
1688 2584 1750 2614 qua
1764 2585 1795 2606 re
1809 2575 1942 2608 Sanctus
1953 2575 2027 2616 Cy·-

1142 2625 1269 2666 prianus
1282 2622 1464 2666 gravissime
1492 2623 1634 2665 queritur
1647 2625 1679 2655 in
1692 2624 1785 2656 variis
1796 2623 1940 2666 epistolis
1951 2648 1961 2663 ,
1987 2636 2026 2658 ac

1141 2673 1310 2715 praesertim
1333 2673 1366 2705 in
1390 2674 1537 2707 sermone
1554 2673 1593 2706 de
1605 2673 1732 2717 Lapsis.
1764 2674 1948 2708 Istiusmodi
1975 2686 2027 2717 pa-

1140 2733 1208 2755 cem
1219 2724 1370 2756 affeverat
1385 2724 1446 2757 effe
1459 2724 1571 2756 falsam
1589 2748 1598 2763 ‚
1627 2735 1757 2756 vacuam
1770 2746 1780 2762 ,
1806 2724 2001 2758 delusoriam
2014 2750 2023 2758 .

1142 2773 1182 2807 Et
1206 2772 1285 2805 hinc
1307 2782 1391 2815 patet
1414 2773 1572 2815 profunda
1597 2786 1633 2806 ac
1646 2774 1819 2816 impudens
1831 2774 1955 2808 Novati
1971 2785 2024 2808 ne·

1139 2823 1258 2865 quitia.
1287 2823 1376 2855 Idem
1401 2823 1467 2866 ipse
1482 2848 1492 2863 ,
1517 2824 1572 2866 qui
1595 2824 1627 2879 in
1651 2824 1761 2857 Africa
1775 2823 1946 2868 antiquum
1961 2835 2026 2867 poe-

1140 2874 1282 2906 nitentia}
1305 2874 1445 2916 rigorem
1468 2873 1702 2907 sceleratissime
1723 2875 1856 2908 solverat
1870 2898 1879 2913 ,
1908 2875 2025 2908 Romae

1141 2923 1331 2956 Novatiano
1343 2920 1512 2956 aedhaerens
1533 2923 1671 2957 eundem
1694 2923 1974 2958 contumacissimo.
1985 2934 2024 2957 ac

1141 2971 1285 3006 haeretice
1310 2974 1506 3006 resuscitavit
1517 2984 1553 3007 ac
1576 2973 1743 3007 stabilivit.
1774 2972 1816 3006 Et
1828 2974 1940 3007 Fastio
1956 2972 2024 3016 plu·

1142 3025 1241 3056 timos
1253 3023 1375 3064 Lapsos
1387 3021 1425 3054 ad
1437 3024 1467 3055 se
1479 3023 1625 3056 seduxit.
1654 3024 1696 3056 Et
1706 3021 1772 3057 haec
1780 3022 1825 3057 est
1837 3023 1921 3057 ratio
1935 3047 1946 3063 ,
1965 3034 2023 3058 cur

1140 3075 1268 3108 Sandlus
1281 3071 1464 3114 Cyprianus
1475 3071 1515 3105 ad
1527 3073 1760 3106 admittendam
1783 3073 1941 3107 Romanae
1962 3073 2022 3108 Ec·

1141 3125 1238 3157 clesiae
1251 3123 1283 3155 in
1301 3122 1422 3164 Lapsos
1434 3123 1642 3156 clementiam
1654 3124 1688 3157 sit
1701 3124 1801 3157 fastus
1812 3123 2000 3158 inclinatior
2011 3148 2020 3155 .

1141 3174 1250 3207 Fassio
1273 3174 1314 3206 eo
1326 3174 1424 3214 usque
1447 3173 1582 3216 profecit
1594 3197 1604 3212 ‚
1631 3183 1666 3206 ut
1680 3172 1736 3205 fibi
1746 3173 1929 3215 adjunxerit
1948 3172 2022 3206 Pri-

1143 3233 1251 3257 vatum
1283 3222 1548 3256 Lambelitanum
1582 3223 1779 3266 Episcopum
1804 3247 1815 3263 ,
1847 3224 2020 3266 antiquum

1142 3272 1357 3312 Haereticum,
1383 3272 1415 3306 <Sc
1436 3273 1470 3305 iu
1492 3272 1605 3307 Africa
1627 3273 1659 3306 δε
1680 3273 1795 3307 Romae
1805 3272 1996 3307 damnatum
2009 3297 2021 3313 ,

1142 3335 1200 3357 nec
1225 3336 1292 3358 non
1319 3322 1474 3366 quosdam
1496 3322 1579 3356 alios
1601 3323 1777 3367 Episcopus
1789 3323 1903 3357 similis
1919 3323 2019 3356 faecis.

1143 3373 1189 3406 Hi
1203 3384 1357 3408 venerunt
1370 3370 1604 3417 Carthaginem
1614 3397 1625 3414 ,
1651 3374 1815 3408 absentem
1826 3385 1867 3407 ex
1876 3373 2019 3415 persecu-

1143 3424 1243 3459 tionis
1262 3426 1354 3460 causa
1378 3422 1582 3470 Cyprianum
1606 3423 1823 3464 damnarunt,
1849 3422 1950 3463 acipfi
1963 3422 2017 3459 suff

1547 3473 1585 3507 T
1634 3485 1657 3511 2
1857 3478 1967 3514 perot-
