2326 3718
347 191 416 229 62

769 173 857 220 DE
896 170 1267 221 GALLICANAE
1312 171 1623 226 Ecctesin

235 287 239 288 ⁷
279 261 351 306 ipso
370 261 463 297 Pisto
484 258 667 300 adjectum,
694 256 749 292 sed
774 259 854 293 vela
868 258 1002 295 laudato
1016 258 1164 295 Alexan·

277 312 339 346 dro
352 337 362 353 ,
388 311 441 345 vel
457 309 476 341 ὲ
488 309 609 342 Sansto
620 305 801 342 Athanasio
812 334 823 350 ‚
851 311 899 343 vel
915 310 934 344 ἐι
946 312 1061 354 quovis
1072 313 1140 348 alio
1150 338 1160 354 ,

277 364 337 405 qui
358 357 499 403 epistolae
521 359 687 402 exemplar
708 359 747 393 ad
771 370 959 403 perpetuam
981 363 1028 396 rei
1039 375 1161 401 memo-

276 413 358 446 riam
373 406 493 443 indidit
504 407 658 443 Archivis
668 409 901 445 Alexandrinae
913 412 1060 448 Ecclefiae
1074 440 1082 447 .
1106 414 1159 449 Et·

273 462 365 495 enim
386 458 466 493 dum
491 459 688 495 scribebatur
713 459 868 503 epistola,
898 461 1006 497 pistus
1017 464 1158 499 necdum

272 520 341 545 erat
369 510 551 545 collocatus
575 509 782 546 Alexandria:
803 536 810 543 .
840 512 1005 557 Alioquin
1022 525 1095 550 non
1112 516 1158 549 ul-

269 562 370 595 timus
383 561 631 605 subscripsisset,
655 561 709 596 sed
722 562 862 604 primus.
890 564 960 598 Hic
973 564 1075 609 igitur
1093 566 1158 599 sce-

270 611 387 646 leratus
400 610 566 646 haereticus
576 637 585 653 ‚
602 612 682 645 dum
695 610 817 646 Ariana
832 614 930 647 fastio
940 625 1076 649 ornnem
1090 615 1156 650 Dei

267 673 306 696 uc
329 661 504 697 hominum
529 662 660 706 projecit
684 664 896 698 reverentiam
918 688 930 704 ,
962 665 981 699 ὸ,
1000 665 1153 701 Secundo

1221 263 1364 298 tientibus
1370 263 1525 305 frati-Ibus
1533 265 1728 306 compatimur
1737 274 1748 307 3
1773 273 1814 306 im
1832 265 1879 299 illi
1894 269 1945 309 qui
1963 265 2027 301 baet
2042 265 2107 310 fie-

1221 315 1284 348 lera
1304 312 1485 358 designant?
1510 314 1706 348 Constanter
1731 315 1882 351 asseverat
1893 316 1923 350 se
1948 318 1983 352 δε
2007 329 2104 363 agere

1222 365 1255 398 in
1278 364 1349 404 his,
1376 366 1410 399 ὅ(
1424 366 1523 410 egisse
1546 365 1722 399 secundum
1735 365 1908 400 Canones.
1935 366 2042 403 Unde
2067 368 2104 403 &

1221 416 1333 449 omnia
1344 415 1412 459 ejus
1425 416 1503 450 Aua
1517 414 1664 461 probavit
1688 426 1787 461 atque
1805 417 2012 453 confirmavit
2034 418 2104 454 Sar·

1219 466 1356 500 dicenfis
1377 466 1532 509 synodus
1546 491 1554 500 .

1269 516 1311 550 Et
1331 517 1417 551 certe
1437 517 1549 552 omnia
1570 517 1802 561 appellatarum
1823 526 1900 551 ante
1929 517 2101 555 Nicaenam

1217 565 1389 609 synodum
1411 569 1578 602 causarum
1598 568 1814 602 retrastatoria
1824 566 1951 611 Judicia
1967 568 2102 603 fuerunt

1215 618 1283 651 asta
1294 617 1429 652 Romae.
1456 617 1605 653 Bafiiidis
1614 627 1651 651 ac
1662 617 1846 658 Martialis,
1873 617 2101 660 Hispanorum

1215 666 1413 703 Antistitum
1426 692 1438 709 ,
1462 667 1709 705 damnationem
1720 667 1815 702 isthic
1828 667 2010 703 retractavit
2032 669 2103 704 Ste-

267 710 522 756 Pentapolirano
536 712 699 756 Episcopo
709 713 773 746 fuit
785 715 900 749 contra
912 715 1152 751 SaneiumAle-
1212 715 1339 760 pharius
1360 718 1520 753 Pontifex
1533 745 1540 752 .
1570 718 1768 752 Fortunatus
1785 742 1797 759 ,
1824 717 2101 762 Pseudo-Episco-

263 764 427 797 xandrum
439 773 565 797 creatus
589 763 836 798 Alexandrinus
858 764 1039 809 Episcopus
1050 789 1062 805 ‚
1080 777 1151 801 ere-
1211 779 1270 811 pus
1287 767 1552 814 Carthaginensis
1566 794 1578 810 ,
1593 778 1668 801 cum
1680 765 1810 809 peffima
1819 768 2007 804 Feliciffimi
2021 770 2101 805 Dia-

266 813 334 846 elus
356 813 387 846 in
402 812 711 847 turbulentissimum
722 813 854 849 Idolum
865 840 872 849 .
899 816 1005 850 Novo
1016 818 1073 851 suo
1090 817 1149 853 Al·

1208 818 1287 853 coni
1313 820 1347 853 ὅ(
1359 821 1505 863 quinque
1516 818 1686 854 rebellium
1697 816 1964 858 presbyterorum
1986 821 2100 854 fastio-

259 864 319 896 tari
332 862 514 898 facinorosa
527 864 626 898 factio
636 862 728 898 dedit
739 876 863 899 novum
875 865 1078 902 Antistitem.
1088 867 1148 902 llle
1210 879 1251 902 ne
1263 893 1274 909 ,
1299 870 1426 904 aeturus
1440 880 1555 904 contra
1567 868 1676 903 Sancti
1688 865 1847 910 Cypriani
1858 878 1898 902 ex
1908 868 2098 913 Neophyto

262 922 331 946 erat
352 924 430 948 cum
452 914 513 948 suo
531 915 756 950 consecratore
777 915 928 950 Secundo
937 915 1004 961 jam
1015 917 1147 952 damna·

258 962 471 998 tusasansto
493 964 711 1006 Alexandro,
737 976 798 1000 nec
818 962 1036 1002 dubitandum
1057 967 1143 1002 vide-

255 1019 310 1046 tur
331 1037 343 1053 ,
368 1013 450 1057 quin
473 1024 555 1049 tunc
574 1014 672 1049 fuerit
692 1014 805 1051 iterata
820 1016 1011 1053 damnatio.
1039 1016 1143 1064 Qid·

253 1063 333 1105 quid
345 1063 399 1105 sit,
426 1064 497 1108 ejus
508 1063 763 1100 damnatio‘fuit
774 1066 889 1100 iterata
915 1066 951 1101 δε
971 1067 1144 1102 confirma·

251 1120 286 1147 ta
298 1112 432 1148 Nicaeae'.
458 1115 566 1159 Igitur
576 1113 707 1148 Eusebii
722 1113 983 1151 Nicomediensis
1007 1117 1139 1161 Episco-

250 1162 307 1206 pi,
334 1163 367 1198 &
380 1165 503 1198 cunctae
524 1163 616 1197 istius
630 1163 782 1199 faetionis
794 1165 957 1211 Legatio,
981 1166 1064 1202 dum
1086 1179 1142 1213 ap.

247 1211 400 1255 pellantis
410 1210 579 1247 Athanasii
591 1212 812 1258 Legationem
824 1216 985 1261 exspe&at
998 1219 1115 1253 Romae
1128 1242 1139 1259 ‚

246 1261 453 1297 familiariter
462 1262 533 1307 egit
542 1274 619 1299 cum
632 1263 721 1307 Julio
732 1263 896 1300 Pontifice
905 1291 917 1308 ,
943 1268 978 1302 &
989 1267 1058 1311 ejus
1083 1268 1138 1303 be-

245 1312 411 1357 nignitate
421 1311 556 1349 abutens
569 1313 639 1347 stud
645 1314 692 1347 uit
702 1315 963 1352 circumscribere
972 1342 980 1348 .
1009 1317 1135 1353 Lauda-

192 1391 196 1401 ,
244 1362 293 1396 vit
315 1361 466 1404 Pistum,
491 1364 673 1398 contestata
694 1363 741 1398 est
763 1367 828 1400 effe
839 1368 1075 1409 innocentem,
1101 1369 1136 1403 &

241 1423 313 1446 non
327 1412 562 1447 tantummodo
580 1412 621 1448 ab
634 1413 852 1458 Alexandro,
878 1418 931 1452 sed
952 1418 1052 1452 etiam
1073 1419 1134 1453 Ni·

241 1472 311 1498 caeae
322 1463 406 1501 male
418 1464 635 1504 damnatum,-
662 1464 806 1501 Addidit
815 1478 885 1501 non
899 1468 1010 1502 minus
1033 1468 1132 1512 quam

239 1510 461 1550 Athanasium
474 1515 660 1557 provocasse
680 1514 721 1549 ad
742 1516 860 1553 Sedem
879 1517 1128 1561 Apostolicam,

236 1561 379 1606 ideoque
387 1564 487 1598 etiam
498 1565 604 1607 ipsum
617 1565 808 1608 supplicavit
820 1569 950 1601 evocari
960 1568 1105 1602 Romam
1117 1591 1129 1607 ‚

233 1623 275 1645 ac
298 1612 369 1654 ejus
389 1613 521 1646 causam
543 1614 720 1646 retractari.
749 1615 795 1647 Et
817 1615 976 1649 Pontifex
1001 1614 1128 1650 videtur

231 1671 303 1696 non
326 1659 420 1696 fuiffe
442 1661 567 1696 alienus
585 1687 593 1694 .
622 1662 669 1696 At
695 1661 828 1697 interim
855 1665 993 1698 advenit
1017 1666 1126 1699 Sancti

230 1709 402 1744 Athanasii
426 1711 591 1755 Legatio,
616 1712 768 1751 exposuit
788 1710 870 1744 Pisti
897 1713 977 1745 Asta
1003 1713 1036 1746 δι
1054 1723 1128 1746 cau-

230 1761 324 1799 sam,
349 1769 450 1804 atque
471 1761 515 1793 ita
528 1757 757 1795 sanetiffimum
778 1758 980 1796 Pontificem
1004 1762 1127 1805 praeser-

231 1810 325 1844 vavit
343 1809 385 1843 ab
410 1810 474 1843 isto
489 1808 687 1852 praecipitio.
714 1807 820 1843 Porro
833 1810 1046 1845 Antiochena
1068 1812 1125 1855 Sy·

231 1859 415 1903 nodusjam
427 1860 573 1894 sanxerat
585 1859 766 1892 Orientalis
782 1860 934 1896 Ecclesiae
952 1861 1072 1905 judicia
1082 1863 1125 1896 es·

232 1910 265 1944 se
276 1909 517 1954 inappellabilia
531 1934 543 1951 ,
568 1909 711 1952 ideoque
724 1921 785 1944 nec
799 1909 1016 1955 Appellantes
1027 1935 1039 1952 ‚
1063 1923 1125 1946 nec

231 1961 429 2004 Appellatos
440 1960 528 2003 poffe
554 1958 697 1993 Romam
719 1960 869 1995 evocari.
898 1960 1046 1999 Laudata
1067 1962 1125 2015 igi-

232 2020 285 2045 tur
296 2009 522 2054 Juliiepistola
543 2007 622 2043 huic
646 2009 864 2046 schismaticae
885 2011 1124 2057 praesumptioni

231 2060 372 2104 opponit
383 2059 800 2106 praefatorumpLegatorurn
820 2072 880 2105 pro
904 2061 998 2097 Pisto
1023 2071 1126 2100 tenta·

231 2115 345 2146 mina:
375 2110 567 2149 Admiratur
594 2109 823 2145 patriarchalis
849 2112 976 2154 Synodi
1001 2112 1126 2147 senten-

233 2161 296 2194 tias
317 2161 381 2205 jam
399 2160 561 2204 pxaedicari
575 2160 780 2195 inconcuffas
790 2160 831 2194 ab
853 2161 922 2195 istis
942 2162 1014 2206 ipsis
1027 2186 1039 2202 ‚
1066 2161 1123 2205 qui

233 2211 419 2254 nuperrime
433 2223 487 2255 per
499 2210 716 2254 suosLegatos
728 2211 855 2254 profeffi
867 2212 997 2245 fuerant
1006 2211 1047 2248 ab
1058 2212 1125 2255 ipsa

233 2261 333 2296 eriam
344 2260 554 2295 OEeumenica
568 2260 602 2294 N
607 2262 707 2294 icaena
716 2260 854 2304 synodo
870 2263 959 2303 posse
968 2272 1125 2304 provoca—

233 2311 260 2345 ri
270 2312 310 2345 ad
323 2312 430 2345 Sancti
443 2311 532 2346 Petri
542 2309 742 2346 Cathedram
754 2333 766 2349 ,
791 2319 891 2353 atque
903 2308 964 2343 hac
988 2312 1040 2344 via
1064 2310 1127 2344 stu·

232 2361 373 2396 duerant
398 2362 491 2395 suum
517 2360 644 2393 Pistum
659 2359 826 2404 adjuvare.
853 2358 924 2410 Qi
947 2359 1117 2395 Athanasii

233 2411 388 2446 addictas
408 2412 443 2444 in
458 2411 565 2454 ipsum
578 2410 755 2445 sententias
777 2408 992 2444 retrastandas
1014 2420 1125 2444 evoca-

232 2461 362 2497 tionem
374 2460 568 2505 probaram,
595 2460 861 2504 &supplicat-ant
881 2460 984 2493 etiam
998 2459 1125 2494 Pistum

233 2510 384 2545 evocari.
413 2510 561 2558 Qihoc
572 2509 778 2553 postularant
794 2518 890 2542 tanto
914 2508 1061 2552 impetu,
1088 2518 1125 2543 ut

235 2561 282 2596 ob
292 2560 421 2602 repulsae
432 2560 674 2605 impatientiam
687 2559 796 2593 Roma
806 2557 992 2602 aufugerint
1009 2558 1125 2593 insalu-
1159 2599 1161 2602 ι

234 2609 500 2651 tatoPontifice,
525 2610 569 2645 de
580 2610 695 2647 noste,
725 2608 816 2652 gravi
837 2608 1045 2643 valetudine.
1074 2609 1126 2643 Ex

237 2659 292 2694 his
301 2659 460 2693 Pontifex
472 2658 643 2694 concludit
656 2655 839 2692 istiusmodi
851 2656 1041 2693 Romanam
1051 2666 1126 2694 evo-

238 2709 407 2745 cationem
432 2711 495 2744 esse
520 2710 690 2752 antiquam
717 2707 987 2742 consuetudinem
1005 2732 1018 2749 ,
1044 2721 1127 2744 nun-

240 2770 339 2804 quam
352 2759 393 2793 ab
405 2759 516 2804 aliquo
529 2759 689 2803 pulsatam
699 2781 712 2798 ,
737 2757 797 2792 nisi
808 2756 873 2801 jam
886 2756 929 2792 ab
947 2757 1126 2793 Antioche-

240 2821 284 2844 na
295 2810 432 2853 Synodo
443 2834 452 2842 .
480 2810 524 2843 Et
535 2808 706 2843 concludit
717 2819 772 2851 per
782 2806 867 2842 han‘c
880 2808 1022 2843 ironiam
1034 2821 1042 2841 :
1057 2812 1126 2842 Nos

237 2858 348 2903 scilicet
358 2858 535 2903 disbordiam
545 2860 742 2898 induximus,
767 2863 821 2901 qui
843 2864 1038 2900 compatimur
1061 2870 1127 2893 cum

238 2910 425 2951 patientibus
430 2909 589 2952 fratribus
600 2933 612 2950 ‚
639 2910 675 2944 (9*
685 2912 784 2943 omnia
791 2907 953 2952 secundum
974 2913 1127 2944 Canonem

237 2958 366 3003 facimus
376 2986 384 2994 .
412 2960 456 2994 Et
466 2959 623 2996 inferius:
650 2959 875 3002 Haecpottffima
897 2958 971 2994 mibi
978 2958 1126 3003 scribendi

240 3007 332 3050 causa
337 3009 400 3049 fuit
413 3034 423 3049 ,
450 3019 483 3043 ut
493 3009 548 3044 huc
559 3015 706 3044 veniretis
716 3034 728 3051 ,
753 3012 812 3053 quo
837 3009 922 3042 vobis
929 3007 1125 3053 presentibus

212 3072 216 3083 κ
241 3063 342 3091 omnia
360 3063 464 3101 corrigi
491 3061 524 3093 Θ
546 3055 650 3101 sanari
664 3061 779 3104 poffent
794 3085 802 3092 .
830 3065 869 3094 Ac
886 3062 1043 3102 propterea?
1063 3060 1126 3093 ala-

243 3109 320 3142 crius
342 3108 363 3139 ἃ
385 3107 490 3148 vobis,
514 3109 547 3141 6·
553 3109 613 3149 fine
635 3109 812 3154 recusatione
826 3112 1032 3145 occurrendum
1035 3109 1102 3152 fuit
1114 3133 1126 3150 ,

244 3168 283 3191 ne
303 3163 353 3200 qui
372 3156 512 3190 hailenus
538 3158 655 3198 istorum
665 3159 803 3202 scelerum
821 3160 952 3203 infamia
964 3161 1103 3196 laborant
1114 3185 1125 3201 ‚

243 3212 427 3241 contumacia
437 3217 495 3240 non
505 3210 692 3249 comparendi
700 3215 732 3242 in
738 3211 971 3251 Judiciovlibellos
982 3212 1085 3244 eontra
1088 3207 1114 3252 s
1108 3221 1123 3244 e

245 3259 334 3291 datos
346 3257 505 3290 videantur
514 3256 646 3297 refellere
660 3270 717 3292 non
723 3261 842 3302 poruiffe
855 3286 862 3293 .
891 3265 968 3295 Cum
977 3267 1069 3306 igitur
1078 3269 1125 3293 ta·

245 3309 289 3341 iia
310 3306 475 3341 rumoribus
502 3308 537 3340 θ
551 3306 644 3348 fama
665 3308 906 3350 circumferantur
928 3337 939 3352 ,
963 3310 1124 3354 tantasque

246 3359 378 3400 injurias
389 3355 688 3398 Ecclefiaepatiantur
697 3383 709 3399 ,
737 3360 771 3393 6·
782 3357 937 3402 istiusmodi
946 3360 1057 3402 infidiis
1074 3372 1124 3394 ve·
1159 3357 1161 3359 ¹

245 3417 356 3441 arentur
368 3430 379 3448 ,
406 3411 530 3450 quinam
549 3404 647 3449 quaefi»
663 3404 757 3450 sunt,
784 3415 835 3450 qui
854 3408 1003 3450 flammam
1019 3409 1122 3455 discor-

246 3459 309 3492 die
321 3459 488 3493 accendunt
501 3456 517 3489 ἒ
542 3459 646 3501 Nosne
657 3481 671 3500 ,
693 3462 746 3501 qui
767 3457 821 3500 ista
840 3460 968 3496 debemus
978 3486 992 3504 ,
1016 3463 1052 3499 t&
1067 3468 1123 3505 pa-

1211 919 1439 963 Episcopalem
1449 920 1650 955 creationem
1663 941 1674 957 ,
1699 918 1735 951 &
1752 916 1793 951 ab
1807 917 1875 960 ipso
1887 917 2004 953 datum
2016 919 2052 953 in
2065 921 2097 954 se

1205 968 1368 1012 judicium
1379 993 1391 1011 ,
1417 969 1563 1005 Romam
1576 967 1744 1012 navigavit
1753 966 1793 1001 ad
1804 968 1959 1002 Sanctum
1971 968 2099 1002 Corne-

1207 1019 1288 1053 lium
1299 1044 1307 1052 .
1336 1019 1447 1055 Etiam
1455 1019 1704 1056 Donatistarum
1717 1016 1868 1051 adversus
1878 1017 2097 1053 Caecilianum

1206 1070 1400 1112 provocatio
1420 1070 1484 1105 fuit
1514 1071 1683 1105 retractata
1709 1066 1828 1101 Romae
1845 1076 1902 1110 per
1939 1068 2096 1102 Sanctum

1204 1118 1451 1155 Melchiadem.
1477 1120 1578 1155 Hanc
1601 1120 1703 1165 igitur
1723 1116 1997 1152 consuetudinem
2021 1128 2097 1161 pro·

1203 1168 1317 1211 bavit,
1340 1171 1569 1212 confirmavit,
1596 1181 1633 1203 ac
1647 1169 1681 1203 in
1692 1167 1859 1211 Scriptum
1881 1166 2009 1212 redegit
2030 1166 2095 1202 Ni-

1201 1230 1288 1254 caena
1300 1220 1456 1263 Synodus
1468 1245 1476 1253 .
1506 1220 1657 1254 Eandem
1677 1219 1803 1253 secutus
1822 1218 1956 1251 Sanctus
1966 1216 2088 1261 Julius.

1201 1269 1245 1302 Et
1257 1268 1336 1304 hinc
1345 1270 1461 1304 omnia
1474 1269 1542 1313 ejus
1553 1269 1636 1305 Aeta
1648 1267 1803 1302 stabilivit
1816 1265 2013 1306 sardicensis
2032 1266 2095 1311 Sy-

1199 1319 1306 1353 nodus
1326 1345 1333 1353 .
1361 1319 1490 1364 Scripsit
1508 1319 1597 1354 enim
1621 1318 1663 1353 ad
1691 1314 1957 1351 Alexandrinam
1980 1315 2093 1350 Eccle-

1197 1370 1273 1406 fiam
1284 1382 1297 1405 ,·
1324 1372 1397 1414 Qua
1410 1376 1443 1404 in
1453 1381 1485 1404 re
1496 1375 1627 1413 aequitar.
1639 1370 1752 1411 judieii
1760 1366 1874 1409 fratris
1899 1367 1935 1399 ὠ·
1957 1367 2092 1415 Οοοερζ·

1191 1418 1271 1463 ftopi
1285 1420 1318 1463 J
1320 1422 1374 1454 ulii
1395 1421 1577 1462 liquidgffimb
1602 1422 1768 1461 apparuit,
1794 1421 1913 1459 quinon
1932 1419 2093 1448 temerario

1195 1469 1305 1513 confilio
1316 1495 1328 1512 ,
1348 1468 1408 1514 fid
1413 1481 1480 1504 cum
1490 1480 1611 1504 matura
1621 1469 1832 1504 deliberatione
1839 1464 2023 1510 sententiam
2042 1473 2092 1498 tu·

1193 1522 1230 1552 lit
1241 1544 1261 1552 ..
1276 1519 1380 1553 Eein
1394 1520 1554 1557 relatione
1575 1519 1619 1560 ad
1627 1519 1737 1561 ipsum
1747 1516 1891 1561 Julium:
1919 1515 2093 1549 orientales

1194 1565 1336 1608 Episcopi
1359 1572 1498 1601 conventi
1518 1574 1574 1608 per
1586 1566 1773 1605 Presbmm
1787 1573 1874 1606 tuos,
1897 1565 1932 1598 ὦ·
1945 1571 2006 1605 per
2029 1568 2092 1604 epi-

1185 1615 1293 1656 stolam
1303 1640 1316 1656 ‚
1341 1618 1386 1649 ad
1405 1617 1573 1656 synodum,
1598 1627 1668 1658 quae
1680 1614 1795 1657 futura
1816 1622 1886 1648 erat
1904 1618 1938 1646 in
1950 1611 2023 1646 urhe
2033 1611 2092 1646 Ro-

1192 1677 1269 1704 ma,
1294 1669 1399 1697 venire
1409 1665 1568 1697 noluerunt
1581 1684 1590 1695 .
1616 1663 1708 1696 Etin
1722 1662 1839 1696 litteris
1858 1662 1899 1694 ad
1920 1661 2090 1706 universos

1192 1713 1252 1747 sub
1270 1712 1359 1751 cneio
1384 1713 1569 1756 Episcopus
1589 1724 1597 1746 :
1623 1710 1865 1758 Eusebianorurn
1888 1707 2088 1752 sycophantia

1189 1774 1227 1796 ex
1240 1771 1273 1797 eo
1280 1765 1434 1805 praecipue*
1442 1761 1567 1807 cognosci
1582 1768 1683 1805 potuit
1694 1785 1706 1801 ‚
1730 1763 1812 1804 quod
1819 1758 1949 1800 accerfiti
1971 1760 1992 1791 ἃ
2008 1761 2090 1794 dile·-

1189 1813 1235 1846 aa
1253 1811 1345 1852 nostro
1368 1811 1575 1856 comministro
1585 1813 1698 1858 Julio,
1717 1812 1834 1851 judicio
1850 1819 1911 1841 non
1921 1807 2064 1848 steterint
2075 1832 2087 1843 .

1189 1862 1359 1906 Accffffent
1370 1869 1473 1905 enim,
1491 1862 1523 1905 fi
1532 1861 1798 1905 AHorumsuornm
1817 1866 1849 1893 in
1861 1858 2088 1900 Comministros

1189 1912 1294 1953 nostros
1314 1913 1461 1957 fiduciam
1486 1913 1651 1957 habusffent
1670 1937 1678 1945 .
1705 1912 1808 1948 Hanc
1835 1909 2086 1945 contumaciam

1189 1963 1344 2006 Synodus
1361 1963 1505 1998 omnino
1517 1963 1707 1998 damnavit.
1730 1994 1733 1996 .
1957 2002 1962 2006 ,

1237 2012 1618 2060 roircaSardicenses
1629 2013 1788 2048 Canones
1812 2008 1898 2045 hanc
1918 2007 2085 2044 evocandi

1190 2064 1385 2105 potestatem
1395 2064 1584 2099 nullatenus
1597 2064 1784 2107 eripuerunt
1796 2061 1955 2095 Romano
1965 2058 2084 2094 Ponti-

1190 2112 1265 2146 fici.
1292 2113 1387 2149 Absit
1414 2139 1422 2146 .
1450 2114 1505 2149 Sic
1523 2115 1615 2149 enim
1640 2111 1750 2148 Sancti
1766 2111 1858 2147 Petri
1883 2110 2082 2144 memoriam

1189 2172 1258 2196 non
1284 2160 1497 2197 honorassent
1523 2187 1535 2204 ,
1558 2162 1612 2197 sed
1635 2161 1820 2207 gravissime
1839 2159 2026 2195 castrassent
2045 2158 2084 2196 δὲ

1188 2212 1525 2257 circumscripsissent.
1553 2212 1633 2247 Ausi
1656 2212 1790 2247 fuissent
1811 2209 1939 2254 aliquid
1958 2208 2083 2246 consti„-

1189 2270 1279 2295 tuere
1292 2263 1383 2306 supra
1395 2263 1493 2296 istum
1505 2286 1516 2302 ,
1531 2263 1585 2296 cui
1598 2263 1769 2301 Dominus
1779 2259 1934 2294 conceffit
1945 2258 2079 2292 omnia.

1190 2310 1272 2345 Haec
1284 2313 1358 2346 sunt
1372 2306 1468 2346 verba
1494 2313 1583 2345 tertii
1593 2311 1744 2346 Canonis
1756 2323 1768 2344 .·
1793 2311 1825 2343 51
1836 2306 1979 2349 Pontifex
1983 2309 2079 2349 judi-

1187 2365 1304 2396 caverit
1326 2362 1531 2395 renovandum
1552 2361 1605 2404 effe
1620 2362 1770 2400 judicium
1791 2383 1804 2400 ,
1830 2366 2026 2404 renovetur,
2039 2358 2077 2392 G·

1187 2411 1246 2444 det.
1247 2411 1405 2455 judices.
1432 2411 1597 2460 Septimus
1606 2411 1729 2445 Canon
1749 2408 1861 2444 addit:
1888 2409 2079 2447 Silssomanae
2113 2427 2116 2430 ·

1190 2457 1327 2500 Ecolefiae
1347 2458 1514 2503 Episcopus
1533 2461 1648 2501 ‚iustum
1664 2464 1846 2503 putaverit,
1873 2466 1907 2491 ut
1919 2465 2077 2491 renovetur

1182 2510 1344 2553 Judicium
1358 2534 1381 2550 .‚
1406 2511 1461 2545 vel
1487 2508 1662 2554 discufflonis
1687 2519 1815 2544 examen
1836 2532 1848 2549 ,
1868 2506 1998 2550 scribere
2022 2506 2074 2540 bis
2122 2526 2126 2530 -

1188 2557 1344 2602 Episcopis
1364 2560 1507 2603 dignetur
1536 2584 1549 2601 ,
1565 2564 1620 2602 qui
1638 2564 1671 2592 in
1691 2559 1827 2601 finitima
1851 2559 1886 2590 ὁ·
1903 2563 2080 2600 propinquo

1189 2611 1353 2642 Provincitr
1369 2608 1442 2652 sunt
1453 2633 1465 2650 ,
1489 2607 1588 2651 &ipſs
1604 2610 1763 2651 diligenter
1781 2611 1880 2640 omnia
1889 2610 2070 2648 requirant,

1189 2659 1324 2699 &juxta
1331 2658 1426 2701 fidem
1448 2665 1592 2693 veritatis
1602 2657 1751 2700 definiant
1762 2678 1774 2695 ,
1795 2656 1878 2699 quod
1884 2654 1915 2696 fi
1920 2662 1946 2688 is
1962 2660 2014 2697 qui
2025 2667 2072 2688 ro-

1184 2716 1239 2751 gat
1252 2707 1370 2752 causam
1375 2707 1463 2752 suam
1476 2709 1582 2743 iterum
1591 2709 1693 2742 audiri
1706 2732 1717 2748 ,
1728 2708 1932 2748 deprecatione
1943 2710 2073 2743 moverit

1188 2762 1355 2793 Romanum
1365 2757 1543 2802 Episcopum
1555 2782 1567 2800 ,
1592 2768 1626 2792 ut
1636 2758 1673 2792 de
1687 2761 1796 2791 Laetere
1798 2754 1852 2799 suo
1863 2755 2073 2794 Presbmrum

1158 2833 1159 2836 =
1187 2814 1293 2844 mittat
1303 2833 1316 2850 ,
1340 2815 1395 2842 erit
1404 2815 1437 2843 in
1444 2808 1588 2852 potestate
1598 2806 1738 2851 Epissopi
1746 2807 1823 2850 quid
1834 2806 1909 2840 velu
1915 2829 1928 2845 ,
1951 2805 1986 2838 ὁ*
1993 2805 2072 2848 quid

1189 2857 1310 2898 estimet
1321 2883 1328 2891 .
1355 2862 1403 2892 Et
1417 2858 1448 2901 fi
1456 2860 1623 2894 decreverit
1639 2858 1802 2892 mittendas
1821 2855 1895 2899 effe,
1920 2860 1972 2897 qui
1978 2861 2069 2896 prae-

1184 2907 1286 2953 J'entes
1299 2919 1364 2944 cum
1376 2907 1463 2952 Epis
1457 2910 1696 2952 copisjudicent‚
1723 2905 1865 2941 babentes
1878 2906 1944 2945 ejus
1962 2903 2068 2938 autbo-

1188 2964 1309 2993 ritatem
1321 2960 1342 2992 ἃ
1354 2970 1409 3002 quo
1420 2959 1558 3000 destinati
1565 2957 1660 3003 sunt,
1685 2962 1742 2991 erit
1751 2961 1785 2990 in
1792 2952 1846 2998 suo
1864 2954 1987 2989 arbitrio
1996 2980 2005 2988 .
2031 2957 2066 2989 si

1187 3011 1256 3045 vero
1263 3010 1421 3046 crediderit
1432 3008 1589 3053 Epiftopes
1604 3007 1752 3051 sufficere,
1776 3012 1812 3040 ut
1833 3010 1945 3049 negotio
1965 3010 2065 3037 termi-

1187 3070 1257 3092 num
1268 3065 1424 3102 imponant
1435 3085 1446 3101 ,
1465 3059 1562 3105 faciet
1571 3059 1652 3101 quod
1663 3055 1869 3101 sapientfimo
1887 3053 2064 3097 suoconfilio

1179 3111 1382 3150 judicaverit.
1408 3110 1524 3147 Sensus
1545 3109 1591 3143 est
1616 3118 1624 3138 :
1654 3102 1907 3141 Retrast'atorias
1927 3105 2067 3149 Episco-

1187 3160 1309 3204 palium
1330 3158 1586 3205 appellationum
1607 3156 1715 3193 causas
1726 3155 1900 3191 Romanus
1911 3154 2062 3190 Autistea

1186 3221 1257 3244 nou
1270 3207 1478 3245 solummodo
1501 3219 1554 3253 per
1573 3206 1779 3251 semetipsum
1798 3206 1921 3252 agitare
1939 3203 2058 3250 poffit,

1184 3259 1240 3295 sed
1260 3261 1390 3305 &ipsas
1398 3260 1567 3304 delegare:
1593 3256 1659 3292 Vel
1671 3255 1777 3292 eidem
1785 3255 1985 3292 Provinciae,
2004 3253 2058 3287 vel

1185 3310 1367 3348 Provinciae
1376 3311 1492 3345 vicinae
1500 3332 1513 3350 ‚
1538 3307 1590 3344 vel
1601 3307 1700 3342 etiam
1712 3306 1844 3351 Legatis
1862 3305 1882 3342 ὲ
1892 3305 1949 3338 suo
1961 3303 2059 3337 Late-

1185 3372 1238 3396 re.
1264 3360 1367 3396 Prout
1377 3359 1533 3405 placuerit
1545 3383 1554 3391 .
1579 3358 1674 3406 Qin
1685 3358 1767 3401 ipsas
1777 3367 1830 3400 per
1847 3353 2058 3396 semetipsum

1186 3411 1289 3456 posset
1307 3411 1449 3456 agitare,
1474 3407 1558 3445 nulli
1576 3418 1662 3451 erat,
1691 3417 1749 3444 aut
1767 3407 1829 3442 offe
1850 3411 1978 3448 poterat
2000 3403 2059 3438 du-

1186 3461 1279 3500 bium
1289 3486 1299 3498 .
1325 3460 1419 3499 Hinc
1429 3459 1470 3497 de
1480 3458 1539 3496 ista
1549 3459 1708 3506 potestate
1715 3457 1809 3494 silent
1821 3455 1999 3536 Cannnesri
2021 3452 2058 3486 δε

1866 3546 1868 3549 ,
1904 3515 1968 3548 ⁶¹1³
1995 3518 2009 3530 ‘
