2326 3718
361 146 459 194 334

279 221 424 263 gregati,
453 212 608 255 caeieflim»
625 211 801 256 sanuffmo
822 215 969 259 Episcopo
992 217 1083 246 etiam
1098 219 1179 253 prae·

282 267 367 311 sense
379 288 390 304 ,
420 265 455 297 (ν
466 275 545 298 nunc
559 264 685 306 nostram
691 267 728 300 de
730 266 795 310 fide
799 264 982 309 finientium
993 273 1100 305 magno
1114 273 1179 295 con-

280 313 586 359 sensupraedicarunt
596 341 607 358 ,
618 315 718 361 eosque
729 322 781 359 qut·
799 312 921 355 diversa
928 311 1064 355 sentiunt
1073 311 1112 344 ab
1123 324 1178 345 om-

282 369 318 399 ni
334 365 463 407 prorsus
487 367 649 401 Sacerdotii
668 365 748 411 fhrte
768 365 882 398 alienos
908 363 960 406 effe
978 363 1157 405 definierunt
1172 385 1180 394 ·

281 417 331 448 Es
353 413 417 449 baec
437 417 558 459 quidem
568 422 659 450 etiam
671 424 832 456 antequam
843 412 1024 453 Sano‘lffma
1036 413 1087 454 hec
1100 414 1178 451 θηο-

281 466 341 499 dus
365 472 547 508 conveniret,
558 466 730 505 Caelestinus
743 461 907 506 Episcopus
915 471 971 505 per
979 463 1095 496 litteras
1104 461 1177 505 suas

278 517 480 558 judicaverat
491 540 502 556 ‚
527 518 561 550 (9
572 516 677 554 cyrillo
701 511 866 555 Episcopo,
892 511 1005 555 utsuas
1017 519 1100 546 vices
1107 511 1177 555 sub-

281 571 340 604 iret
351 566 536 610 commiserat
548 589 556 596 .
583 565 647 597 sed
666 565 786 603 &nunc
796 564 891 596 denuo
903 565 971 596 aliis
993 564 1086 596 etlam
1098 564 1175 596 litte-

279 621 326 650 ris
345 614 461 659 sane‘lae
474 615 584 653 55n0do
606 612 873 657 haecfignificavit.
903 611 983 655 Miſst
1006 622 1105 647 autem
1116 612 1174 646 bas

284 666 405 700 litteras
423 674 483 707 per
502 665 664 698 Arcadium
685 666 721 698 Θ·
744 663 912 705 Projeuum
925 660 1089 705 Episcopos
1102 688 1113 704 ,
1138 664 1172 697 Θ·

280 715 457 757 Philippum
467 714 675 753 Presbyterum
687 738 699 756 ,
723 718 775 758 qui
785 713 936 755 caelesttm·
948 711 1087 756 Episcopi
1093 722 1171 755 prae-

275 764 406 809 sentiam
421 761 582 807 supplent.
611 764 747 799 Relatio
758 765 896 798 affirmat
917 762 1004 799 duo.
1035 761 1147 797 Primo
1161 787 1172 803 ,

275 815 365 858 quod
377 813 453 850 data
468 815 501 848 in
520 814 712 849 Nestorium
727 814 885 849 sententia
896 824 966 848 non
977 813 1170 848 [insolutum

274 863 415 907 synodo
437 866 642 909 pra-sentium
666 865 891 900 Orientalium
906 864 1148 908 Episcoporum
1161 887 1172 904 ,

282 915 337 949 sed
360 915 462 949 etiam
474 917 627 950 omnium
652 914 921 950 Occidentalium
934 939 941 946 .
970 913 1065 948 Licet
1081 914 1170 948 enim

276 965 397 1001 borum
417 965 597 1001 multitudo
611 966 650 999 ad
665 965 839 1008 Synodum
858 977 927 1000 non
952 965 1099 1005 venerit,
1125 974 1171 998 at-

274 1026 384 1050 tamen
406 1016 475 1058 ejus
498 1015 658 1058 judicium
678 1015 822 1053 omnino
846 1015 1030 1058 praedicavit
1048 1025 1085 1049 ac
1097 1024 1171 1057 prae-

273 1065 429 1103 formavit
456 1091 464 1098 .
491 1066 537 1099 Et
563 1066 698 1110 quidem
731 1065 957 1109 Synodaliter.
987 1065 1031 1099 Et
1053 1075 1170 1108 nequa·

271 1115 371 1159 quam
398 1117 433 1150 in
460 1115 627 1159 Ephefinae
639 1117 767 1160 Synodi
793 1116 954 1161 gratiam:
980 1115 1072 1162 Qia
1093 1124 1171 1149 ante

269 1166 377 1209 ipsam
389 1191 396 1199 .
429 1165 559 1209 Nempe
574 1168 606 1201 in
620 1168 680 1202 issa
693 1167 847 1202 Romana
871 1165 1031 1210 Synod0‚
1059 1166 1093 1198 in
1107 1175 1170 1208 qua

271 1216 466 1251 Caelestinus
479 1215 673 1250 Nestorium
687 1240 698 1256 ‚
724 1216 784 1250 nisi
795 1217 878 1249 intra
890 1215 1005 1249 decern
1016 1214 1085 1248 dies
1098 1215 1170 1247 suas

276 1266 441 1310 Exegoses
464 1267 499 1300 &
511 1266 575 1299 alia
589 1276 792 1305 recantaret,
818 1265 989 1299 damnavit
1011 1274 1048 1296 ac
1059 1263 1169 1307 degra-

270 1317 362 1350 davit
385 1340 396 1356 ,
422 1316 456 1350 &
486 1315 578 1348 istius
598 1315 713 1357 judicii
749 1314 981 1348 executionem
1003 1312 1168 1357 delegavit

271 1365 389 1400 sancto
414 1364 546 1406 Cyrillo
562 1384 570 1396 ,ν
598 1364 680 1398 Asta
703 1362 772 1398 haec
797 1364 871 1397 sunt
892 1363 1069 1408 antequam
1094 1363 1168 1407 quis

271 1416 323 1449 vel
348 1414 510 1458 cogitaret
533 1411 574 1447 de
590 1413 776 1458 Ephefina,
802 1423 858 1448 aut
879 1414 941 1448 alia
954 1412 1099 1458 generali
1110 1414 1167 1457 Sy·

271 1465 364 1499 nodo
377 1489 387 1505 ,
416 1462 560 1505 ideoque
571 1464 666 1499 nulla
680 1463 777 1499 isthic
795 1465 879 1499 facta
890 1464 935 1498 est
946 1463 1165 1507 Synodalium

271 1515 479 1560 Legatorum
490 1515 667 1558 deputatio
679 1540 686 1548 .
711 1515 807 1549 Hinc
816 1514 949 1550 Relatio
963 1513 1109 1548 secunde>
1122 1513 1167 1548 di-

269 1567 316 1604 cit
330 1589 341 1606 ,
369 1564 459 1610 quod
474 1564 667 1599 Caelestinus
689 1565 774 1599 istud
798 1566 892 1599 suum
902 1563 1068 1608 synodale
1079 1563 1167 1607 ludit

275 1617 367 1651 cium
380 1640 391 1657 ‚
418 1613 467 1649 uti
480 1624 576 1649 antea
589 1614 708 1650 Saniio
720 1615 871 1659 Cyrillo,
886 1615 930 1649 itit
939 1626 1028 1650 nunc
1038 1613 1168 1658 Ephesi-

269 1679 319 1701 nae
337 1663 476 1709 synodo
490 1666 721 1710 significaverit
743 1690 754 1707 ‚
780 1677 817 1700 ac
825 1664 1073 1700 demandaverit
1092 1675 1167 1699 exe-

271 1716 440 1761 quendum
453 1741 464 1757 ‚
476 1716 576 1759 idque
588 1728 642 1760 per
654 1716 834 1751 Arcadium
852 1716 886 1750 ἀ
898 1715 1080 1759 Projeiium
1093 1714 1167 1759 Epi·

269 1769 408 1810 scopos,
434 1777 473 1800 ac
497 1766 692 1810 Philippum
727 1766 957 1810 Presbyterum
983 1790 994 1806 ‚
1019 1765 1078 1808 qui
1099 1764 1167 1808 ejus

269 1817 474 1863 praesentiam
500 1816 694 1861 supplebant
714 1815 833 1861 Ephesi
846 1841 854 1850 .
882 1817 965 1851 Non
987 1815 1082 1852 istius
1100 1816 1168 1851 Ro-

268 1879 376 1904 manae
399 1867 528 1910 Synodi
543 1890 554 1909 ,
581 1866 634 1902 sed
648 1866 749 1903 solius
764 1866 931 1901 Caelestini
944 1866 1166 1910 ptaesentiam.

270 1917 426 1961 Synodus
456 1917 565 1959 enim,
598 1919 758 1961 quoniam
777 1917 880 1952 futuri
902 1915 1060 1958 Ephefini
1080 1915 1168 1948 Con-

274 1978 392 2002 ventus
411 1966 548 2010 ignara,
573 1967 683 2000 nullos
695 1967 1025 2011 Legatoscreaverat.
1053 1963 1168 2004 Eroin-

273 2018 315 2055 de
329 2017 365 2052 hi
379 2016 499 2060 Legati
521 2015 615 2050 istius
625 2015 759 2058 quidem
770 2015 899 2058 Synodi
911 2013 1101 2049 deferebant
1121 2012 1168 2055 ju·

271 2068 400 2103 dicium
413 2090 425 2105 ,
435 2067 470 2100 &
482 2066 577 2108 ipfius
588 2064 743 2098 firmandi
753 2074 791 2098 ac
801 2061 987 2106 exequendi
1000 2060 1169 2097 habebant

276 2115 512 2161 Apostolicum
532 2113 756 2154 Mandatum,
782 2122 930 2147 attamen
954 2111 1054 2146 solius
1065 2110 1169 2145 Caele-

271 2167 351 2202 stini
364 2164 523 2211 gerebant
535 2164 621 2198 vices
635 2187 647 2204 ,
671 2175 710 2199 ac
731 2162 925 2207 supplebant
949 2161 1168 2205 praesentiam.

273 2218 371 2253 Hinc
390 2215 506 2259 quInta
528 2213 630 2253 Actio
653 2213 737 2251 recte
757 2214 843 2249 dixit
864 2235 878 2253 ‚
901 2212 993 2257 quod
1022 2211 1171 2248 universa

275 2265 549 2304 Occidentalium
565 2264 804 2309 Episcoporum
815 2262 998 2298 multitudo
1010 2262 1172 2296 consenti·

276 2329 326 2354 ret
351 2314 488 2360 synodo
502 2341 509 2349 .
539 2315 658 2349 Unica
681 2315 790 2349 Sansti
811 2313 934 2356 Cyrilli
957 2310 1171 2347 interlocutio

277 2359 408 2404 videtur
430 2369 466 2399 in
489 2363 629 2407 speciem
652 2365 761 2399 favere
774 2360 946 2399 Paschafio
966 2360 1151 2409 Qesnello
1166 2384 1174 2392 .

278 2417 338 2455 Est
365 2414 438 2450 aliis
463 2413 683 2455 testimoniis,
707 2414 726 2449 ὲ
744 2412 865 2457 quibus
884 2422 1012 2448 certum
1033 2411 1081 2446 est
1105 2421 1174 2445 non

280 2464 448 2502 discedere
460 2488 472 2505 ,
498 2461 773 2507 conquadranda.
801 2459 858 2497 Est
869 2473 919 2497 res
932 2461 1047 2506 parum
1066 2461 1177 2496 confe-

281 2527 355 2556 rens
370 2512 718 2560 praesentiquaestioni.
746 2511 989 2548 Censuitamen
1009 2510 1177 2547 elucidan-

284 2566 360 2603 dam
394 2590 401 2598 .
442 2564 497 2599 Ad
525 2563 619 2607 plene
654 2562 858 2601 exsufflanda
886 2562 1050 2608 superiora
1078 2561 1177 2601 Com·

285 2625 398 2660 menta
421 2614 568 2660 ejusdcm
591 2613 776 2654 Paschasii.

765 144 833 178 DE
868 130 1134 177 ROMANA
1171 131 1634 179 Appettmxone

1415 337 1767 388 CAPUT
1847 340 1942 388 IV.

1305 530 1439 583 Sauli}
1483 535 1647 599 Damasi
1694 540 1794 585 circa
1851 542 2050 598 Romanas

1473 601 1733 674 appellationes
1779 607 1883 656 Abla

1550 673 1780 725 elucidantur
1792 714 1805 727 .

1281 813 1412 848 Stomm
1427 814 1578 859 pleraque
1590 817 1752 852 Damasus
1768 818 1874 863 pergit
1885 819 1919 854 in
1931 819 2065 855 collefla
2076 829 2119 854 ex

1295 863 1426 904 Nvicinis
1436 865 1470 900 &
1482 865 1616 901 advenis
1638 867 1809 912 Episcopis
1819 869 1956 912 Synodo
1967 893 1978 910 ‚
2004 870 2045 903 de
2054 880 2121 914 qua,

1231 972 1274 996 tos
1280 962 1400 1006 serpere
1409 964 1559 1009 Damasus
1569 965 1735 1011 Episcopus
1758 971 1910 1002 Romanus
1923 994 1934 1010 ‚
1960 971 1995 1004 ὁ*
2008 972 2118 1003 Petrus·

1234 1015 1452 1050 Alexandrinus
1476 1015 1641 1060 Epist-opus
1668 1024 1804 1053 certiores
1821 1019 1924 1061 fadi,
1945 1025 2041 1062 primi
2058 1030 2124 1054 οη»,

1232 1069 1315 1098 nium
1325 1066 1455 1100 Concilio
1465 1070 1569 1100 Romae
1580 1077 1736 1102 convocato
1743 1080 1810 1102 eam
1818 1070 1952 1103 alienam
1968 1069 2008 1104 ab
2017 1071 2119 1105 Eccle-

1282 1115 1438 1150 catholica
1444 1121 1696 1159 pronuntiarunt.
1725 1119 1863 1155 Famosa
1874 1119 2035 1154 &efficax
2053 1119 2120 1156 fuit

1234 1164 1293 1198 ista
1303 1164 1470 1206 synodus.
1499 1164 1554 1199 De
1567 1167 1635 1210 ipsa
1644 1167 1744 1201 etiam
1755 1169 1821 1211 ipse
1831 1169 1970 1210 Ioannes
1981 1170 2123 1204 Patriar-

1230 1211 1292 1246 cha
1305 1213 1539 1248 Antiochenus
1560 1226 1636 1249 curn
1660 1217 1790 1259 ptaefato
1801 1217 1956 1251 Himerio
1970 1241 1981 1256 ‚
2004 1217 2121 1254 Theo-

1231 1263 1346 1297 doreto
1358 1262 1545 1306 Cyrenfi,&
1554 1264 1688 1309 reliquis
1699 1266 1760 1301 suae
1773 1267 1939 1301 Fauionis
1950 1266 2123 1311 Episcopis

1234 1314 1355 1356 scripsit
1364 1312 1406 1347 ad
1419 1313 1546 1348 Rufum
1572 1313 1890 1360 Archi-Episcopum
1912 1315 2128 1351 Theffaloni-

1231 1364 1361 1398 censem
1374 1377 1386 1398 .·
1413 1365 1599 1404 Beatiffimus
1621 1365 1772 1409 Damasus
1797 1369 2012 1409 Apollinarium
2026 1390 2037 1406 ,
2063 1370 2125 1401 Vi*

1230 1415 1343 1455 talem,
1370 1425 1405 1448 ac
1416 1413 1597 1450 Timotheum
1610 1418 1766 1450 Est-reticos
1783 1419 1883 1461 gradu
1906 1422 2018 1450 movit.
2046 1416 2125 1460 Epi-

1232 1463 1312 1499 stola
1324 1473 1416 1499 extat
1436 1465 1470 1499 in
1485 1465 1579 1500 tertia
1593 1475 1683 1510 parte
1698 1466 1854 1510 Ephefini
1867 1467 2036 1502 Consilii.
2056 1464 2132 1500 vi·

1231 1514 1305 1548 talis
1330 1512 1565 1550 Antiochenus
1586 1538 1598 1556 ,
1633 1515 1864 1559 Apollinarius
1893 1515 2126 1557 Laodstenfis,

1231 1563 1436 1602 Timotheus
1457 1566 1493 1599 in
1516 1565 1575 1600 ista
1596 1564 1754 1602 Fastione
1773 1578 1841 1602 erat
1851 1567 2036 1611 Berytensis
2047 1564 2126 1610 Epi-

1231 1615 1349 1658 scopus
1371 1639 1380 1648 .
1408 1615 1488 1654 Hoc
1511 1615 1546 1650 in
1567 1626 1686 1659 quarto
1708 1626 1824 1652 contra
1845 1616 2064 1652 Nestorianos
2082 1625 2127 1651 ao

1233 1663 1462 1709 Eutychianos
1486 1665 1572 1700 libro
1592 1666 1704 1701 scribit
1725 1668 1887 1702 Leontius
1905 1665 2128 1702 scholasticus

1234 1715 1457 1758 Byzanoinus.
1486 1716 1522 1750 ln
1537 1716 1636 1750 tertio
1661 1716 1749 1752 libro
1771 1717 1864 1752 addit
1886 1728 1956 1752 rem
1966 1725 2130 1752 memora·

1233 1765 1354 1800 bilem.
1402 1765 1554 1801 Adducit
1577 1765 1803 1811 Apollinarii,
1827 1768 1870 1802 de
1890 1767 1946 1802 sua
1969 1764 2131 1801 familiari

1232 1827 1310 1850 cum
1335 1815 1467 1862 Magno
1489 1814 1674 1852 Athanasio
1703 1817 1859 1853 litteraria
1888 1815 2131 1852 communione

1232 1865 1407 1911 gloriantis
1417 1891 1428 1908 ,
1455 1867 1578 1902 litteras
1595 1867 1636 1904 ad
1648 1868 1758 1903 nescio
1770 1879 1855 1910 quos
1866 1867 1952 1911 apud
1973 1866 2131 1902 Dio-Cn·-

1234 1918 1354 1950 saream
1377 1926 1598 1959 congregatos
1619 1917 1804 1959 Episcopus
1826 1941 1838 1956 ,
1863 1917 2001 1951 affirmat
2028 1914 2131 1959 quoss-

1232 1965 1308 1999 dam
1319 1963 1386 2005 ejus
1396 1963 1587 2008 Discipulos
1597 1962 1679 1998 adeo
1692 1964 1922 2009 blasphemaffe
1935 1991 1945 2006 ,
1957 1975 1994 1999 ut
2005 1961 2129 1998 Domi-

1234 2016 1269 2047 ni
1280 2024 1410 2051 carnem
1421 2013 1592 2051 crederent
1600 2014 1792 2049 DeoVerbo
1800 2014 2129 2054 consubstantialem,

1233 2062 1267 2095 &
1290 2061 1483 2095 concludit:
1509 2063 1634 2096 Videtur
1657 2064 1778 2104 quidem
1800 2063 1968 2098 Timotheus
1979 2063 2052 2107 effe,
2074 2065 2132 2097 eut

1234 2115 1331 2155 magis
1354 2122 1446 2154 quam
1470 2112 1560 2151 alus,
1585 2112 1619 2145 Θ·
1631 2110 1775 2153 fidentius
1799 2119 1919 2148 mana
1932 2115 2013 2147 illius
2023 2117 2129 2156 impio·

1235 2167 1310 2195 tatis
1330 2160 1596 2203 &fraudulentiae
1605 2169 1880 2198 committerentur.
1907 2168 1975 2197 Hac
1988 2168 2066 2197 enim
2087 2163 2130 2196 de

1235 2210 1325 2255 causa
1346 2217 1444 2254 potuit
1466 2214 1487 2245 a*
1499 2213 1596 2246 Beato
1609 2211 1765 2256 Athanafio
1776 2215 1896 2249 litteras
1907 2220 2038 2255 accipere
2053 2222 2131 2246 cm

1236 2263 1435 2298 mendatitias
1455 2263 1500 2296 ad
1517 2263 1741 2303 occidentales,
1768 2265 1917 2305 tanquam
1938 2270 2038 2296 contra
2059 2264 2130 2294 Ari!

1237 2316 1419 2352 impietatem
1427 2319 1570 2353 pugnans
1583 2333 1595 2350 ,
1621 2312 1656 2345 6·
1666 2311 1704 2344 ab
1717 2313 1780 2345 illis
1791 2314 1911 2346 rursrim
1921 2313 2040 2345 litteras
2061 2318 2135 2344 tan·

1237 2362 1328 2403 quam
1337 2361 1381 2397 ad
1390 2358 1569 2403 Episcopum
1577 2361 1675 2403 miffas
1687 2361 1810 2403 adferre
1819 2387 1827 2395 .
1853 2362 1912 2395 Sed
1920 2371 1978 2394 non
1987 2360 2132 2402 perpetuo)

1236 2412 1328 2445 latuit
1338 2408 1635 2452 bacilliusinfidiosa
1650 2409 1801 2452 fimulaiio
1813 2436 1821 2445 .
1842 2412 1953 2447 Iterum
1976 2416 2057 2444 enim
2063 2406 2132 2453 post

1240 2459 1389 2502 Athanasii
1400 2460 1511 2494 obitum
1521 2460 1619 2502 miffus
1629 2463 1756 2495 Romam
1765 2460 1910 2503 depofitus
1931 2459 1969 2501 est
1981 2458 2043 2504 ipse
2053 2483 2065 2500 ,
2090 2461 2129 2495 θ

1239 2516 1288 2554 qui
1305 2522 1372 2544 eum
1391 2508 1514 2554 miserat
1525 2511 1744 2552 apollinarius.
1772 2511 1934 2546 Leontius
1956 2521 2018 2545 nos
2029 2510 2130 2548 docet

1241 2562 1331 2606 plura
1354 2585 1362 2593 .
1389 2559 1503 2595 Primo
1523 2583 1535 2600 ,
1559 2559 1651 2604 quod
1676 2560 1909 2606 Apollinarius
1930 2584 1943 2602 ,
1969 2559 2132 2605 quoniam

1242 2610 1635 2656 Arianosimpugnabat,
1660 2610 1780 2646 Sansto
1802 2610 1983 2646 Athanasio
2005 2610 2133 2655 phones

1243 2662 1307 2704 rit,
1334 2661 1496 2705 fueritque
1516 2659 1548 2696 ei
1569 2659 1742 2698 familiaris
1750 2660 1851 2696 etiam
1862 2671 1918 2705 per
1935 2660 2132 2695 litterarium

1243 2712 1481 2748 commercium
1503 2732 1513 2742 ·
1538 2710 1715 2752 Secundo,
1740 2710 1832 2754 quod
1852 2711 1983 2755 insuper
2002 2709 2045 2745 ab
2067 2708 2131 2744 illo

1244 2761 1532 2799 commendatitias
1555 2761 1678 2796 litteras
1699 2761 1860 2806 acceperit
1880 2761 1922 2796 ad
1939 2758 2131 2796 occidentis

1248 2813 1451 2857 Episcopus,
1477 2812 1649 2856 praesertim
1672 2812 1714 2846 ad
1736 2811 1908 2849 Romanos
1928 2809 2133 2851 Pontifices,

1247 2862 1364 2907 nempe
1378 2863 1502 2906 Julium
1512 2861 1747 2901 acLibetium.
1772 2858 1917 2904 Tertio,
1942 2859 2031 2903 quod
2052 2869 2134 2895 cum

1250 2912 1339 2949 hisce
1361 2912 1657 2949 Commendatitiis
1680 2910 1808 2946 fidelem
1820 2910 1913 2943 suum
1924 2909 2138 2953 Discipulum

1251 2962 1474 2999 Timotheum
1494 2962 1650 3007 legaverit
1671 2961 1835 3001 Romam,
1859 2957 2023 2994 furaturus
2044 2969 2137 2994 com-

1252 3014 1450 3050 munionem
1484 3011 1576 3048 Sedis
1600 3008 1799 3054 Apostolicae
1818 3033 1826 3041 .
1851 3007 1982 3057 Qut&
2006 3033 2018 3051 ι
2043 3007 2139 3053 ‘1¹²0‘1

1251 3064 1337 3100 fraus
1361 3062 1540 3100 successerit
1558 3084 1571 3101 ‚
1594 3071 1632 3095 ac
1652 3057 1856 3094 Timotheus
1874 3059 2139 3094 communicato-

1251 3115 1314 3150 rias
1325 3113 1523 3159 Apostolicae
1543 3109 1634 3144 Sedis
1653 3109 1777 3144 litteras
1786 3107 1827 3145 ad
1838 3108 2037 3155 Magistrum
2054 3118 2138 3144 retu-

1252 3164 1347 3204 lerit,
1374 3164 1424 3198 uti
1433 3162 1474 3197 ad
1486 3158 1722 3196 orthodoxum
1733 3160 1931 3204 Episcopum
1943 3184 1951 3192 .
1979 3158 2130 3205 Qun-i,

1251 3214 1342 3260 quod
1367 3215 1454 3249 fraus
1479 3211 1602 3245 radices
1627 3221 1698 3245 non
1724 3210 1824 3255 egerit
1849 3234 1857 3243 .
1894 3209 2028 3245 Etenim
2051 3205 2134 3252 post

1252 3262 1420 3302 Athanasii
1442 3271 1581 3297 mortem
1612 3259 1738 3295 rediens
1770 3260 1916 3295 Romam
1934 3256 2135 3294 Timotheus

1252 3314 1314 3349 fuit
1326 3313 1470 3348 detectus
1481 3335 1493 3352 ,
1519 3312 1553 3346 ἃ.
1575 3311 1639 3345 una
1650 3321 1725 3346 cum
1739 3308 1952 3356 Apollinario
1963 3309 2135 3344 damnatus

1252 3374 1349 3410 atque
1359 3362 1538 3407 depositus.
1563 3359 1693 3409 Nempe
1712 3372 1769 3409 per
1781 3361 1933 3399 Sanctum
1954 3357 2136 3395 Damasum

1251 3414 1287 3453 in
1295 3413 1427 3454 laudata
1444 3411 1583 3458 synodo
1591 3437 1601 3448 .

1983 3454 2086 3505 Apol-

1236 913 1388 948 Hermias
1400 916 1626 960 Sozomenus;
1654 918 1831 960 Apollinaris
1839 918 1970 962 baeresim
1980 922 2026 954 ad
2036 920 2117 952 mul·-
2138 912 2237 944 1--6·C·
2246 919 2291 949 ²5·
