2326 3718
67 941 139 980 Cap.
160 950 226 979 ²4¹·

693 136 982 180 Romnum
1012 137 1600 180 Appmtmiomnus.

1919 152 1974 196 33

249 191 485 254 interdixerunt
505 218 615 263 Regni
636 219 810 264 egreffum,
838 230 875 252 ac
899 217 1000 261 ipsum
1016 215 1116 251 etiam
1183 212 1381 259 Euphratam
1393 211 1769 260 ColoniaeEpiscopum,
1794 217 2049 264 Metropolitae:

250 269 440 304 Romanum
453 269 608 303 accessum
619 291 630 308 ,
653 269 773 312 eosque
794 269 948 314 jusserunt
961 267 1023 302 effe
1042 277 1118 301 con·

248 326 355 351 tentos
370 318 444 352 solis
454 319 751 355 Relationibus‚1ta
763 321 896 355 testatur
908 320 940 352 in
954 317 1067 352 litteris
1077 314 1117 350 ad

246 366 421 403 Romanos
430 368 600 404 Senatores
622 369 775 403 Faustum
800 370 832 403 δε
845 365 1073 412 Symmachum
1086 365 1116 398 S·

248 414 370 451 Avitus
393 417 687 463 Archi-Episcopus
708 419 921 454 Viennensis.
944 415 1035 452 Hinc
1048 415 1118 448 Me·

247 468 432 510 tropolitae‚
459 481 500 503 ne
512 469 569 503 fibi
581 469 722 512 impunis
738 471 821 505 foret
844 463 1052 510 delinquendi
1064 475 1118 498 aut

246 516 428 553 excedendi
451 519 580 553 licentia
594 542 605 558 ‚
631 519 816 563 semetipsos
840 521 964 554 suarum
982 515 1120 549 Provin-

247 565 370 601 ciarum
382 568 522 612 Synodis
534 567 647 612 sponte
671 569 903 604 submiserunt.
930 566 1007 600 Erat
1020 564 1119 599 mani-

247 614 326 649 fest&
342 628 457 653 contra
493 617 649 653 Canones
672 643 679 650 .
707 621 800 654 Hinc
825 619 888 652 una
908 627 984 651 cum
1006 615 1119 649 multis

247 664 342 707 aliis,
369 677 423 711 pet
443 667 594 703 barbaros
620 668 697 702 istos
709 670 815 714 Reges
829 666 977 706 intrufis,
1006 665 1119 699 Eccle-

246 715 376 751 fiasticae
385 717 561 761 disciplinae
571 718 855 761 depravationibus
876 716 999 751 morem
1022 714 1118 748 istum

245 763 391 800 abolevit
401 791 412 807 ,
438 768 473 802 ὅ(
486 769 662 802 Canonum
675 769 820 813 vigorem
834 766 960 800 reduxit
972 765 1118 809 Magnus

245 813 426 858 Imperator
452 817 611 859 Carolus,
636 818 814 861 Reparator
831 817 1006 851 Gallicanas
1026 813 1118 850 Chri-

245 863 439 901 stianitatis.
466 869 600 902 Etenim
623 869 656 901 in
680 869 815 911 septimo
828 865 1066 910 capitularium
1076 864 1118 898 li-

246 912 307 947 bro
320 914 499 950 habemus:
524 919 556 949 51¹
564 918 713 949 adversos
732 918 901 949 Provinciae
922 916 1119 957 Metropolita-

246 974 317 997 num
323 963 486 1005 Epifiopus
496 966 551 999 vel
557 966 688 999 Clericus
696 964 834 1000 habuerit
842 965 990 1007 querelam
999 989 1010 1005 ,
1030 972 1118 1007 petat

243 1015 410 1045 Primnum
421 1012 598 1056 Dioeceseos‚
624 1017 752 1057 &apud
767 1013 862 1058 ipficm
866 1016 1016 1057 judicetur
1030 1038 1041 1054 ,
1066 1024 1119 1047 aut

240 1062 326 1103 apud
344 1063 448 1095 sedem
474 1063 659 1105 apstolicam
683 1091 690 1098 .
725 1064 884 1101 Primates
905 1065 984 1099 tunc
1003 1062 1120 1100 habere

241 1111 378 1155 incoepit
401 1112 528 1147 Gallia:
557 1115 652 1149 Hinc
674 1114 867 1159 Capitulum
884 1115 1013 1160 aliquos
1033 1114 1120 1159 apud

240 1162 336 1196 suum
358 1161 558 1205 primatem,
585 1164 713 1209 aliquos
734 1166 965 1211 Metropolitas
986 1164 1120 1200 mandat

241 1211 327 1255 apud
340 1211 454 1247 Sedem
468 1212 696 1258 Apostolicam
707 1215 844 1260 judicari
857 1240 865 1248 .
876 1215 1008 1257 Utique
1019 1214 1096 1250 istos
1109 1240 1120 1256 ,

240 1261 302 1304 qui
325 1273 394 1296 non
417 1261 790 1300 habebantPrimatem.
819 1266 877 1300 Est
891 1267 1012 1301 Canon
1022 1263 1122 1300 Chal·

240 1309 443 1346 cedonenfis.
471 1314 552 1351 Haec
571 1314 639 1356 ejus
662 1315 781 1356 verba,
810 1320 867 1351 Aut
888 1317 993 1350 Sedem
1020 1318 1121 1359 Regiae

240 1359 321 1394 urbis
332 1360 685 1407 Constantinopolitaenae,
712 1366 856 1400 Carolus
878 1367 1072 1401 transmutat
1086 1364 1120 1399 in

237 1408 325 1444 1:ae0:
353 1415 412 1445 Aut
426 1415 512 1454 apud
521 1416 624 1450 sedem
635 1415 831 1458 apostolicam.
858 1416 977 1452 Haufit
994 1414 1060 1450 boc
1080 1426 1121 1449 ex

239 1459 355 1495 fictitia
374 1462 532 1505 epistola,
560 1476 630 1508 quae
652 1466 763 1509 paffim
787 1466 981 1501 adscribitur
1003 1467 1121 1501 Sansto

240 1508 330 1550 Julio
343 1510 520 1547 Pontifici.
552 1515 596 1548 Et
618 1514 698 1547 hinc
719 1515 890 1550 videmus,
916 1516 1005 1555 quod
1015 1516 1122 1548 Hinc·

241 1567 353 1592 marus
364 1558 582 1603 Metropolim
593 1561 764 1596 Remenfis
775 1572 844 1595 non
856 1561 988 1603 coeperit
1002 1562 1122 1603 primus

240 1602 333 1636 hunc
342 1607 513 1646 antiquum
526 1607 701 1640 canonem
715 1609 923 1642 introducere
933 1608 969 1639 in
981 1609 1105 1641 Gallias
1114 1634 1121 1641 .

239 1651 333 1687 Nam
353 1652 388 1687 &
407 1651 575 1688 Adrianus
601 1654 723 1698 primus
743 1680 755 1696 ,
781 1655 861 1690 dum
882 1655 1121 1690 Bituricensem

241 1700 444 1737 Cathedram
463 1703 607 1747 reposuit
627 1705 662 1738 in
675 1705 959 1749 Metropoliticam
981 1706 1122 1751 dignita·

239 1760 330 1794 tem,
357 1752 463 1787 voluit
485 1753 554 1797 ejus
566 1753 764 1798 Episcopum
787 1755 941 1800 deinceps
951 1756 1090 1799 judicari
1103 1756 1121 1790 a

240 1797 312 1836 fola
331 1801 413 1837 Sede
424 1802 633 1847 Apostolica.
656 1805 805 1840 Eandem
830 1807 975 1850 regulam
999 1806 1121 1841 habent

241 1849 414 1895 Capitula‚
443 1864 514 1896 quae
523 1852 761 1899 Angilramnus
773 1856 928 1891 Metenfis
941 1856 1121 1901 Episcopus

240 1901 295 1936 vel
304 1902 429 1948 accepit
451 1903 492 1939 ab
511 1904 628 1941 eodem
650 1904 814 1943 Pontifice
825 1931 837 1949 ‚
864 1907 914 1942 vel
930 1906 1040 1952 potius
1063 1907 1119 1951 ipfi

239 1951 384 1987 obtulit.

293 2003 413 2037 Canon
435 2013 546 2040 tamen
577 2008 699 2052 semper
718 2007 834 2044 habuit
865 2008 1096 2053 exceptionem
1109 2031 1121 2048 ,

242 2063 344 2096 qnam
367 2054 402 2087 in
422 2055 480 2090 suo
491 2056 532 2090 ad
543 2055 736 2100 Ephefinam
748 2059 920 2102 Synodum
944 2058 1058 2092 libello
1068 2057 1122 2091 ad-

243 2103 342 2136 duxit
352 2102 516 2139 Charisius
525 2129 536 2145 ‚
548 2105 882 2150 philadelphienfisin
895 2107 1000 2150 Lydia
1014 2107 1121 2141 Eccle-

244 2151 298 2184 fiae
309 2151 498 2196 Presbyter:
525 2159 632 2189 Omnes
652 2163 703 2199 qui
723 2157 800 2191 rede*
816 2156 963 2200 sapiunt,
989 2163 1035 2190 ita
1046 2168 1119 2190 com-

238 2207 350 2242 parati
364 2200 459 2245 firm,
478 2213 513 2236 ut
520 2203 776 2248 bonoremsemper
787 2231 797 2245 ‚
826 2209 962 2248 &quam
979 2208 1061 2240 decet
1076 2206 1122 2239 ob-

239 2247 432 2292 servantiam
437 2251 647 2295 spiritualibus
660 2258 794 2289 maxime*
814 2257 956 2289 Patribus
978 2258 1011 2290 6*
1023 2256 1124 2288 Doc‘lo-

241 2298 326 2334 ribus
345 2300 461 2342 dfferre
480 2301 658 2344 defiderem.
688 2308 720 2338 51
741 2308 811 2339 verb
830 2307 896 2339 illos
907 2331 917 2347 ‚
945 2312 998 2348 qui
1021 2306 1122 2340 docere

242 2349 372 2391 debent,
397 2353 474 2384 talia
495 2353 531 2386 de
554 2353 617 2395 fide
636 2355 821 2389 auditoribus
841 2355 978 2398 insonare
998 2362 1122 2399 contige-

243 2404 287 2431 rit
304 2421 315 2437 ,
342 2411 409 2441 quae
430 2407 557 2436 omnium
584 2406 619 2438 (τ
644 2415 730 2438 aures
757 2408 791 2440 (st
813 2412 929 2439 animos
947 2406 1120 2447 offendant,

242 2449 315 2481 tianc
328 2447 403 2491 sam3
413 2452 544 2484 ordinem
563 2460 737 2487 commutari
759 2454 868 2497 necesse
888 2455 928 2495 est
941 2480 951 2495 ,
974 2457 1124 2498 &pravae

242 2498 388 2531 doHrinae
415 2500 568 2542 Magistros
589 2504 610 2534 ἃ
630 2503 773 2545 Subjefflr
796 2505 988 2546 reprehendi.
1019 2506 1125 2539 Exce-

241 2547 392 2590 ptionem
410 2547 445 2581 in
466 2549 521 2584 sua
532 2550 707 2592 Romana,
735 2555 841 2587 octavi
865 2554 1011 2589 Concilii
1032 2555 1123 2590 Actis

240 2597 360 2631 inserta
373 2622 384 2637 ‚
411 2598 549 2641 Synodo
558 2601 695 2644 exponit
707 2602 873 2638 Adrianus
884 2605 923 2638 11.
944 2604 1100 2639 Pontifex
1109 2629 1119 2645 ‚

240 2646 355 2680 dicens
365 2646 473 2682 de‘suo
486 2649 695 2685 Antecessore
706 2652 865 2688 Honorio
876 2678 887 2694 ‚
913 2654 1069 2688 damnato
1080 2653 1121 2687 ab

239 2696 487 2732 Orientalibus:
512 2702 667 2735 Sciendum
679 2701 717 2742 est
728 2727 738 2743 ,
764 2709 836 2745 quia
845 2702 935 2747 fitper
944 2702 1119 2745 haerefifue-

240 2755 294 2779 rat
302 2746 475 2790 accusatus,
496 2758 620 2793 propter
628 2762 719 2795 quam
730 2751 826 2796 solam
838 2755 952 2787 licitum
975 2753 1013 2793 est
1024 2757 1120 2787 Mino-

240 2795 326 2830 ribus
337 2799 483 2838 Majmm
495 2798 613 2843 suorum
637 2802 764 2835 motibus
787 2803 952 2845 refistena'l,
980 2804 1032 2838 vel
1046 2812 1120 2846 pra-

239 2857 298 2879 vos
304 2845 411 2890 sensus
423 2848 512 2884 libere*
521 2850 692 2894 respuendi.
721 2852 865 2897 Quaestio
877 2854 922 2888 est
933 2879 947 2896 ,
971 2853 1052 2898 quid
1064 2853 1120 2889 hic

240 2895 445 2942 intelligatur
466 2912 522 2943 per
541 2901 820 2948 reprehensionem
831 2915 868 2938 ac
880 2904 1089 2938 resistentiam
1106 2906 1119 2938 ἓ

243 2944 390 2992 Qidam
408 2951 541 2985 censent
553 2951 697 2996 intelligi
708 2953 811 2987 solam
823 2953 1011 2988 facultatem
1027 2965 1120 2989 accu-

246 2992 357 3036 fandi,
378 3008 433 3032 aut
457 2998 532 3034 sane
549 3002 582 3035 se
601 3001 765 3046 separandi
785 3003 827 3038 ab
846 3005 981 3039 errantis
992 3003 1118 3039 Praelati

245 3048 494 3083 communione.

249 3139 259 3148 ι
298 3091 490 3148 Respondeo
510 3110 621 3136 tamen
643 3103 787 3149 intelligi
807 3104 908 3139 etiam
929 3105 1118 3140 facultatem

248 3140 416 3184 judicandi
437 3171 445 3178 .
471 3149 620 3197 Qisque
646 3154 787 3197 privatus
814 3178 826 3194 ,
850 3155 948 3190 etiam
975 3155 1118 3195 Laicus,

249 3190 347 3249 poffit
367 3197 509 3232 accusare
519 3199 691 3237 Pnaelatum
712 3204 869 3245 similem,
894 3216 933 3241 ac
952 3204 1020 3249 ejus
1029 3216 1119 3240 com·

247 3244 608 3301 mumonexndeserere3
632 3252 760 3292 subdita
778 3264 888 3289 autem
900 3255 1054 3298 synodus
1065 3254 1118 3289 ha-

249 3289 306 3346 }’et
319 3291 549 3351 authoptatem
559 3299 650 3342 ipsius
660 3304 758 3340 etiam
768 3303 936 3347 judicandi
949 3330 956 3338 .
983 3305 1032 3341 Ita
1046 3305 1118 3340 sub·

248 3342 330 3383 Jesta
354 3341 567 3380 A⁰t¹0⁶he¹¹2
592 3350 742 3391 synodus
768 3355 937 3390 damnavit
962 3367 1000 3390 ac
1022 3355 1116 3398 ejecit

246 3390 343 3427 suum
361 3391 581 3432 Patriarcham
604 3397 740 3440 Paulum
767 3406 1046 3441 samosatensem.
1074 3405 1117 3440 Et

1178 263 1323 300 secundae
1333 263 1516 300 Germania
1524 287 1537 304 ,
1562 263 1731 299 damnavit
1739 270 1866 313 propria
1876 269 2029 315 synodus
2042 295 2050 304 .

1179 315 1270 350 Etde
1291 314 1411 350 Cosma
1422 312 1655 358 Epiphanienfi
1677 324 1715 349 ac
1724 314 1898 354 Severiano
1907 319 2052 356 Arethu-

1179 365 1214 398 sae
1226 364 1391 408 Episcopo
1402 389 1414 405 ,
1439 364 1548 399 Severi
1569 362 1762 399 Patriarchae
1773 365 1976 406 Antiocheni
1986 383 2053 406 rna-

1179 415 1295 450 nifesta
1315 411 1419 449 haerefi
1442 413 1593 455 offensis,
1619 412 1727 450 scribit
1738 414 1896 460 Evagrius
1912 419 2053 465 Epiphg.

1182 464 1319 500 nienfis:
1348 463 1472 508 Cosmus
1495 466 1717 500 &Severianus
1735 466 1867 507 primam
1882 464 2054 510 sedSeverr

1179 520 1373 549 communione
1378 514 1570 559 segregarunt
1582 539 1596 556 ‚
1620 515 1728 549 deinde
1745 515 1877 549 libellum
1896 516 2053 552 abdicatio-

1182 570 1229 598 nis
1239 567 1285 598 ad
1301 577 1368 599 eum
1378 570 1517 599 mittunt.
1549 565 1631 600 Non
1645 563 1921 600 estdubitandum
1937 590 1949 607 ,
1974 568 2056 610 quin

1182 614 1239 649 iste
1251 614 1380 650 libellus
1393 616 1488 651 fuerit
1500 614 1680 660 Synodalis
1690 639 1702 656 ,
1727 616 1886 652 formatus
1895 615 1937 651 ab
1947 616 2059 660 aliqua

1182 663 1335 705 synodo.
1361 665 1511 701 Similem
1529 665 1702 709 Synodum
1727 665 1837 701 laudat
1863 666 1999 712 antiqua
2024 667 2059 701 δε

1183 713 1371 751 authentica
1391 714 1598 759 Eutychiani
1620 717 1775 753 successus
1786 715 1964 757 Narratio,
1987 716 2061 750 scri-

1182 762 1260 797 bens
1274 765 1314 799 de
1323 765 1464 809 ejusdem
1475 765 1565 800 Sedis
1576 763 1760 801 Patriarcha
1775 766 1875 801 Petro
1896 766 2056 801 Fullone:

1183 815 1291 846 Petrus
1303 839 1314 854 ,
1335 813 1420 859 pulso
1440 819 1581 854 Martyria
1598 837 1609 854 ,
1633 816 1784 850 Catholico
1805 815 1951 861 Episcopo
1968 840 1980 858 ,
2002 825 2060 859 per

1181 863 1346 903 viliffimum
1362 866 1503 907 populum
1525 867 1560 900 Θ
1573 864 1728 899 baereticos
1750 868 1857 900 sedem
1880 865 1967 908 ipfius
1987 876 2063 900 occu-

1177 919 1270 955 pavit
1282 937 1294 953 ‚
1319 920 1508 959 continuoque
1528 914 1567 956 est
1590 916 1756 950 damnatus
1767 915 1805 948 ab
1815 914 1973 959 Epist-opis
1985 940 1996 956 ‚
2016 924 2063 949 at-

1181 974 1237 1006 que
1259 965 1279 995 ᾶ
1306 968 1399 998 Leone
1422 970 1602 1008 Imperatore
1613 965 1702 1009 Oafin
1723 967 1914 1009 deportatus.
1941 965 2064 1009 HuJus-

1182 1011 1454 1054 modiSynodale
1475 1015 1635 1055 judicium
1656 1016 1778 1062 praefati
1801 1015 1975 1053 Antistitcs
1994 1017 2064 1050 fue-

1181 1071 1258 1097 runt
1269 1061 1304 1095 in
1315 1063 1470 1101 Severum
1481 1065 1612 1095 executi
1625 1086 1634 1096 .

1232 1111 1391 1147 Noranda
1403 1119 1512 1145 tamen
1529 1111 1605 1145 sunt
1619 1112 1714 1146 verba
1725 1114 1864 1151 Charisii
1876 1130 1887 1151 .·
1914 1119 1996 1160 ,Qua
2007 1127 2064 1150 om-

1182 1166 1263 1195 nium
1277 1163 1312 1196 Θ
1326 1173 1414 1196 aures
1437 1163 1473 1195 &²
1482 1166 1595 1194 animos
1606 1158 1787 1201 offendant„
1803 1164 1877 1196 Effe
1887 1164 1986 1200 debet
1998 1175 2064 1199 ma-

1184 1211 1299 1247 nifesta
1313 1211 1437 1246 haerefis
1450 1235 1458 1244 .
1485 1211 1520 1246 Si
1541 1210 1642 1245 dubia
1661 1211 1698 1245 fit
1719 1211 1752 1245 &
1765 1209 1959 1255 palliabilis,
1984 1224 2067 1255 opus

1183 1262 1228 1297 est
1256 1262 1372 1306 praevia
1399 1261 1577 1297 Relatione
1602 1261 1644 1296 ad
1671 1260 1789 1296 Sedem
1817 1260 2070 1305 Apostolicam,

1183 1312 1278 1347 Hinc
1304 1312 1506 1357 Dionysium
1530 1335 1542 1353 ,
1577 1312 1672 1347 suum
1698 1309 1908 1346 Alexandriae
1933 1311 2071 1346 Patriar·

1178 1361 1302 1403 cham,
1330 1362 1587 1407 Pentapolitanae
1610 1361 1794 1397 Provinciae
1816 1361 1971 1406 Episcopi
1997 1373 2070 1396 non.

1183 1413 1441 1457 presumpserunt
1466 1412 1621 1447 damnare
1643 1437 1655 1454 ,
1682 1412 1735 1447 scd
1762 1413 1954 1447 accusarunt
1980 1410 2069 1456 apud

1183 1463 1384 1507 Dionysium
1397 1463 1599 1500 Pontificem
1610 1477 1621 1496 .·
1648 1462 1754 1511 Qod
1766 1473 1884 1506 nempe
1902 1462 1970 1506 ejus
1980 1473 2070 1497 error

1182 1515 1258 1548 esset
1270 1511 1410 1556 dubius,
1436 1524 1506 1549 non
1524 1514 1735 1549 manifestus.
1764 1512 1889 1548 Eadem
1909 1512 1951 1547 de
1973 1512 2068 1547 causa

1184 1561 1355 1603 Jubajanus
1367 1588 1379 1602 ‚
1407 1563 1586 1608 Pompejus
1597 1589 1608 1605 ,
1628 1563 1751 1608 aliique
1762 1575 1818 1607 per
1830 1562 1980 1598 Africam
1994 1562 2069 1605 Epi-

1183 1610 1271 1652 scopi
1283 1611 1375 1644 suum
1387 1609 1568 1645 Primatem
1581 1613 1789 1654 Cyprianum
1799 1637 1810 1651 ‚
1839 1625 1935 1654 prava
1957 1613 1999 1646 de
2011 1612 2069 1645 Ba-

1184 1656 1333 1697 ptismate
1354 1660 1551 1695 docentem,
1577 1668 1646 1690 non
1671 1659 1858 1693 invaserunt
1871 1683 1883 1699 ,
1908 1659 1962 1693 sed
1976 1660 2069 1693 detu-

1183 1703 1291 1738 lerunt
1315 1703 1400 1748 apud
1413 1703 1615 1747 Stephanum
1631 1703 1755 1748 Papam
1765 1729 1776 1745 ‚
1802 1708 1893 1749 quod
1904 1708 1972 1749 ejus
1981 1719 2069 1742 error

1183 1751 1316 1789 haberet
1326 1753 1450 1799 aliquid
1462 1754 1686 1789 fundamenti.
1711 1754 1795 1789 Item
1807 1755 1886 1789 dum
1898 1766 1983 1790 error
1992 1759 2070 1792 effer

1183 1804 1325 1844 dubius,
1351 1803 1486 1847 subjecta
1497 1804 1652 1848 synodus
1677 1806 1799 1849 semper
1810 1804 1869 1839 sibi
1892 1807 2070 1841 adsociavit

1183 1854 1326 1898 aliquem
1348 1855 1523 1897 aequalem,
1548 1864 1605 1889 aut
1626 1854 1726 1889 etiam
1749 1855 1906 1898 majorem
1931 1867 1986 1891 reo
1997 1857 2070 1891 Me-

1184 1904 1338 1948 tropolita
1348 1930 1360 1946 ,
1387 1905 1566 1940 Primatem
1576 1929 1588 1946 ,
1601 1915 1659 1940 aut
1670 1903 1909 1939 Patriarcham.
1937 1907 1987 1941 lta
1999 1907 2068 1942 An-

1184 1953 1338 1990 tiochena
1352 1954 1507 1999 synodus
1525 1963 1641 1990 contra
1664 1954 1806 1990 Paulum
1828 1954 2068 1998 Patriarcham,

1184 2006 1361 2048 processura
1373 2004 1414 2040 ad
1424 2005 1628 2041 definitivam
1651 2006 1868 2047 sententiam,
1893 2005 2000 2042 adesse
2013 2017 2068 2041 vo-

1189 2055 1249 2089 luit
1261 2055 1462 2099 Dionysium
1482 2054 1706 2091 Patriarcham
1717 2056 1981 2092 Alexandrinum
1991 2081 2002 2098 ,
2030 2068 2068 2093 ac

1186 2106 1263 2139 item
1280 2105 1511 2141 Firmilianum
1535 2106 1776 2145 Caesaraeensem
1800 2106 1835 2141 in
1857 2106 2067 2152 Cappadocia

1189 2154 1412 2199 Episcopum,
1438 2154 1626 2191 Exarchum
1636 2156 1992 2193 PonticaeDioecefios.
2023 2157 2067 2191 Et

1186 2205 1277 2238 suum
1296 2204 1456 2247 judicium
1485 2217 1568 2241 mox
1580 2205 1693 2242 retulit
1714 2207 1755 2243 ad
1767 2206 1883 2243 Sedem
1894 2207 2067 2251 Apostoli-

1185 2264 1276 2288 cam.
1303 2254 1358 2288 Ex
1384 2253 1496 2289 eadem
1523 2256 1636 2301 regula
1659 2255 1867 2292 Colonienfis
1893 2257 2068 2300 Synodus,

1186 2304 1314 2339 missura
1325 2304 1546 2339 damnationis
1558 2316 1695 2340 manum
1716 2306 1752 2340 in
1763 2307 1858 2341 suum
1867 2306 2066 2351 Metropolir

1185 2364 1252 2388 tam
1263 2353 1465 2399 Euphratam
1478 2379 1490 2396 ,
1515 2354 1573 2390 fibi
1582 2354 1733 2399 adjunxit
1744 2356 1973 2392 Maximinum
1982 2355 2069 2393 Tre.

1186 2405 1350 2440 verensem
1367 2430 1378 2446 ,
1405 2405 1440 2440 &
1451 2403 1669 2441 Valentinum
1689 2407 1942 2452 Metropolitam
1953 2407 2065 2443 Arela-

1185 2454 1330 2491 tensem.
1357 2456 1402 2491 Et
1421 2467 1464 2490 ex
1473 2454 1539 2491 hoc
1559 2458 1655 2492 fonte
1666 2458 1762 2500 poffit
1782 2457 1934 2501 prodiisse
1948 2457 2065 2493 Arabi·

1184 2515 1241 2538 cus
1253 2505 1371 2539 Canon
1380 2529 1391 2545 ‚
1404 2505 1562 2539 mandans
1573 2505 1795 2541 patriarcham
1805 2518 1861 2543 aut
1870 2507 2067 2552 Metropoli-

1185 2564 1251 2588 tam
1271 2565 1341 2588 non
1361 2553 1519 2598 judicati,
1547 2554 1605 2589 nisi
1629 2556 1780 2599 praesente
1798 2557 1866 2593 alio
1878 2555 2065 2593 Patriarcha.

1183 2613 1238 2638 aut
1263 2603 1496 2647 Metropolita.
1524 2604 1628 2652 Qod
1646 2603 1852 2641 observatum
1865 2607 1993 2647 voluit,
2018 2617 2066 2642 et·

1183 2654 1249 2688 iam
1269 2653 1349 2689 dum
1369 2653 1584 2698 Metropolita
1603 2652 1798 2698 judicaretur
1819 2656 1839 2690 a
1851 2657 1910 2692 suo
1925 2656 2064 2692 Patriar-

1182 2701 1244 2741 cha
1265 2728 1274 2737 .
1302 2703 1444 2738 Praefatae
1462 2703 1664 2748 exceptionis
1689 2705 1773 2740 ratio
1792 2705 1838 2740 est
1862 2706 1947 2741 clara
1969 2731 1977 2739 .
2006 2706 2061 2741 Et-

1181 2754 1271 2789 enim
1294 2753 1463 2789 manifeste
1473 2753 1636 2790 haereticus
1658 2756 1867 2801 semetipsum
1878 2756 2062 2791 damnatae

1182 2803 1337 2849 degradat
1350 2829 1358 2837 .
1385 2803 1441 2838 Est
1454 2816 1538 2849 opus
1558 2816 1628 2840 non
1638 2803 1764 2848 judicio
1777 2830 1787 2846 ,
1814 2806 1869 2841 sed
1882 2807 1948 2841 sola
1959 2805 2062 2840 decla-

1182 2855 1310 2889 ratione
1329 2865 1368 2889 ac
1390 2855 1606 2890 executione.
1633 2855 1734 2890 Hanc
1758 2857 1913 2891 Canones
1938 2857 2061 2901 semper

1181 2905 1394 2948 permiserunt
1403 2906 1503 2940 ctiam
1516 2904 1661 2948 subjecta
1672 2905 1812 2950 Synodo
1822 2929 1829 2938 .

1230 2954 1356 2990 Eadem
1369 2956 1432 2990 fuit
1444 2955 1527 2990 ratio
1539 2954 1580 2992 de
1594 2965 1727 2999 peccato
1739 2955 1947 2990 idololatrix.
1961 2954 2056 2990 Hinc

1180 3005 1269 3040 enim
1282 3005 1472 3041 Martialem
1484 3006 1720 3041 Emeritensem
1742 3005 1959 3048 Episcopum,
1985 3005 2059 3040 Me-

1181 3055 1374 3099 tropolitam
1386 3055 1559 3091 Lusitaniae
1570 3080 1581 3096 ‚
1603 3054 1728 3099 propria
1739 3053 1894 3098 Synodus
1903 3054 2059 3100 degrada-

1180 3106 1245 3140 vit.
1270 3105 1304 3140 Si
1326 3116 1434 3141 tamen
1456 3104 1796 3148 fueritMetropolita.
1824 3104 1957 3140 Etenim
1976 3106 2057 3140 Fer-

1178 3155 1344 3191 dinandus
1365 3155 1554 3195 Mendoza,
1579 3154 1720 3197 Ioannes
1741 3153 1895 3190 Mariana
1913 3179 1924 3195 ,
1949 3165 1987 3189 ac
1998 3155 2055 3189 alii

1179 3205 1432 3250 Hispanicacum
1454 3215 1560 3239 rerum
1573 3204 1861 3248 periti‚affirmant
1883 3204 1984 3249 usquc
2013 3202 2055 3240 ad

1178 3256 1383 3301 Imperatoris
1405 3253 1621 3289 Constantini
1642 3264 1790 3299 tempora
1802 3255 1958 3290 nullosin
1978 3254 2056 3289 His-

1179 3307 1274 3351 pania
1287 3306 1378 3341 fuiffe
1389 3305 1667 3349 Metropolitanos
1679 3305 1860 3349 Episcopos
1869 3330 1881 3347 ‚
1908 3305 1962 3340 sed
1974 3306 2053 3340 tunc

1179 3356 1250 3391 istic
1262 3356 1395 3400 viguisse
1404 3353 1633 3390 Hierarchiam
1644 3345 1835 3390 Africanam
1847 3380 1858 3397 ‚
1883 3366 1953 3399 quae
1967 3365 2054 3389 acce·

1183 3418 1243 3451 ptae
1264 3406 1527 3442 Consecrationis
1538 3414 1638 3441 *aetate
1649 3406 1807 3443 seniorem
1819 3405 1957 3442 faciebat
1977 3403 2052 3436 Pti-

1933 3463 2000 3488 ma·
