<?xml version="1.0" encoding="UTF-8"?>
<!DOCTYPE html PUBLIC "-//W3C//DTD XHTML 1.0 Transitional//EN"
    "http://www.w3.org/TR/xhtml1/DTD/xhtml1-transitional.dtd">
<html xmlns="http://www.w3.org/1999/xhtml" xml:lang="en" lang="en">
 <head>
  <title>
</title>
<meta http-equiv="Content-Type" content="text/html;charset=utf-8" />
  <meta name='ocr-system' content='tesseract 3.04.00' />
  <meta name='ocr-capabilities' content='ocr_page ocr_carea ocr_par ocr_line ocrx_word'/>
</head>
<body>
  <div class='ocr_page' id='page_1' title='image "./operaomniastudio08lupuuoft_0187.png"; bbox 0 0 2326 3718; ppageno 0'>
   <div class='ocr_carea' id='block_1_1' title="bbox 667 111 1565 175">
    <p class='ocr_par' dir='ltr' id='par_1_1' title="bbox 667 111 1565 175">
     <span class='ocr_line' id='line_1_1' title="bbox 667 111 1565 175; baseline -0.003 -9"><span class='ocrx_word' id='word_1_1' title='bbox 667 119 945 168; x_wconf 73' lang='lat' dir='ltr'><em>ROMANIS</em></span> <span class='ocrx_word' id='word_1_2' title='bbox 979 111 1565 175; x_wconf 65' lang='lat' dir='ltr'><em>Apitttmromnus.</em></span> 
     </span>
    </p>
   </div>
   <div class='ocr_carea' id='block_1_2' title="bbox 202 201 1084 298">
    <p class='ocr_par' dir='ltr' id='par_1_2' title="bbox 202 201 1084 298">
     <span class='ocr_line' id='line_1_2' title="bbox 213 201 1084 247; baseline -0.003 -7"><span class='ocrx_word' id='word_1_3' title='bbox 213 213 279 242; x_wconf 79' lang='lat' dir='ltr'><em>tare</em></span> <span class='ocrx_word' id='word_1_4' title='bbox 287 206 416 243; x_wconf 82' lang='lat' dir='ltr'><em>debetis.</em></span> <span class='ocrx_word' id='word_1_5' title='bbox 443 201 588 241; x_wconf 66' lang='lat' dir='ltr'><em>Proinde</em></span> <span class='ocrx_word' id='word_1_6' title='bbox 601 202 761 241; x_wconf 86' lang='lat' dir='ltr'><em>Patricius</em></span> <span class='ocrx_word' id='word_1_7' title='bbox 772 205 805 240; x_wconf 77' lang='grc' dir='ltr'><em>δε</em></span> <span class='ocrx_word' id='word_1_8' title='bbox 814 203 936 239; x_wconf 87' lang='lat' dir='ltr'><em>Comes</em></span> <span class='ocrx_word' id='word_1_9' title='bbox 949 214 1016 238; x_wconf 90' lang='lat' dir='ltr'><em>non</em></span> <span class='ocrx_word' id='word_1_10' title='bbox 1029 213 1084 247; x_wconf 88' lang='lat' dir='ltr'><em>po-</em></span> 
     </span>
     <span class='ocr_line' id='line_1_3' title="bbox 202 252 1084 298; baseline -0.007 -6"><span class='ocrx_word' id='word_1_11' title='bbox 202 268 294 293; x_wconf 86' lang='lat' dir='ltr'><em>-terat</em></span> <span class='ocrx_word' id='word_1_12' title='bbox 306 269 373 293; x_wconf 87' lang='lat' dir='ltr'><em>non</em></span> <span class='ocrx_word' id='word_1_13' title='bbox 393 257 456 290; x_wconf 78' lang='lat' dir='ltr'><em>effe</em></span> <span class='ocrx_word' id='word_1_14' title='bbox 465 256 639 291; x_wconf 87' lang='lat' dir='ltr'><em>Romanus</em></span> <span class='ocrx_word' id='word_1_15' title='bbox 648 282 655 289; x_wconf 94' lang='lat'>.</span> <span class='ocrx_word' id='word_1_16' title='bbox 683 257 728 290; x_wconf 89' lang='lat' dir='ltr'><em>Et</em></span> <span class='ocrx_word' id='word_1_17' title='bbox 738 255 774 289; x_wconf 89' lang='lat' dir='ltr'><em>in</em></span> <span class='ocrx_word' id='word_1_18' title='bbox 794 253 858 288; x_wconf 78' lang='lat' dir='ltr'><em>alia</em></span> <span class='ocrx_word' id='word_1_19' title='bbox 865 254 999 298; x_wconf 85' lang='lat' dir='ltr'><em>epistola</em></span> <span class='ocrx_word' id='word_1_20' title='bbox 1011 252 1084 288; x_wconf 88' lang='lat' dir='ltr'><em>scri-</em></span> 
     </span>
    </p>
   </div>
   <div class='ocr_carea' id='block_1_3' title="bbox 40 289 1082 349">
    <p class='ocr_par' dir='ltr' id='par_1_3' title="bbox 40 289 1082 349">
     <span class='ocr_line' id='line_1_4' title="bbox 40 289 1082 349; baseline -0.008 -5"><span class='ocrx_word' id='word_1_21' title='bbox 40 289 126 330; x_wconf 62' lang='lat' dir='ltr'><em>Epist&#39;</em></span> <span class='ocrx_word' id='word_1_22' title='bbox 147 293 192 328; x_wconf 77' lang='lat'><em>⁶9⁶</em></span> <span class='ocrx_word' id='word_1_23' title='bbox 213 309 280 344; x_wconf 89' lang='lat' dir='ltr'><em>bit:</em></span> <span class='ocrx_word' id='word_1_24' title='bbox 305 307 395 341; x_wconf 84' lang='lat' dir='ltr'><em>Dulce</em></span> <span class='ocrx_word' id='word_1_25' title='bbox 404 305 461 347; x_wconf 81' lang='lat' dir='ltr'><em>est,</em></span> <span class='ocrx_word' id='word_1_26' title='bbox 481 305 550 348; x_wconf 85' lang='lat' dir='ltr'><em>fibi</em></span> <span class='ocrx_word' id='word_1_27' title='bbox 557 318 630 349; x_wconf 83' lang='lat' dir='ltr'><em>quos</em></span> <span class='ocrx_word' id='word_1_28' title='bbox 653 307 768 339; x_wconf 67' lang='lat' dir='ltr'><em>militia</em></span> <span class='ocrx_word' id='word_1_29' title='bbox 772 302 931 347; x_wconf 86' lang='lat' dir='ltr'><em>fascibus,</em></span> <span class='ocrx_word' id='word_1_30' title='bbox 958 305 1082 346; x_wconf 75' lang='lat' dir='ltr'><em>&amp;pecu-</em></span> 
     </span>
    </p>
   </div>
   <div class='ocr_carea' id='block_1_4' title="bbox 204 355 1082 750">
    <p class='ocr_par' dir='ltr' id='par_1_4' title="bbox 204 355 1082 750">
     <span class='ocr_line' id='line_1_5' title="bbox 209 355 1082 401; baseline -0.009 -8"><span class='ocrx_word' id='word_1_31' title='bbox 209 361 295 394; x_wconf 83' lang='lat' dir='ltr'><em>liaris</em></span> <span class='ocrx_word' id='word_1_32' title='bbox 302 362 414 401; x_wconf 77' lang='lat' dir='ltr'><em>gratia</em></span> <span class='ocrx_word' id='word_1_33' title='bbox 420 361 534 399; x_wconf 83' lang='lat' dir='ltr'><em>pietate</em></span> <span class='ocrx_word' id='word_1_34' title='bbox 553 355 700 399; x_wconf 81' lang='lat' dir='ltr'><em>sustollitis</em></span> <span class='ocrx_word' id='word_1_35' title='bbox 710 380 722 397; x_wconf 93' lang='lat'>,</span> <span class='ocrx_word' id='word_1_36' title='bbox 745 364 816 397; x_wconf 82' lang='lat' dir='ltr'><em>quot</em></span> <span class='ocrx_word' id='word_1_37' title='bbox 828 360 860 388; x_wconf 82' lang='lat' dir='ltr'><em>in</em></span> <span class='ocrx_word' id='word_1_38' title='bbox 871 359 1011 388; x_wconf 78' lang='lat' dir='ltr'><em>extremis</em></span> <span class='ocrx_word' id='word_1_39' title='bbox 1026 361 1082 386; x_wconf 88' lang='lat' dir='ltr'><em>ter-</em></span> 
     </span>
     <span class='ocr_line' id='line_1_6' title="bbox 209 404 1082 450; baseline -0.01 -7"><span class='ocrx_word' id='word_1_40' title='bbox 209 419 311 443; x_wconf 81' lang='lat' dir='ltr'><em>rarum</em></span> <span class='ocrx_word' id='word_1_41' title='bbox 316 406 457 450; x_wconf 88' lang='lat' dir='ltr'><em>partibus</em></span> <span class='ocrx_word' id='word_1_42' title='bbox 466 407 544 440; x_wconf 84' lang='lat' dir='ltr'><em>aulae</em></span> <span class='ocrx_word' id='word_1_43' title='bbox 559 408 699 450; x_wconf 84' lang='lat' dir='ltr'><em>pollentis</em></span> <span class='ocrx_word' id='word_1_44' title='bbox 721 404 923 445; x_wconf 82' lang='lat' dir='ltr'><em>contubernio,</em></span> <span class='ocrx_word' id='word_1_45' title='bbox 952 405 1082 438; x_wconf 74' lang='lat' dir='ltr'><em>&amp;vene-</em></span> 
     </span>
     <span class='ocr_line' id='line_1_7' title="bbox 209 450 1082 499; baseline -0.008 -7"><span class='ocrx_word' id='word_1_46' title='bbox 209 458 307 492; x_wconf 85' lang='lat' dir='ltr'><em>randa</em></span> <span class='ocrx_word' id='word_1_47' title='bbox 326 461 454 491; x_wconf 83' lang='lat' dir='ltr'><em>Romani</em></span> <span class='ocrx_word' id='word_1_48' title='bbox 475 462 603 490; x_wconf 87' lang='lat' dir='ltr'><em>nominis</em></span> <span class='ocrx_word' id='word_1_49' title='bbox 615 459 845 499; x_wconf 73' lang='lat' dir='ltr'><em>participatione</em></span> <span class='ocrx_word' id='word_1_50' title='bbox 863 456 970 488; x_wconf 87' lang='lat' dir='ltr'><em>ditatis</em></span> <span class='ocrx_word' id='word_1_51' title='bbox 981 477 994 495; x_wconf 90' lang='lat'>‚</span> <span class='ocrx_word' id='word_1_52' title='bbox 1015 450 1082 496; x_wconf 87' lang='lat' dir='ltr'><em>spe-</em></span> 
     </span>
     <span class='ocr_line' id='line_1_8' title="bbox 207 504 1081 550; baseline -0.009 -8"><span class='ocrx_word' id='word_1_53' title='bbox 207 508 323 542; x_wconf 80' lang='lat' dir='ltr'><em>cialiter</em></span> <span class='ocrx_word' id='word_1_54' title='bbox 361 508 452 541; x_wconf 81' lang='lat' dir='ltr'><em>audia</em></span> <span class='ocrx_word' id='word_1_55' title='bbox 472 507 577 549; x_wconf 72' lang='lat' dir='ltr'><em>velim</em></span> <span class='ocrx_word' id='word_1_56' title='bbox 585 509 788 540; x_wconf 78' lang='lat' dir='ltr'><em>Perennitatis</em></span> <span class='ocrx_word' id='word_1_57' title='bbox 810 504 988 550; x_wconf 70' lang='lat' dir='ltr'><em>agnosiant,</em></span> <span class='ocrx_word' id='word_1_58' title='bbox 1014 512 1081 545; x_wconf 81' lang='lat' dir='ltr'><em>quae</em></span> 
     </span>
     <span class='ocr_line' id='line_1_9' title="bbox 204 553 1081 603; baseline -0.009 -12"><span class='ocrx_word' id='word_1_59' title='bbox 204 559 328 603; x_wconf 87' lang='lat' dir='ltr'><em>general</em></span> <span class='ocrx_word' id='word_1_60' title='bbox 352 569 384 592; x_wconf 91' lang='lat' dir='ltr'><em>er</em></span> <span class='ocrx_word' id='word_1_61' title='bbox 392 557 505 592; x_wconf 67' lang='lat' dir='ltr'><em>cunffls</em></span> <span class='ocrx_word' id='word_1_62' title='bbox 517 556 610 598; x_wconf 86' lang='lat' dir='ltr'><em>fama</em></span> <span class='ocrx_word' id='word_1_63' title='bbox 630 555 807 589; x_wconf 86' lang='lat' dir='ltr'><em>concelebrat</em></span> <span class='ocrx_word' id='word_1_64' title='bbox 821 580 828 587; x_wconf 90' lang='lat'>.</span> <span class='ocrx_word' id='word_1_65' title='bbox 855 561 954 589; x_wconf 76' lang='lat' dir='ltr'><em>Ornat</em></span> <span class='ocrx_word' id='word_1_66' title='bbox 972 553 1081 596; x_wconf 72' lang='lat' dir='ltr'><em>quippe</em></span> 
     </span>
     <span class='ocr_line' id='line_1_10' title="bbox 208 603 1080 650; baseline -0.009 -8"><span class='ocrx_word' id='word_1_67' title='bbox 208 613 332 650; x_wconf 82' lang='lat' dir='ltr'><em>Imperii</em></span> <span class='ocrx_word' id='word_1_68' title='bbox 353 607 442 648; x_wconf 81' lang='lat' dir='ltr'><em>vestri</em></span> <span class='ocrx_word' id='word_1_69' title='bbox 470 606 699 648; x_wconf 83' lang='lat' dir='ltr'><em>amplitudinem</em></span> <span class='ocrx_word' id='word_1_70' title='bbox 722 606 923 649; x_wconf 78' lang='lat' dir='ltr'><em>longinquitas</em></span> <span class='ocrx_word' id='word_1_71' title='bbox 949 603 1080 638; x_wconf 79' lang='lat' dir='ltr'><em>subdito·</em></span> 
     </span>
     <span class='ocr_line' id='line_1_11' title="bbox 207 651 1082 700; baseline -0.01 -8"><span class='ocrx_word' id='word_1_72' title='bbox 207 670 274 692; x_wconf 87' lang='lat' dir='ltr'><em>rum</em></span> <span class='ocrx_word' id='word_1_73' title='bbox 283 683 293 700; x_wconf 83' lang='lat'><em>,</em></span> <span class='ocrx_word' id='word_1_74' title='bbox 320 660 353 692; x_wconf 61' lang='grc' dir='ltr'><em>ὠ·</em></span> <span class='ocrx_word' id='word_1_75' title='bbox 365 652 538 699; x_wconf 69' lang='lat' dir='ltr'><em>dfflffinem</em></span> <span class='ocrx_word' id='word_1_76' title='bbox 549 656 739 697; x_wconf 74' lang='lat' dir='ltr'><em>Rei-publicae</em></span> <span class='ocrx_word' id='word_1_77' title='bbox 750 654 853 695; x_wconf 58' lang='lat' dir='ltr'><em>vestra</em></span> <span class='ocrx_word' id='word_1_78' title='bbox 864 656 959 699; x_wconf 81' lang='lat' dir='ltr'><em>afferit</em></span> <span class='ocrx_word' id='word_1_79' title='bbox 971 677 982 694; x_wconf 88' lang='lat'>‚</span> <span class='ocrx_word' id='word_1_80' title='bbox 1004 651 1082 695; x_wconf 78' lang='lat' dir='ltr'><em>quad</em></span> 
     </span>
     <span class='ocr_line' id='line_1_12' title="bbox 208 703 1080 750; baseline -0.01 -7"><span class='ocrx_word' id='word_1_81' title='bbox 208 710 349 743; x_wconf 73' lang='lat' dir='ltr'><em>remotius</em></span> <span class='ocrx_word' id='word_1_82' title='bbox 366 707 539 750; x_wconf 84' lang='lat' dir='ltr'><em>paffidemur</em></span> <span class='ocrx_word' id='word_1_83' title='bbox 559 731 566 738; x_wconf 95' lang='lat'><strong><em>.</em></strong></span> <span class='ocrx_word' id='word_1_84' title='bbox 592 705 658 741; x_wconf 88' lang='lat' dir='ltr'><em>Sub</em></span> <span class='ocrx_word' id='word_1_85' title='bbox 679 703 744 739; x_wconf 84' lang='lat' dir='ltr'><em>ho⁸c</em></span> <span class='ocrx_word' id='word_1_86' title='bbox 767 716 868 739; x_wconf 86' lang='lat' dir='ltr'><em>onere</em></span> <span class='ocrx_word' id='word_1_87' title='bbox 886 703 1080 738; x_wconf 82' lang='lat' dir='ltr'><em>Clodovaeus</em></span> 
     </span>
    </p>
   </div>
   <div class='ocr_carea' id='block_1_5' title="bbox 34 753 1082 803">
    <p class='ocr_par' dir='ltr' id='par_1_5' title="bbox 34 753 1082 803">
     <span class='ocr_line' id='line_1_13' title="bbox 34 753 1082 803; baseline -0.007 -10"><span class='ocrx_word' id='word_1_88' title='bbox 34 756 112 781; x_wconf 72' lang='lat'><em>²⁰²⁰</em></span> <span class='ocrx_word' id='word_1_89' title='bbox 128 756 193 785; x_wconf 85' lang='lat'><em>517·</em></span> <span class='ocrx_word' id='word_1_90' title='bbox 206 757 379 803; x_wconf 82' lang='lat' dir='ltr'><em>acquisivit</em></span> <span class='ocrx_word' id='word_1_91' title='bbox 399 755 625 801; x_wconf 85' lang='lat' dir='ltr'><em>Burgundiam</em></span> <span class='ocrx_word' id='word_1_92' title='bbox 645 779 657 796; x_wconf 90' lang='lat'><strong>,</strong></span> <span class='ocrx_word' id='word_1_93' title='bbox 681 755 716 789; x_wconf 91' lang='lat'>&amp;</span> <span class='ocrx_word' id='word_1_94' title='bbox 737 753 966 789; x_wconf 75' lang='lat' dir='ltr'>childebertus</span> <span class='ocrx_word' id='word_1_95' title='bbox 983 754 1082 796; x_wconf 69' lang='lat' dir='ltr'><em>poue-</em></span> 
     </span>
    </p>
   </div>
   <div class='ocr_carea' id='block_1_6' title="bbox 204 804 1092 2288">
    <p class='ocr_par' dir='ltr' id='par_1_6' title="bbox 204 804 1091 1794">
     <span class='ocr_line' id='line_1_14' title="bbox 208 804 1082 849; baseline -0.011 -5"><span class='ocrx_word' id='word_1_96' title='bbox 208 809 258 845; x_wconf 83' lang='lat' dir='ltr'><em>dit</em></span> <span class='ocrx_word' id='word_1_97' title='bbox 268 833 276 841; x_wconf 93' lang='lat'><strong>.</strong></span> <span class='ocrx_word' id='word_1_98' title='bbox 303 807 396 840; x_wconf 90' lang='lat' dir='ltr'><em>Hinc</em></span> <span class='ocrx_word' id='word_1_99' title='bbox 409 806 449 840; x_wconf 89' lang='lat' dir='ltr'><em>de</em></span> <span class='ocrx_word' id='word_1_100' title='bbox 460 806 529 849; x_wconf 86' lang='lat' dir='ltr'><em>ipso</em></span> <span class='ocrx_word' id='word_1_101' title='bbox 540 805 650 840; x_wconf 80' lang='lat' dir='ltr'><em>scribit</em></span> <span class='ocrx_word' id='word_1_102' title='bbox 661 804 773 838; x_wconf 84' lang='lat' dir='ltr'><em>Abbas</em></span> <span class='ocrx_word' id='word_1_103' title='bbox 785 804 919 848; x_wconf 85' lang='lat' dir='ltr'><em>Regino</em></span> <span class='ocrx_word' id='word_1_104' title='bbox 930 815 938 836; x_wconf 76' lang='lat' dir='ltr'><em>t</em></span> <span class='ocrx_word' id='word_1_105' title='bbox 965 806 1082 835; x_wconf 83' lang='lat' dir='ltr'><em>Mauri-</em></span> 
     </span>
     <span class='ocr_line' id='line_1_15' title="bbox 207 855 1081 900; baseline -0.01 -7"><span class='ocrx_word' id='word_1_106' title='bbox 207 865 270 894; x_wconf 83' lang='lat' dir='ltr'><em>tius</em></span> <span class='ocrx_word' id='word_1_107' title='bbox 281 861 445 900; x_wconf 81' lang='lat' dir='ltr'><em>Imperator</em></span> <span class='ocrx_word' id='word_1_108' title='bbox 455 855 641 889; x_wconf 75' lang='lat' dir='ltr'><em>childeberto</em></span> <span class='ocrx_word' id='word_1_109' title='bbox 651 858 725 898; x_wconf 78' lang='lat' dir='ltr'><em>Regi</em></span> <span class='ocrx_word' id='word_1_110' title='bbox 737 856 920 890; x_wconf 73' lang='lat' dir='ltr'><em>Francorum</em></span> <span class='ocrx_word' id='word_1_111' title='bbox 941 859 1081 896; x_wconf 80' lang='lat' dir='ltr'><em>quinqua-</em></span> 
     </span>
     <span class='ocr_line' id='line_1_16' title="bbox 204 903 1081 956; baseline -0.009 -14"><span class='ocrx_word' id='word_1_112' title='bbox 204 915 293 956; x_wconf 82' lang='lat' dir='ltr'><em>ginta</em></span> <span class='ocrx_word' id='word_1_113' title='bbox 304 907 400 941; x_wconf 75' lang='lat' dir='ltr'><em>milita</em></span> <span class='ocrx_word' id='word_1_114' title='bbox 411 908 431 939; x_wconf 88' lang='lat'><em>5</em></span> <span class='ocrx_word' id='word_1_115' title='bbox 432 906 573 939; x_wconf 87' lang='lat' dir='ltr'><em>olidarum</em></span> <span class='ocrx_word' id='word_1_116' title='bbox 592 913 648 947; x_wconf 88' lang='lat' dir='ltr'><em>per</em></span> <span class='ocrx_word' id='word_1_117' title='bbox 653 903 723 947; x_wconf 89' lang='lat' dir='ltr'><em>suas</em></span> <span class='ocrx_word' id='word_1_118' title='bbox 738 908 866 948; x_wconf 81' lang='lat' dir='ltr'><em>Legatos</em></span> <span class='ocrx_word' id='word_1_119' title='bbox 879 905 992 939; x_wconf 72' lang='lat' dir='ltr'><em>direxit</em></span> <span class='ocrx_word' id='word_1_120' title='bbox 1002 927 1012 943; x_wconf 94' lang='lat'><strong>,</strong></span> <span class='ocrx_word' id='word_1_121' title='bbox 1031 910 1081 943; x_wconf 89' lang='lat' dir='ltr'><em>pe-</em></span> 
     </span>
     <span class='ocr_line' id='line_1_17' title="bbox 207 953 1083 1000; baseline -0.014 -6"><span class='ocrx_word' id='word_1_122' title='bbox 207 970 276 994; x_wconf 66' lang='lat' dir='ltr'><em>tens</em></span> <span class='ocrx_word' id='word_1_123' title='bbox 289 968 321 991; x_wconf 84' lang='lat' dir='ltr'><em>ut</em></span> <span class='ocrx_word' id='word_1_124' title='bbox 332 953 537 1000; x_wconf 74' lang='lat' dir='ltr'><em>Langobardos</em></span> <span class='ocrx_word' id='word_1_125' title='bbox 548 955 585 986; x_wconf 83' lang='lat' dir='ltr'><em>de</em></span> <span class='ocrx_word' id='word_1_126' title='bbox 595 954 687 986; x_wconf 83' lang='lat' dir='ltr'><em>Italia</em></span> <span class='ocrx_word' id='word_1_127' title='bbox 696 958 910 986; x_wconf 77' lang='lat' dir='ltr'><em>exterminaret</em></span> <span class='ocrx_word' id='word_1_128' title='bbox 922 976 930 985; x_wconf 86' lang='lat'>.</span> <span class='ocrx_word' id='word_1_129' title='bbox 943 954 1010 999; x_wconf 68' lang='lat' dir='ltr'><em>‚Qui</em></span> <span class='ocrx_word' id='word_1_130' title='bbox 1018 962 1083 984; x_wconf 85' lang='lat' dir='ltr'><em>cum</em></span> 
     </span>
     <span class='ocr_line' id='line_1_18' title="bbox 208 1001 1085 1045; baseline -0.014 -1"><span class='ocrx_word' id='word_1_131' title='bbox 208 1013 339 1044; x_wconf 82' lang='lat' dir='ltr'><em>Francis</em></span> <span class='ocrx_word' id='word_1_132' title='bbox 358 1007 482 1038; x_wconf 83' lang='lat' dir='ltr'><em>ltaliam</em></span> <span class='ocrx_word' id='word_1_133' title='bbox 503 1009 618 1036; x_wconf 82' lang='lat' dir='ltr'><em>intrat.</em></span> <span class='ocrx_word' id='word_1_134' title='bbox 646 1001 832 1045; x_wconf 71' lang='lat' dir='ltr'><em>Langobardi</em></span> <span class='ocrx_word' id='word_1_135' title='bbox 854 1007 880 1035; x_wconf 78' lang='lat' dir='ltr'><em>et·</em></span> <span class='ocrx_word' id='word_1_136' title='bbox 903 1006 1085 1034; x_wconf 81' lang='lat' dir='ltr'><em>muneram-</em></span> 
     </span>
     <span class='ocr_line' id='line_1_19' title="bbox 208 1050 1082 1095; baseline -0.006 -7"><span class='ocrx_word' id='word_1_137' title='bbox 208 1059 301 1095; x_wconf 75' lang='lat' dir='ltr'><em>buunt</em></span> <span class='ocrx_word' id='word_1_138' title='bbox 313 1079 323 1095; x_wconf 91' lang='lat'>‚</span> <span class='ocrx_word' id='word_1_139' title='bbox 351 1055 385 1087; x_wconf 64' lang='grc' dir='ltr'><strong><em>Θ</em></strong></span> <span class='ocrx_word' id='word_1_140' title='bbox 392 1062 494 1095; x_wconf 81' lang='lat' dir='ltr'><em>pacem</em></span> <span class='ocrx_word' id='word_1_141' title='bbox 517 1063 583 1086; x_wconf 87' lang='lat' dir='ltr'><em>cum</em></span> <span class='ocrx_word' id='word_1_142' title='bbox 593 1063 624 1084; x_wconf 89' lang='lat' dir='ltr'><em>eo</em></span> <span class='ocrx_word' id='word_1_143' title='bbox 624 1050 762 1092; x_wconf 81' lang='lat' dir='ltr'><em>faciunt.</em></span> <span class='ocrx_word' id='word_1_144' title='bbox 793 1055 958 1094; x_wconf 81' lang='lat' dir='ltr'><em>Imperator</em></span> <span class='ocrx_word' id='word_1_145' title='bbox 970 1052 1082 1084; x_wconf 78' lang='lat' dir='ltr'><em>solidos</em></span> 
     </span>
     <span class='ocr_line' id='line_1_20' title="bbox 205 1099 1085 1149; baseline -0.006 -11"><span class='ocrx_word' id='word_1_146' title='bbox 205 1109 352 1149; x_wconf 56' lang='lat' dir='ltr'><em>acquirit,</em></span> <span class='ocrx_word' id='word_1_147' title='bbox 371 1101 429 1147; x_wconf 84' lang='lat' dir='ltr'><em>sed</em></span> <span class='ocrx_word' id='word_1_148' title='bbox 449 1102 498 1136; x_wconf 81' lang='lat' dir='ltr'><em>ille</em></span> <span class='ocrx_word' id='word_1_149' title='bbox 506 1107 618 1135; x_wconf 83' lang='lat' dir='ltr'><em>virium</em></span> <span class='ocrx_word' id='word_1_150' title='bbox 628 1099 750 1144; x_wconf 83' lang='lat' dir='ltr'><em>suarum</em></span> <span class='ocrx_word' id='word_1_151' title='bbox 767 1106 903 1143; x_wconf 87' lang='lat' dir='ltr'><em>potentia</em></span> <span class='ocrx_word' id='word_1_152' title='bbox 919 1101 1022 1144; x_wconf 88' lang='lat' dir='ltr'><em>fretus</em></span> <span class='ocrx_word' id='word_1_153' title='bbox 1029 1109 1085 1143; x_wconf 89' lang='lat' dir='ltr'><em>pra</em></span> 
     </span>
     <span class='ocr_line' id='line_1_21' title="bbox 205 1150 1083 1196; baseline -0.009 -5"><span class='ocrx_word' id='word_1_154' title='bbox 205 1156 264 1191; x_wconf 77' lang='lat' dir='ltr'><em>bat·</em></span> <span class='ocrx_word' id='word_1_155' title='bbox 281 1166 314 1189; x_wconf 87' lang='lat' dir='ltr'><em>re</em></span> <span class='ocrx_word' id='word_1_156' title='bbox 335 1164 385 1187; x_wconf 85' lang='lat' dir='ltr'><em>nec</em></span> <span class='ocrx_word' id='word_1_157' title='bbox 400 1150 581 1196; x_wconf 82' lang='lat' dir='ltr'><em>Responsum</em></span> <span class='ocrx_word' id='word_1_158' title='bbox 603 1152 756 1185; x_wconf 76' lang='lat' dir='ltr'><em>reddidit.</em></span> <span class='ocrx_word' id='word_1_159' title='bbox 784 1151 828 1189; x_wconf 88' lang='lat' dir='ltr'><em>Et</em></span> <span class='ocrx_word' id='word_1_160' title='bbox 850 1151 958 1186; x_wconf 88' lang='lat' dir='ltr'><em>statim</em></span> <span class='ocrx_word' id='word_1_161' title='bbox 981 1151 1083 1186; x_wconf 86' lang='lat' dir='ltr'><em>infra:</em></span> 
     </span>
     <span class='ocr_line' id='line_1_22' title="bbox 204 1201 1086 1246; baseline -0.007 -6"><span class='ocrx_word' id='word_1_162' title='bbox 204 1209 370 1240; x_wconf 81' lang='lat' dir='ltr'><em>Mauritius</em></span> <span class='ocrx_word' id='word_1_163' title='bbox 396 1208 560 1246; x_wconf 81' lang='lat' dir='ltr'><em>Imperator</em></span> <span class='ocrx_word' id='word_1_164' title='bbox 588 1204 776 1246; x_wconf 81' lang='lat' dir='ltr'><em>Legationem</em></span> <span class='ocrx_word' id='word_1_165' title='bbox 798 1203 843 1235; x_wconf 86' lang='lat' dir='ltr'><em>ad</em></span> <span class='ocrx_word' id='word_1_166' title='bbox 861 1201 1086 1236; x_wconf 79' lang='lat' dir='ltr'><em>childebertum</em></span> 
     </span>
     <span class='ocr_line' id='line_1_23' title="bbox 205 1252 1085 1300; baseline -0.006 -10"><span class='ocrx_word' id='word_1_167' title='bbox 205 1259 314 1300; x_wconf 82' lang='lat' dir='ltr'><em>Regem</em></span> <span class='ocrx_word' id='word_1_168' title='bbox 325 1256 430 1298; x_wconf 76' lang='lat' dir='ltr'><em>dirigit</em></span> <span class='ocrx_word' id='word_1_169' title='bbox 443 1278 454 1294; x_wconf 91' lang='lat'><strong>,</strong></span> <span class='ocrx_word' id='word_1_170' title='bbox 479 1258 505 1286; x_wconf 83' lang='lat' dir='ltr'><em>ei</em></span> <span class='ocrx_word' id='word_1_171' title='bbox 517 1254 664 1287; x_wconf 87' lang='lat' dir='ltr'><em>mandans</em></span> <span class='ocrx_word' id='word_1_172' title='bbox 677 1278 688 1294; x_wconf 91' lang='lat'>‚</span> <span class='ocrx_word' id='word_1_173' title='bbox 713 1262 748 1291; x_wconf 79' lang='lat' dir='ltr'><em>ut</em></span> <span class='ocrx_word' id='word_1_174' title='bbox 758 1254 841 1295; x_wconf 88' lang='lat' dir='ltr'><em>quod</em></span> <span class='ocrx_word' id='word_1_175' title='bbox 846 1254 932 1294; x_wconf 71' lang='lat' dir='ltr'><em>priris</em></span> <span class='ocrx_word' id='word_1_176' title='bbox 944 1264 1001 1285; x_wconf 86' lang='lat' dir='ltr'><em>non</em></span> <span class='ocrx_word' id='word_1_177' title='bbox 1007 1252 1085 1294; x_wconf 85' lang='lat' dir='ltr'><em>fece-</em></span> 
     </span>
     <span class='ocr_line' id='line_1_24' title="bbox 205 1302 1088 1347; baseline -0.007 -7"><span class='ocrx_word' id='word_1_178' title='bbox 205 1315 257 1340; x_wconf 78' lang='lat' dir='ltr'><em>rat</em></span> <span class='ocrx_word' id='word_1_179' title='bbox 267 1331 278 1346; x_wconf 91' lang='lat'>‚</span> <span class='ocrx_word' id='word_1_180' title='bbox 305 1315 381 1338; x_wconf 86' lang='lat' dir='ltr'><em>nunc</em></span> <span class='ocrx_word' id='word_1_181' title='bbox 392 1304 570 1346; x_wconf 82' lang='lat' dir='ltr'><em>adimpleret</em></span> <span class='ocrx_word' id='word_1_182' title='bbox 582 1328 590 1335; x_wconf 92' lang='lat'><strong>.</strong></span> <span class='ocrx_word' id='word_1_183' title='bbox 618 1307 657 1336; x_wconf 88' lang='lat' dir='ltr'><em>Ut</em></span> <span class='ocrx_word' id='word_1_184' title='bbox 669 1302 876 1347; x_wconf 79' lang='lat' dir='ltr'><em>Langobardos</em></span> <span class='ocrx_word' id='word_1_185' title='bbox 887 1302 927 1335; x_wconf 87' lang='lat' dir='ltr'><em>ab</em></span> <span class='ocrx_word' id='word_1_186' title='bbox 938 1304 1028 1335; x_wconf 86' lang='lat' dir='ltr'><em>Italia</em></span> <span class='ocrx_word' id='word_1_187' title='bbox 1044 1312 1088 1335; x_wconf 85' lang='lat' dir='ltr'><em>re-</em></span> 
     </span>
     <span class='ocr_line' id='line_1_25' title="bbox 206 1354 1087 1396; baseline -0.008 -6"><span class='ocrx_word' id='word_1_188' title='bbox 206 1364 354 1390; x_wconf 79' lang='lat' dir='ltr'><em>moveret.</em></span> <span class='ocrx_word' id='word_1_189' title='bbox 385 1356 451 1396; x_wconf 76' lang='lat' dir='ltr'><em>,Qui</em></span> <span class='ocrx_word' id='word_1_190' title='bbox 464 1358 628 1387; x_wconf 82' lang='lat' dir='ltr'><em>exercitum</em></span> <span class='ocrx_word' id='word_1_191' title='bbox 639 1358 670 1385; x_wconf 88' lang='lat' dir='ltr'><em>in</em></span> <span class='ocrx_word' id='word_1_192' title='bbox 677 1354 801 1385; x_wconf 86' lang='lat' dir='ltr'><em>Italiam</em></span> <span class='ocrx_word' id='word_1_193' title='bbox 811 1354 943 1394; x_wconf 84' lang='lat' dir='ltr'><em>direxit,</em></span> <span class='ocrx_word' id='word_1_194' title='bbox 970 1354 1004 1386; x_wconf 61' lang='grc' dir='ltr'><strong><em>Θ</em></strong></span> <span class='ocrx_word' id='word_1_195' title='bbox 1016 1363 1087 1385; x_wconf 89' lang='lat' dir='ltr'><em>com-</em></span> 
     </span>
     <span class='ocr_line' id='line_1_26' title="bbox 206 1402 1088 1449; baseline -0.005 -11"><span class='ocrx_word' id='word_1_196' title='bbox 206 1405 291 1449; x_wconf 82' lang='lat' dir='ltr'><em>miffa</em></span> <span class='ocrx_word' id='word_1_197' title='bbox 298 1412 398 1448; x_wconf 85' lang='lat' dir='ltr'><em>pugna</em></span> <span class='ocrx_word' id='word_1_198' title='bbox 407 1414 472 1436; x_wconf 86' lang='lat' dir='ltr'><em>cum</em></span> <span class='ocrx_word' id='word_1_199' title='bbox 484 1402 691 1447; x_wconf 86' lang='lat' dir='ltr'><em>Langobardis</em></span> <span class='ocrx_word' id='word_1_200' title='bbox 702 1406 888 1436; x_wconf 88' lang='lat' dir='ltr'><em>Francorum</em></span> <span class='ocrx_word' id='word_1_201' title='bbox 898 1407 974 1436; x_wconf 84' lang='lat' dir='ltr'><em>acies</em></span> <span class='ocrx_word' id='word_1_202' title='bbox 984 1406 1088 1446; x_wconf 83' lang='lat' dir='ltr'><em>gravi-</em></span> 
     </span>
     <span class='ocr_line' id='line_1_27' title="bbox 206 1451 1089 1497; baseline -0.003 -9"><span class='ocrx_word' id='word_1_203' title='bbox 206 1463 256 1490; x_wconf 68' lang='lat' dir='ltr'><em>ter</em></span> <span class='ocrx_word' id='word_1_204' title='bbox 266 1451 482 1497; x_wconf 83' lang='lat' dir='ltr'><em>attritaesunt.</em></span> <span class='ocrx_word' id='word_1_205' title='bbox 510 1453 558 1487; x_wconf 87' lang='lat' dir='ltr'><em>At</em></span> <span class='ocrx_word' id='word_1_206' title='bbox 583 1452 662 1487; x_wconf 76' lang='lat' dir='ltr'><em>vero</em></span> <span class='ocrx_word' id='word_1_207' title='bbox 674 1452 808 1487; x_wconf 83' lang='lat' dir='ltr'><em>Arelata</em></span> <span class='ocrx_word' id='word_1_208' title='bbox 833 1453 866 1487; x_wconf 76' lang='grc' dir='ltr'><em>δε</em></span> <span class='ocrx_word' id='word_1_209' title='bbox 878 1451 1089 1497; x_wconf 85' lang='lat' dir='ltr'><em>Augustodu-</em></span> 
     </span>
     <span class='ocr_line' id='line_1_28' title="bbox 207 1502 1090 1547; baseline -0.006 -8"><span class='ocrx_word' id='word_1_210' title='bbox 207 1514 289 1540; x_wconf 79' lang='lat' dir='ltr'><em>num</em></span> <span class='ocrx_word' id='word_1_211' title='bbox 309 1513 402 1538; x_wconf 84' lang='lat' dir='ltr'><em>erant</em></span> <span class='ocrx_word' id='word_1_212' title='bbox 429 1504 464 1537; x_wconf 90' lang='lat' dir='ltr'><em>in</em></span> <span class='ocrx_word' id='word_1_213' title='bbox 486 1502 608 1547; x_wconf 89' lang='lat' dir='ltr'><em>Regno</em></span> <span class='ocrx_word' id='word_1_214' title='bbox 630 1502 829 1546; x_wconf 84' lang='lat' dir='ltr'><em>Burgundiae</em></span> <span class='ocrx_word' id='word_1_215' title='bbox 840 1527 847 1534; x_wconf 94' lang='lat'>.</span> <span class='ocrx_word' id='word_1_216' title='bbox 873 1502 967 1535; x_wconf 86' lang='lat' dir='ltr'><em>Hinc</em></span> <span class='ocrx_word' id='word_1_217' title='bbox 990 1502 1090 1546; x_wconf 87' lang='lat' dir='ltr'><em>igitur</em></span> 
     </span>
     <span class='ocr_line' id='line_1_29' title="bbox 205 1551 1089 1596; baseline -0.005 -7"><span class='ocrx_word' id='word_1_218' title='bbox 205 1551 547 1591; x_wconf 71' lang='lat' dir='ltr'><em>RomaniPontifices</em></span> <span class='ocrx_word' id='word_1_219' title='bbox 571 1552 638 1585; x_wconf 82' lang='lat' dir='ltr'><em>line</em></span> <span class='ocrx_word' id='word_1_220' title='bbox 649 1551 791 1596; x_wconf 86' lang='lat' dir='ltr'><em>Augusti</em></span> <span class='ocrx_word' id='word_1_221' title='bbox 805 1551 967 1596; x_wconf 87' lang='lat' dir='ltr'><em>Principis</em></span> <span class='ocrx_word' id='word_1_222' title='bbox 986 1551 1089 1585; x_wconf 90' lang='lat' dir='ltr'><em>licen-</em></span> 
     </span>
     <span class='ocr_line' id='line_1_30' title="bbox 207 1600 1089 1646; baseline -0.003 -8"><span class='ocrx_word' id='word_1_223' title='bbox 207 1606 255 1640; x_wconf 79' lang='lat' dir='ltr'><em>tia</em></span> <span class='ocrx_word' id='word_1_224' title='bbox 276 1615 345 1639; x_wconf 90' lang='lat' dir='ltr'><em>non</em></span> <span class='ocrx_word' id='word_1_225' title='bbox 358 1611 513 1646; x_wconf 66' lang='lat' dir='ltr'><em>poterant,</em></span> <span class='ocrx_word' id='word_1_226' title='bbox 528 1600 624 1635; x_wconf 74' lang='lat' dir='ltr'><em>isthic</em></span> <span class='ocrx_word' id='word_1_227' title='bbox 646 1612 752 1635; x_wconf 89' lang='lat' dir='ltr'><em>creare</em></span> <span class='ocrx_word' id='word_1_228' title='bbox 765 1601 979 1644; x_wconf 77' lang='lat' dir='ltr'><em>Apostolicos</em></span> <span class='ocrx_word' id='word_1_229' title='bbox 993 1601 1089 1635; x_wconf 87' lang='lat' dir='ltr'><em>Vica-</em></span> 
     </span>
     <span class='ocr_line' id='line_1_31' title="bbox 207 1650 1090 1695; baseline -0.005 -7"><span class='ocrx_word' id='word_1_230' title='bbox 207 1655 275 1689; x_wconf 81' lang='lat' dir='ltr'><em>rios</em></span> <span class='ocrx_word' id='word_1_231' title='bbox 285 1677 296 1693; x_wconf 91' lang='lat'>‚</span> <span class='ocrx_word' id='word_1_232' title='bbox 323 1663 384 1686; x_wconf 87' lang='lat' dir='ltr'><em>nee</em></span> <span class='ocrx_word' id='word_1_233' title='bbox 403 1650 533 1695; x_wconf 89' lang='lat' dir='ltr'><em>elargiti</em></span> <span class='ocrx_word' id='word_1_234' title='bbox 543 1650 646 1684; x_wconf 86' lang='lat' dir='ltr'><em>Pallia</em></span> <span class='ocrx_word' id='word_1_235' title='bbox 658 1674 669 1690; x_wconf 95' lang='lat'>,</span> <span class='ocrx_word' id='word_1_236' title='bbox 693 1661 754 1683; x_wconf 90' lang='lat' dir='ltr'><em>nec</em></span> <span class='ocrx_word' id='word_1_237' title='bbox 783 1651 865 1685; x_wconf 74' lang='lat' dir='ltr'><em>alios</em></span> <span class='ocrx_word' id='word_1_238' title='bbox 875 1651 1033 1694; x_wconf 86' lang='lat' dir='ltr'><em>impartiri</em></span> <span class='ocrx_word' id='word_1_239' title='bbox 1046 1652 1090 1684; x_wconf 87' lang='lat' dir='ltr'><em>sa·</em></span> 
     </span>
     <span class='ocr_line' id='line_1_32' title="bbox 206 1699 1091 1746; baseline -0.005 -9"><span class='ocrx_word' id='word_1_240' title='bbox 206 1713 282 1738; x_wconf 85' lang='lat' dir='ltr'><em>cros</em></span> <span class='ocrx_word' id='word_1_241' title='bbox 292 1701 434 1735; x_wconf 88' lang='lat' dir='ltr'><em>honores</em></span> <span class='ocrx_word' id='word_1_242' title='bbox 446 1725 453 1733; x_wconf 93' lang='lat'><strong>.</strong></span> <span class='ocrx_word' id='word_1_243' title='bbox 482 1699 652 1746; x_wconf 86' lang='lat' dir='ltr'><em>Augustus</em></span> <span class='ocrx_word' id='word_1_244' title='bbox 664 1699 820 1744; x_wconf 80' lang='lat' dir='ltr'><em>Princeps</em></span> <span class='ocrx_word' id='word_1_245' title='bbox 830 1700 958 1735; x_wconf 81' lang='lat' dir='ltr'><em>volebat</em></span> <span class='ocrx_word' id='word_1_246' title='bbox 974 1701 1037 1735; x_wconf 85' lang='lat' dir='ltr'><em>effe</em></span> <span class='ocrx_word' id='word_1_247' title='bbox 1048 1701 1091 1734; x_wconf 91' lang='lat' dir='ltr'><em>se-</em></span> 
     </span>
     <span class='ocr_line' id='line_1_33' title="bbox 210 1750 524 1794; baseline -0.016 -6"><span class='ocrx_word' id='word_1_248' title='bbox 210 1763 307 1788; x_wconf 88' lang='lat' dir='ltr'><em>curus</em></span> <span class='ocrx_word' id='word_1_249' title='bbox 319 1750 360 1785; x_wconf 87' lang='lat' dir='ltr'><em>de</em></span> <span class='ocrx_word' id='word_1_250' title='bbox 370 1751 506 1794; x_wconf 85' lang='lat' dir='ltr'><em>persona</em></span> <span class='ocrx_word' id='word_1_251' title='bbox 517 1774 524 1782; x_wconf 92' lang='lat'>.</span> 
     </span>
    </p>

    <p class='ocr_par' dir='ltr' id='par_1_7' title="bbox 207 1800 1092 2288">
     <span class='ocr_line' id='line_1_34' title="bbox 261 1800 1090 1845; baseline -0.001 -9"><span class='ocrx_word' id='word_1_252' title='bbox 261 1802 315 1836; x_wconf 81' lang='lat' dir='ltr'><em>Ex</em></span> <span class='ocrx_word' id='word_1_253' title='bbox 328 1802 454 1835; x_wconf 74' lang='lat' dir='ltr'><em>veodem</em></span> <span class='ocrx_word' id='word_1_254' title='bbox 481 1800 645 1845; x_wconf 86' lang='lat' dir='ltr'><em>principio</em></span> <span class='ocrx_word' id='word_1_255' title='bbox 675 1801 868 1836; x_wconf 80' lang='lat' dir='ltr'><em>Hormisdas</em></span> <span class='ocrx_word' id='word_1_256' title='bbox 897 1801 1054 1837; x_wconf 80' lang='lat' dir='ltr'><em>Pontifex</em></span> <span class='ocrx_word' id='word_1_257' title='bbox 1080 1825 1090 1842; x_wconf 91' lang='lat'><strong>,</strong></span> 
     </span>
     <span class='ocr_line' id='line_1_35' title="bbox 207 1851 1090 1896; baseline -0.002 -9"><span class='ocrx_word' id='word_1_258' title='bbox 207 1852 289 1887; x_wconf 86' lang='lat' dir='ltr'><em>dum</em></span> <span class='ocrx_word' id='word_1_259' title='bbox 301 1853 420 1887; x_wconf 67' lang='lat' dir='ltr'><em>Sancto</em></span> <span class='ocrx_word' id='word_1_260' title='bbox 430 1851 589 1896; x_wconf 82' lang='lat' dir='ltr'><em>Remigio</em></span> <span class='ocrx_word' id='word_1_261' title='bbox 600 1862 654 1894; x_wconf 87' lang='lat' dir='ltr'><em>per</em></span> <span class='ocrx_word' id='word_1_262' title='bbox 665 1852 827 1895; x_wconf 68' lang='lat' dir='ltr'><em>Clodovei</em></span> <span class='ocrx_word' id='word_1_263' title='bbox 839 1852 994 1896; x_wconf 86' lang='lat' dir='ltr'><em>Regnum</em></span> <span class='ocrx_word' id='word_1_264' title='bbox 1005 1863 1090 1886; x_wconf 88' lang='lat' dir='ltr'><em>com·</em></span> 
     </span>
     <span class='ocr_line' id='line_1_36' title="bbox 208 1901 1090 1950; baseline -0.002 -13"><span class='ocrx_word' id='word_1_265' title='bbox 208 1903 297 1938; x_wconf 75' lang='lat' dir='ltr'><em>milit</em></span> <span class='ocrx_word' id='word_1_266' title='bbox 308 1903 394 1936; x_wconf 85' lang='lat' dir='ltr'><em>vices</em></span> <span class='ocrx_word' id='word_1_267' title='bbox 407 1902 490 1941; x_wconf 84' lang='lat' dir='ltr'><em>suas,</em></span> <span class='ocrx_word' id='word_1_268' title='bbox 501 1913 567 1935; x_wconf 91' lang='lat' dir='ltr'><em>non</em></span> <span class='ocrx_word' id='word_1_269' title='bbox 580 1901 718 1946; x_wconf 89' lang='lat' dir='ltr'><em>agnovit</em></span> <span class='ocrx_word' id='word_1_270' title='bbox 729 1902 972 1945; x_wconf 82' lang='lat' dir='ltr'><em>Imperatorem:</em></span> <span class='ocrx_word' id='word_1_271' title='bbox 985 1902 1090 1950; x_wconf 86' lang='lat' dir='ltr'><em>Qod</em></span> 
     </span>
     <span class='ocr_line' id='line_1_37' title="bbox 208 1951 1092 1997; baseline -0.001 -10"><span class='ocrx_word' id='word_1_272' title='bbox 208 1952 327 1997; x_wconf 71' lang='lat' dir='ltr'><em>nempe</em></span> <span class='ocrx_word' id='word_1_273' title='bbox 339 1963 399 1987; x_wconf 86' lang='lat' dir='ltr'><em>nec</em></span> <span class='ocrx_word' id='word_1_274' title='bbox 410 1951 603 1994; x_wconf 71' lang='lat' dir='ltr'><em>Clodoveus</em></span> <span class='ocrx_word' id='word_1_275' title='bbox 616 1952 719 1996; x_wconf 85' lang='lat' dir='ltr'><em>ipsum</em></span> <span class='ocrx_word' id='word_1_276' title='bbox 733 1952 941 1996; x_wconf 88' lang='lat' dir='ltr'><em>agnosceret.</em></span> <span class='ocrx_word' id='word_1_277' title='bbox 962 1952 1092 1986; x_wconf 83' lang='lat' dir='ltr'><em>Praeser-</em></span> 
     </span>
     <span class='ocr_line' id='line_1_38' title="bbox 208 2001 1089 2046; baseline -0.002 -9"><span class='ocrx_word' id='word_1_278' title='bbox 208 2003 271 2037; x_wconf 88' lang='lat' dir='ltr'><em>tim</em></span> <span class='ocrx_word' id='word_1_279' title='bbox 291 2002 362 2046; x_wconf 83' lang='lat' dir='ltr'><em>post</em></span> <span class='ocrx_word' id='word_1_280' title='bbox 382 2003 528 2037; x_wconf 88' lang='lat' dir='ltr'><em>occisum</em></span> <span class='ocrx_word' id='word_1_281' title='bbox 543 2002 717 2046; x_wconf 85' lang='lat' dir='ltr'><em>Syagrium</em></span> <span class='ocrx_word' id='word_1_282' title='bbox 740 2001 971 2037; x_wconf 89' lang='lat' dir='ltr'><em>Romanorum</em></span> <span class='ocrx_word' id='word_1_283' title='bbox 985 2002 1089 2036; x_wconf 88' lang='lat' dir='ltr'><em>Patri-</em></span> 
     </span>
     <span class='ocr_line' id='line_1_39' title="bbox 209 2051 1091 2095; baseline -0.002 -6"><span class='ocrx_word' id='word_1_284' title='bbox 209 2054 293 2089; x_wconf 78' lang='lat' dir='ltr'><em>xium</em></span> <span class='ocrx_word' id='word_1_285' title='bbox 304 2077 312 2084; x_wconf 94' lang='lat'>.</span> <span class='ocrx_word' id='word_1_286' title='bbox 338 2052 391 2086; x_wconf 90' lang='lat' dir='ltr'><em>Eo</em></span> <span class='ocrx_word' id='word_1_287' title='bbox 409 2051 512 2086; x_wconf 87' lang='lat' dir='ltr'><em>modo</em></span> <span class='ocrx_word' id='word_1_288' title='bbox 534 2052 568 2085; x_wconf 91' lang='lat' dir='ltr'><em>in</em></span> <span class='ocrx_word' id='word_1_289' title='bbox 593 2052 752 2095; x_wconf 81' lang='lat' dir='ltr'><em>Angliam</em></span> <span class='ocrx_word' id='word_1_290' title='bbox 776 2053 947 2086; x_wconf 77' lang='lat' dir='ltr'><em>transmisit</em></span> <span class='ocrx_word' id='word_1_291' title='bbox 971 2054 1091 2087; x_wconf 74' lang='lat' dir='ltr'><em>Sansto</em></span> 
     </span>
     <span class='ocr_line' id='line_1_40' title="bbox 210 2100 1092 2145; baseline 0 -10"><span class='ocrx_word' id='word_1_292' title='bbox 210 2102 310 2136; x_wconf 85' lang='lat' dir='ltr'><em>etiam</em></span> <span class='ocrx_word' id='word_1_293' title='bbox 334 2102 524 2145; x_wconf 85' lang='lat' dir='ltr'><em>Augustino</em></span> <span class='ocrx_word' id='word_1_294' title='bbox 546 2100 833 2144; x_wconf 87' lang='lat' dir='ltr'><em>Archi-Episcopo</em></span> <span class='ocrx_word' id='word_1_295' title='bbox 846 2102 1092 2140; x_wconf 86' lang='lat' dir='ltr'><em>Cantuarienfi‚</em></span> 
     </span>
     <span class='ocr_line' id='line_1_41' title="bbox 209 2150 1092 2195; baseline 0 -11"><span class='ocrx_word' id='word_1_296' title='bbox 209 2151 405 2195; x_wconf 82' lang='lat' dir='ltr'><em>promittens</em></span> <span class='ocrx_word' id='word_1_297' title='bbox 425 2150 567 2191; x_wconf 78' lang='lat' dir='ltr'><em>(imiliter</em></span> <span class='ocrx_word' id='word_1_298' title='bbox 593 2150 812 2184; x_wconf 81' lang='lat' dir='ltr'><em>transmittere</em></span> <span class='ocrx_word' id='word_1_299' title='bbox 837 2150 949 2185; x_wconf 89' lang='lat' dir='ltr'><em>futuro</em></span> <span class='ocrx_word' id='word_1_300' title='bbox 973 2151 1092 2186; x_wconf 85' lang='lat' dir='ltr'><em>Ebora·</em></span> 
     </span>
     <span class='ocr_line' id='line_1_42' title="bbox 210 2198 1091 2246; baseline -0.001 -11"><span class='ocrx_word' id='word_1_301' title='bbox 210 2201 296 2235; x_wconf 77' lang='lat' dir='ltr'><em>censi</em></span> <span class='ocrx_word' id='word_1_302' title='bbox 308 2224 315 2231; x_wconf 93' lang='lat'><strong>.</strong></span> <span class='ocrx_word' id='word_1_303' title='bbox 343 2199 447 2246; x_wconf 83' lang='lat' dir='ltr'><em>Qod</em></span> <span class='ocrx_word' id='word_1_304' title='bbox 461 2198 578 2242; x_wconf 71' lang='lat' dir='ltr'><em>nempe</em></span> <span class='ocrx_word' id='word_1_305' title='bbox 589 2199 734 2234; x_wconf 88' lang='lat' dir='ltr'><em>Romani</em></span> <span class='ocrx_word' id='word_1_306' title='bbox 749 2223 760 2239; x_wconf 87' lang='lat'>‚</span> <span class='ocrx_word' id='word_1_307' title='bbox 770 2199 850 2234; x_wconf 88' lang='lat' dir='ltr'><em>dum</em></span> <span class='ocrx_word' id='word_1_308' title='bbox 864 2212 904 2235; x_wconf 87' lang='lat' dir='ltr'><em>ex</em></span> <span class='ocrx_word' id='word_1_309' title='bbox 922 2200 1091 2234; x_wconf 86' lang='lat' dir='ltr'><em>Britannia</em></span> 
     </span>
     <span class='ocr_line' id='line_1_43' title="bbox 209 2249 1092 2288; baseline -0.001 -5"><span class='ocrx_word' id='word_1_310' title='bbox 209 2251 301 2284; x_wconf 84' lang='lat' dir='ltr'><em>suam</em></span> <span class='ocrx_word' id='word_1_311' title='bbox 313 2258 478 2283; x_wconf 81' lang='lat' dir='ltr'><em>extraxere</em></span> <span class='ocrx_word' id='word_1_312' title='bbox 489 2249 666 2288; x_wconf 87' lang='lat' dir='ltr'><em>militiam,</em></span> <span class='ocrx_word' id='word_1_313' title='bbox 692 2251 931 2284; x_wconf 72' lang='lat' dir='ltr'><em>renunciassent</em></span> <span class='ocrx_word' id='word_1_314' title='bbox 951 2252 1045 2284; x_wconf 88' lang='lat' dir='ltr'><em>omni</em></span> <span class='ocrx_word' id='word_1_315' title='bbox 1060 2251 1092 2283; x_wconf 90' lang='lat' dir='ltr'><em>in</em></span> 
     </span>
    </p>
   </div>
   <div class='ocr_carea' id='block_1_7' title="bbox 210 2297 1094 2343">
    <p class='ocr_par' dir='ltr' id='par_1_8' title="bbox 210 2297 1094 2343">
     <span class='ocr_line' id='line_1_44' title="bbox 210 2297 1094 2343; baseline -0.002 -10"><span class='ocrx_word' id='word_1_316' title='bbox 210 2299 311 2343; x_wconf 80' lang='lat' dir='ltr'><em>ipsam</em></span> <span class='ocrx_word' id='word_1_317' title='bbox 325 2297 386 2342; x_wconf 77' lang='lat' dir='ltr'><em>juri</em></span> <span class='ocrx_word' id='word_1_318' title='bbox 400 2322 411 2339; x_wconf 91' lang='lat'>‚</span> <span class='ocrx_word' id='word_1_319' title='bbox 436 2310 474 2333; x_wconf 87' lang='lat' dir='ltr'><em>ac</em></span> <span class='ocrx_word' id='word_1_320' title='bbox 487 2298 588 2343; x_wconf 65' lang='lat' dir='ltr'><em>plenae</em></span> <span class='ocrx_word' id='word_1_321' title='bbox 610 2297 754 2332; x_wconf 88' lang='lat' dir='ltr'><em>libertati</em></span> <span class='ocrx_word' id='word_1_322' title='bbox 775 2299 1001 2334; x_wconf 73' lang='lat' dir='ltr'><em>reddidissent.</em></span> <span class='ocrx_word' id='word_1_323' title='bbox 1032 2300 1094 2332; x_wconf 89' lang='lat' dir='ltr'><em>Ea-</em></span> 
     </span>
    </p>
   </div>
   <div class='ocr_carea' id='block_1_8' title="bbox 210 2348 1094 2491">
    <p class='ocr_par' dir='ltr' id='par_1_9' title="bbox 210 2348 1094 2491">
     <span class='ocr_line' id='line_1_45' title="bbox 210 2348 1091 2393; baseline -0.001 -9"><span class='ocrx_word' id='word_1_324' title='bbox 210 2349 286 2384; x_wconf 88' lang='lat' dir='ltr'><em>dem</em></span> <span class='ocrx_word' id='word_1_325' title='bbox 310 2349 350 2382; x_wconf 88' lang='lat' dir='ltr'><em>de</em></span> <span class='ocrx_word' id='word_1_326' title='bbox 364 2348 457 2383; x_wconf 85' lang='lat' dir='ltr'><em>causa</em></span> <span class='ocrx_word' id='word_1_327' title='bbox 482 2348 630 2382; x_wconf 87' lang='lat' dir='ltr'><em>laudatus</em></span> <span class='ocrx_word' id='word_1_328' title='bbox 641 2348 821 2393; x_wconf 85' lang='lat' dir='ltr'><em>Gregorius</em></span> <span class='ocrx_word' id='word_1_329' title='bbox 833 2349 975 2384; x_wconf 90' lang='lat' dir='ltr'><em>eundem</em></span> <span class='ocrx_word' id='word_1_330' title='bbox 988 2350 1091 2383; x_wconf 84' lang='lat' dir='ltr'><em>Orna-</em></span> 
     </span>
     <span class='ocr_line' id='line_1_46' title="bbox 210 2397 1092 2434; baseline -0.001 -1"><span class='ocrx_word' id='word_1_331' title='bbox 210 2410 283 2433; x_wconf 88' lang='lat' dir='ltr'><em>tum</em></span> <span class='ocrx_word' id='word_1_332' title='bbox 308 2398 372 2431; x_wconf 86' lang='lat' dir='ltr'><em>fine</em></span> <span class='ocrx_word' id='word_1_333' title='bbox 397 2397 454 2430; x_wconf 86' lang='lat' dir='ltr'><em>ista</em></span> <span class='ocrx_word' id='word_1_334' title='bbox 466 2397 597 2431; x_wconf 85' lang='lat' dir='ltr'><em>licentia</em></span> <span class='ocrx_word' id='word_1_335' title='bbox 617 2397 787 2432; x_wconf 75' lang='lat' dir='ltr'><em>transmisit</em></span> <span class='ocrx_word' id='word_1_336' title='bbox 802 2400 920 2433; x_wconf 72' lang='lat' dir='ltr'><em>Sansto</em></span> <span class='ocrx_word' id='word_1_337' title='bbox 940 2399 1092 2434; x_wconf 87' lang='lat' dir='ltr'><em>Leandro</em></span> 
     </span>
     <span class='ocr_line' id='line_1_47' title="bbox 211 2447 1094 2491; baseline -0.001 -8"><span class='ocrx_word' id='word_1_338' title='bbox 211 2447 498 2491; x_wconf 88' lang='lat' dir='ltr'><em>Archi-Episcopo</em></span> <span class='ocrx_word' id='word_1_339' title='bbox 521 2447 728 2489; x_wconf 85' lang='lat' dir='ltr'><em>Hispalenfi.</em></span> <span class='ocrx_word' id='word_1_340' title='bbox 755 2448 858 2482; x_wconf 91' lang='lat' dir='ltr'><em>Lucet</em></span> <span class='ocrx_word' id='word_1_341' title='bbox 870 2461 911 2482; x_wconf 86' lang='lat' dir='ltr'><em>ex</em></span> <span class='ocrx_word' id='word_1_342' title='bbox 935 2449 1094 2491; x_wconf 84' lang='lat' dir='ltr'><em>ejuslitte-</em></span> 
     </span>
    </p>
   </div>
   <div class='ocr_carea' id='block_1_9' title="bbox 40 2491 1094 2541">
    <p class='ocr_par' dir='ltr' id='par_1_10' title="bbox 40 2491 1094 2541">
     <span class='ocr_line' id='line_1_48' title="bbox 40 2491 1094 2541; baseline -0.002 -8"><span class='ocrx_word' id='word_1_343' title='bbox 40 2502 195 2536; x_wconf 77' lang='lat' dir='ltr'><em>Lib·7.1n-</em></span> <span class='ocrx_word' id='word_1_344' title='bbox 212 2499 255 2533; x_wconf 86' lang='lat' dir='ltr'><em>ris</em></span> <span class='ocrx_word' id='word_1_345' title='bbox 276 2499 318 2532; x_wconf 89' lang='lat' dir='ltr'><em>ad</em></span> <span class='ocrx_word' id='word_1_346' title='bbox 331 2491 561 2531; x_wconf 71' lang='lat' dir='ltr'><em>Richaredum·</em></span> <span class='ocrx_word' id='word_1_347' title='bbox 581 2498 707 2541; x_wconf 88' lang='lat' dir='ltr'><em>Regem</em></span> <span class='ocrx_word' id='word_1_348' title='bbox 729 2498 916 2541; x_wconf 81' lang='lat' dir='ltr'><em>Hispaniae:</em></span> <span class='ocrx_word' id='word_1_349' title='bbox 945 2502 1094 2532; x_wconf 87' lang='lat' dir='ltr'><em>Reveren-</em></span> 
     </span>
    </p>
   </div>
   <div class='ocr_carea' id='block_1_10' title="bbox 39 2541 143 2573">
    <p class='ocr_par' dir='ltr' id='par_1_11' title="bbox 39 2541 143 2573">
     <span class='ocr_line' id='line_1_49' title="bbox 39 2541 143 2573; baseline -0.029 -1"><span class='ocrx_word' id='word_1_350' title='bbox 39 2541 108 2573; x_wconf 70' lang='lat' dir='ltr'><em>dist·</em></span> <span class='ocrx_word' id='word_1_351' title='bbox 117 2553 143 2571; x_wconf 70' lang='grc' dir='ltr'><em>ι.</em></span> 
     </span>
    </p>
   </div>
   <div class='ocr_carea' id='block_1_11' title="bbox 213 2547 1093 2590">
    <p class='ocr_par' dir='ltr' id='par_1_12' title="bbox 213 2547 1093 2590">
     <span class='ocr_line' id='line_1_50' title="bbox 213 2547 1093 2590; baseline 0 -8"><span class='ocrx_word' id='word_1_352' title='bbox 213 2550 321 2589; x_wconf 75' lang='lat' dir='ltr'><em>diffinio</em></span> <span class='ocrx_word' id='word_1_353' title='bbox 334 2553 441 2582; x_wconf 84' lang='lat' dir='ltr'><em>Fratri</em></span> <span class='ocrx_word' id='word_1_354' title='bbox 455 2549 490 2581; x_wconf 61' lang='lat' dir='ltr'><em>t&amp;</em></span> <span class='ocrx_word' id='word_1_355' title='bbox 501 2547 703 2590; x_wconf 59' lang='lat' dir='ltr'><em>&amp;Episcopo</em></span> <span class='ocrx_word' id='word_1_356' title='bbox 713 2547 803 2588; x_wconf 81' lang='lat' dir='ltr'><em>nostra</em></span> <span class='ocrx_word' id='word_1_357' title='bbox 812 2549 951 2581; x_wconf 86' lang='lat' dir='ltr'><em>Leandro</em></span> <span class='ocrx_word' id='word_1_358' title='bbox 962 2550 1093 2582; x_wconf 82' lang='lat' dir='ltr'><em>Pallium</em></span> 
     </span>
    </p>
   </div>
   <div class='ocr_carea' id='block_1_12' title="bbox 41 2581 1092 2641">
    <p class='ocr_par' dir='ltr' id='par_1_13' title="bbox 41 2581 1092 2641">
     <span class='ocr_line' id='line_1_51' title="bbox 41 2581 1092 2641; baseline 0 -9"><span class='ocrx_word' id='word_1_359' title='bbox 41 2581 195 2621; x_wconf 74' lang='lat' dir='ltr'><em>Epist-127.</em></span> <span class='ocrx_word' id='word_1_360' title='bbox 211 2602 232 2632; x_wconf 76' lang='grc' dir='ltr'><em>ὰ</em></span> <span class='ocrx_word' id='word_1_361' title='bbox 246 2602 338 2633; x_wconf 86' lang='lat' dir='ltr'><em>Beati</em></span> <span class='ocrx_word' id='word_1_362' title='bbox 363 2601 445 2631; x_wconf 78' lang='lat' dir='ltr'><em>Petri</em></span> <span class='ocrx_word' id='word_1_363' title='bbox 461 2597 582 2639; x_wconf 81' lang='lat' dir='ltr'><em>Apostoli</em></span> <span class='ocrx_word' id='word_1_364' title='bbox 607 2599 681 2631; x_wconf 77' lang='lat' dir='ltr'><em>Sede</em></span> <span class='ocrx_word' id='word_1_365' title='bbox 702 2596 917 2640; x_wconf 80' lang='lat' dir='ltr'><em>transmisimus</em></span> <span class='ocrx_word' id='word_1_366' title='bbox 929 2622 940 2639; x_wconf 90' lang='lat'>‚</span> <span class='ocrx_word' id='word_1_367' title='bbox 965 2600 1045 2641; x_wconf 86' lang='lat' dir='ltr'><em>quad</em></span> <span class='ocrx_word' id='word_1_368' title='bbox 1059 2600 1092 2632; x_wconf 64' lang='grc'><em>(9</em></span> 
     </span>
    </p>
   </div>
   <div class='ocr_carea' id='block_1_13' title="bbox 208 2647 1095 3489">
    <p class='ocr_par' dir='ltr' id='par_1_14' title="bbox 208 2647 1095 3489">
     <span class='ocr_line' id='line_1_52' title="bbox 212 2647 1091 2692; baseline 0 -9"><span class='ocrx_word' id='word_1_369' title='bbox 212 2655 348 2692; x_wconf 80' lang='lat' dir='ltr'><em>antiquae</em></span> <span class='ocrx_word' id='word_1_370' title='bbox 367 2647 586 2691; x_wconf 85' lang='lat' dir='ltr'><em>consuetudini,</em></span> <span class='ocrx_word' id='word_1_371' title='bbox 614 2650 647 2681; x_wconf 56' lang='grc' dir='ltr'><em>(θ’</em></span> <span class='ocrx_word' id='word_1_372' title='bbox 671 2647 775 2688; x_wconf 86' lang='lat' dir='ltr'><em>nostris</em></span> <span class='ocrx_word' id='word_1_373' title='bbox 795 2648 924 2682; x_wconf 85' lang='lat' dir='ltr'><em>maribus</em></span> <span class='ocrx_word' id='word_1_374' title='bbox 934 2674 944 2690; x_wconf 94' lang='lat'>‚</span> <span class='ocrx_word' id='word_1_375' title='bbox 973 2651 1007 2683; x_wconf 61' lang='grc' dir='ltr'><em>ὁ·</em></span> <span class='ocrx_word' id='word_1_376' title='bbox 1028 2651 1091 2690; x_wconf 81' lang='lat' dir='ltr'><em>ejus</em></span> 
     </span>
     <span class='ocr_line' id='line_1_53' title="bbox 212 2697 1092 2743; baseline -0.003 -9"><span class='ocrx_word' id='word_1_377' title='bbox 212 2700 340 2734; x_wconf 81' lang='lat' dir='ltr'><em>bonitati</em></span> <span class='ocrx_word' id='word_1_378' title='bbox 360 2708 451 2741; x_wconf 86' lang='lat' dir='ltr'><em>atque</em></span> <span class='ocrx_word' id='word_1_379' title='bbox 459 2702 610 2741; x_wconf 84' lang='lat' dir='ltr'><em>gravitati</em></span> <span class='ocrx_word' id='word_1_380' title='bbox 634 2697 808 2731; x_wconf 80' lang='lat' dir='ltr'><em>debebamus</em></span> <span class='ocrx_word' id='word_1_381' title='bbox 820 2722 826 2730; x_wconf 96' lang='lat'>.</span> <span class='ocrx_word' id='word_1_382' title='bbox 852 2703 929 2731; x_wconf 87' lang='lat' dir='ltr'><em>Item</em></span> <span class='ocrx_word' id='word_1_383' title='bbox 952 2704 1092 2743; x_wconf 75' lang='lat' dir='ltr'><em>Anagna-</em></span> 
     </span>
     <span class='ocr_line' id='line_1_54' title="bbox 208 2748 1091 2792; baseline -0.001 -9"><span class='ocrx_word' id='word_1_384' title='bbox 208 2749 279 2791; x_wconf 82' lang='lat' dir='ltr'><em>stica</em></span> <span class='ocrx_word' id='word_1_385' title='bbox 288 2758 360 2783; x_wconf 88' lang='lat' dir='ltr'><em>ante</em></span> <span class='ocrx_word' id='word_1_386' title='bbox 370 2750 486 2792; x_wconf 86' lang='lat' dir='ltr'><em>longum</em></span> <span class='ocrx_word' id='word_1_387' title='bbox 499 2755 615 2789; x_wconf 81' lang='lat' dir='ltr'><em>tempus</em></span> <span class='ocrx_word' id='word_1_388' title='bbox 626 2772 636 2787; x_wconf 91' lang='lat'>‚</span> <span class='ocrx_word' id='word_1_389' title='bbox 663 2749 818 2788; x_wconf 81' lang='lat' dir='ltr'><em>dulciffima</em></span> <span class='ocrx_word' id='word_1_390' title='bbox 835 2748 907 2781; x_wconf 82' lang='lat' dir='ltr'><em>mibi</em></span> <span class='ocrx_word' id='word_1_391' title='bbox 919 2748 1015 2790; x_wconf 74' lang='lat' dir='ltr'><em>vestra</em></span> <span class='ocrx_word' id='word_1_392' title='bbox 1027 2753 1091 2782; x_wconf 84' lang='lat' dir='ltr'><em>Ex·</em></span> 
     </span>
     <span class='ocr_line' id='line_1_55' title="bbox 215 2799 1092 2840; baseline 0 -7"><span class='ocrx_word' id='word_1_393' title='bbox 215 2802 349 2834; x_wconf 80' lang='lat' dir='ltr'><em>cellentia</em></span> <span class='ocrx_word' id='word_1_394' title='bbox 377 2823 387 2839; x_wconf 89' lang='lat'><strong>,</strong></span> <span class='ocrx_word' id='word_1_395' title='bbox 417 2803 451 2832; x_wconf 90' lang='lat' dir='ltr'><em>N</em></span> <span class='ocrx_word' id='word_1_396' title='bbox 454 2799 619 2840; x_wconf 84' lang='lat' dir='ltr'><em>eapolitana</em></span> <span class='ocrx_word' id='word_1_397' title='bbox 645 2799 772 2839; x_wconf 85' lang='lat' dir='ltr'><em>quadam</em></span> <span class='ocrx_word' id='word_1_398' title='bbox 789 2800 906 2838; x_wconf 82' lang='lat' dir='ltr'><em>juvene</em></span> <span class='ocrx_word' id='word_1_399' title='bbox 933 2805 1071 2833; x_wconf 80' lang='lat' dir='ltr'><em>veniente</em></span> <span class='ocrx_word' id='word_1_400' title='bbox 1081 2825 1092 2840; x_wconf 92' lang='lat'>,</span> 
     </span>
     <span class='ocr_line' id='line_1_56' title="bbox 216 2848 1093 2892; baseline 0.002 -11"><span class='ocrx_word' id='word_1_401' title='bbox 216 2851 360 2883; x_wconf 79' lang='lat' dir='ltr'><em>mandare</em></span> <span class='ocrx_word' id='word_1_402' title='bbox 367 2858 527 2883; x_wconf 83' lang='lat' dir='ltr'><em>curaverat</em></span> <span class='ocrx_word' id='word_1_403' title='bbox 537 2870 548 2886; x_wconf 86' lang='lat'><strong>,</strong></span> <span class='ocrx_word' id='word_1_404' title='bbox 557 2857 590 2880; x_wconf 87' lang='lat' dir='ltr'><em>ut</em></span> <span class='ocrx_word' id='word_1_405' title='bbox 596 2848 716 2888; x_wconf 81' lang='lat' dir='ltr'><em>piiffimo</em></span> <span class='ocrx_word' id='word_1_406' title='bbox 728 2852 904 2890; x_wconf 75' lang='lat' dir='ltr'><em>Imperatori</em></span> <span class='ocrx_word' id='word_1_407' title='bbox 911 2848 1069 2892; x_wconf 84' lang='lat' dir='ltr'><em>scriberem</em></span> <span class='ocrx_word' id='word_1_408' title='bbox 1082 2874 1093 2890; x_wconf 94' lang='lat'>,</span> 
     </span>
     <span class='ocr_line' id='line_1_57' title="bbox 217 2896 1092 2942; baseline 0.003 -13"><span class='ocrx_word' id='word_1_409' title='bbox 217 2899 360 2940; x_wconf 74' lang='lat' dir='ltr'><em>quatenus</em></span> <span class='ocrx_word' id='word_1_410' title='bbox 381 2899 476 2932; x_wconf 76' lang='lat' dir='ltr'><em>Pac‘la</em></span> <span class='ocrx_word' id='word_1_411' title='bbox 496 2904 529 2931; x_wconf 84' lang='lat' dir='ltr'><em>in</em></span> <span class='ocrx_word' id='word_1_412' title='bbox 550 2896 793 2939; x_wconf 71' lang='lat' dir='ltr'><em>chartophylacio</em></span> <span class='ocrx_word' id='word_1_413' title='bbox 816 2905 974 2940; x_wconf 86' lang='lat' dir='ltr'><em>requireret</em></span> <span class='ocrx_word' id='word_1_414' title='bbox 988 2924 999 2940; x_wconf 92' lang='lat'>‚</span> <span class='ocrx_word' id='word_1_415' title='bbox 1025 2910 1092 2942; x_wconf 78' lang='lat' dir='ltr'><em>quae</em></span> 
     </span>
     <span class='ocr_line' id='line_1_58' title="bbox 216 2947 1093 2993; baseline 0.003 -13"><span class='ocrx_word' id='word_1_416' title='bbox 216 2947 331 2980; x_wconf 79' lang='lat' dir='ltr'><em>dudum</em></span> <span class='ocrx_word' id='word_1_417' title='bbox 339 2952 416 2981; x_wconf 82' lang='lat' dir='ltr'><em>inter</em></span> <span class='ocrx_word' id='word_1_418' title='bbox 423 2955 486 2990; x_wconf 84' lang='lat' dir='ltr'><em>piae</em></span> <span class='ocrx_word' id='word_1_419' title='bbox 497 2953 644 2981; x_wconf 84' lang='lat' dir='ltr'><em>memariae</em></span> <span class='ocrx_word' id='word_1_420' title='bbox 656 2951 823 2990; x_wconf 87' lang='lat' dir='ltr'><em>Principem</em></span> <span class='ocrx_word' id='word_1_421' title='bbox 828 2953 860 2993; x_wconf 86' lang='lat' dir='ltr'><em>J</em></span> <span class='ocrx_word' id='word_1_422' title='bbox 863 2949 1040 2989; x_wconf 76' lang='lat' dir='ltr'><em>ustinianum</em></span> <span class='ocrx_word' id='word_1_423' title='bbox 1059 2951 1093 2983; x_wconf 64' lang='grc' dir='ltr'><em>(θ’</em></span> 
     </span>
     <span class='ocr_line' id='line_1_59' title="bbox 212 2997 1093 3043; baseline 0.001 -14"><span class='ocrx_word' id='word_1_424' title='bbox 212 2999 291 3039; x_wconf 76' lang='lat' dir='ltr'><em>jura</em></span> <span class='ocrx_word' id='word_1_425' title='bbox 301 2999 394 3040; x_wconf 79' lang='lat' dir='ltr'><em>Regni</em></span> <span class='ocrx_word' id='word_1_426' title='bbox 404 2997 490 3037; x_wconf 77' lang='lat' dir='ltr'><em>vestri</em></span> <span class='ocrx_word' id='word_1_427' title='bbox 493 2998 621 3039; x_wconf 82' lang='lat' dir='ltr'><em>fuerant</em></span> <span class='ocrx_word' id='word_1_428' title='bbox 632 3000 729 3041; x_wconf 78' lang='lat' dir='ltr'><em>emisset</em></span> <span class='ocrx_word' id='word_1_429' title='bbox 742 3023 752 3038; x_wconf 89' lang='lat'>,</span> <span class='ocrx_word' id='word_1_430' title='bbox 779 3009 811 3031; x_wconf 91' lang='lat' dir='ltr'><em>ut</em></span> <span class='ocrx_word' id='word_1_431' title='bbox 822 3012 860 3032; x_wconf 79' lang='lat' dir='ltr'><em>ex</em></span> <span class='ocrx_word' id='word_1_432' title='bbox 871 2999 919 3031; x_wconf 84' lang='lat' dir='ltr'><em>bis</em></span> <span class='ocrx_word' id='word_1_433' title='bbox 929 3002 1070 3043; x_wconf 79' lang='lat' dir='ltr'><em>colligeret</em></span> <span class='ocrx_word' id='word_1_434' title='bbox 1083 3024 1093 3040; x_wconf 87' lang='lat'>,</span> 
     </span>
     <span class='ocr_line' id='line_1_60' title="bbox 220 3045 1093 3091; baseline 0.002 -11"><span class='ocrx_word' id='word_1_435' title='bbox 220 3048 296 3089; x_wconf 82' lang='lat' dir='ltr'><em>quid</em></span> <span class='ocrx_word' id='word_1_436' title='bbox 306 3046 388 3080; x_wconf 84' lang='lat' dir='ltr'><em>vobis</em></span> <span class='ocrx_word' id='word_1_437' title='bbox 399 3045 519 3088; x_wconf 79' lang='lat' dir='ltr'><em>servare</em></span> <span class='ocrx_word' id='word_1_438' title='bbox 536 3048 692 3091; x_wconf 78' lang='lat' dir='ltr'><em>debutffet.</em></span> <span class='ocrx_word' id='word_1_439' title='bbox 720 3050 780 3081; x_wconf 78' lang='lat' dir='ltr'><em>Sed</em></span> <span class='ocrx_word' id='word_1_440' title='bbox 798 3050 842 3081; x_wconf 89' lang='lat' dir='ltr'><em>ad</em></span> <span class='ocrx_word' id='word_1_441' title='bbox 851 3049 902 3082; x_wconf 79' lang='lat' dir='ltr'><em>boc</em></span> <span class='ocrx_word' id='word_1_442' title='bbox 912 3049 1093 3090; x_wconf 84' lang='lat' dir='ltr'><em>faciendum</em></span> 
     </span>
     <span class='ocr_line' id='line_1_61' title="bbox 219 3096 1094 3142; baseline 0.002 -12"><span class='ocrx_word' id='word_1_443' title='bbox 219 3099 289 3130; x_wconf 80' lang='lat' dir='ltr'><em>duae</em></span> <span class='ocrx_word' id='word_1_444' title='bbox 309 3107 357 3128; x_wconf 84' lang='lat' dir='ltr'><em>res</em></span> <span class='ocrx_word' id='word_1_445' title='bbox 379 3096 454 3128; x_wconf 83' lang='lat' dir='ltr'><em>mihi</em></span> <span class='ocrx_word' id='word_1_446' title='bbox 475 3096 661 3131; x_wconf 83' lang='lat' dir='ltr'><em>vehementer</em></span> <span class='ocrx_word' id='word_1_447' title='bbox 683 3098 849 3138; x_wconf 81' lang='lat' dir='ltr'><em>abstiterunt</em></span> <span class='ocrx_word' id='word_1_448' title='bbox 874 3125 880 3132; x_wconf 93' lang='lat'><em>.</em></span> <span class='ocrx_word' id='word_1_449' title='bbox 909 3103 975 3132; x_wconf 87' lang='lat' dir='ltr'><em>Una</em></span> <span class='ocrx_word' id='word_1_450' title='bbox 987 3125 996 3140; x_wconf 91' lang='lat'>‚</span> <span class='ocrx_word' id='word_1_451' title='bbox 1022 3106 1094 3142; x_wconf 85' lang='lat' dir='ltr'><em>quia</em></span> 
     </span>
     <span class='ocr_line' id='line_1_62' title="bbox 220 3145 1094 3192; baseline 0.005 -14"><span class='ocrx_word' id='word_1_452' title='bbox 220 3145 502 3187; x_wconf 58' lang='lat' dir='ltr'><em>chartophylacion</em></span> <span class='ocrx_word' id='word_1_453' title='bbox 518 3148 659 3188; x_wconf 75' lang='lat' dir='ltr'><em>praedic‘li</em></span> <span class='ocrx_word' id='word_1_454' title='bbox 678 3155 741 3190; x_wconf 82' lang='lat' dir='ltr'><em>piae</em></span> <span class='ocrx_word' id='word_1_455' title='bbox 762 3156 909 3182; x_wconf 62' lang='lat' dir='ltr'><em>memoria·</em></span> <span class='ocrx_word' id='word_1_456' title='bbox 925 3151 956 3192; x_wconf 87' lang='lat' dir='ltr'><em>J</em></span> <span class='ocrx_word' id='word_1_457' title='bbox 957 3150 1094 3190; x_wconf 76' lang='lat' dir='ltr'><em>ustiniam‘</em></span> 
     </span>
     <span class='ocr_line' id='line_1_63' title="bbox 222 3196 1091 3242; baseline 0.003 -12"><span class='ocrx_word' id='word_1_458' title='bbox 222 3199 371 3237; x_wconf 78' lang='lat' dir='ltr'><em>Principis</em></span> <span class='ocrx_word' id='word_1_459' title='bbox 384 3204 510 3237; x_wconf 83' lang='lat' dir='ltr'><em>tempore</em></span> <span class='ocrx_word' id='word_1_460' title='bbox 519 3220 530 3235; x_wconf 90' lang='lat'>,</span> <span class='ocrx_word' id='word_1_461' title='bbox 556 3203 601 3228; x_wconf 86' lang='lat' dir='ltr'><em>ita</em></span> <span class='ocrx_word' id='word_1_462' title='bbox 607 3196 786 3239; x_wconf 78' lang='lat' dir='ltr'><em>surripiente</em></span> <span class='ocrx_word' id='word_1_463' title='bbox 803 3198 901 3242; x_wconf 70' lang='lat' dir='ltr'><em>subito</em></span> <span class='ocrx_word' id='word_1_464' title='bbox 911 3201 1034 3239; x_wconf 85' lang='lat' dir='ltr'><em>flamma</em></span> <span class='ocrx_word' id='word_1_465' title='bbox 1047 3207 1091 3233; x_wconf 89' lang='lat' dir='ltr'><em>in-</em></span> 
     </span>
     <span class='ocr_line' id='line_1_64' title="bbox 220 3244 1093 3291; baseline 0.003 -12"><span class='ocrx_word' id='word_1_466' title='bbox 220 3244 333 3289; x_wconf 82' lang='lat' dir='ltr'><em>censum</em></span> <span class='ocrx_word' id='word_1_467' title='bbox 343 3245 380 3284; x_wconf 82' lang='lat' dir='ltr'><em>est&#39;</em></span> <span class='ocrx_word' id='word_1_468' title='bbox 394 3271 404 3286; x_wconf 88' lang='lat'>,</span> <span class='ocrx_word' id='word_1_469' title='bbox 431 3254 464 3279; x_wconf 82' lang='lat' dir='ltr'><em>ut</em></span> <span class='ocrx_word' id='word_1_470' title='bbox 474 3248 592 3279; x_wconf 75' lang='lat' dir='ltr'><em>omnino</em></span> <span class='ocrx_word' id='word_1_471' title='bbox 614 3257 651 3279; x_wconf 84' lang='lat' dir='ltr'><em>ex</em></span> <span class='ocrx_word' id='word_1_472' title='bbox 662 3250 726 3289; x_wconf 79' lang='lat' dir='ltr'><em>ejus</em></span> <span class='ocrx_word' id='word_1_473' title='bbox 738 3250 914 3291; x_wconf 80' lang='lat' dir='ltr'><em>temporibus</em></span> <span class='ocrx_word' id='word_1_474' title='bbox 923 3252 999 3291; x_wconf 71' lang='lat' dir='ltr'><em>pene</em></span> <span class='ocrx_word' id='word_1_475' title='bbox 1011 3252 1093 3284; x_wconf 86' lang='lat' dir='ltr'><em>nulla</em></span> 
     </span>
     <span class='ocr_line' id='line_1_65' title="bbox 220 3295 1092 3342; baseline 0.008 -15"><span class='ocrx_word' id='word_1_476' title='bbox 220 3295 328 3329; x_wconf 82' lang='lat' dir='ltr'><em>charta</em></span> <span class='ocrx_word' id='word_1_477' title='bbox 345 3304 525 3329; x_wconf 81' lang='lat' dir='ltr'><em>remaneret.</em></span> <span class='ocrx_word' id='word_1_478' title='bbox 557 3296 624 3327; x_wconf 78' lang='lat' dir='ltr'><em>Alia</em></span> <span class='ocrx_word' id='word_1_479' title='bbox 635 3306 729 3329; x_wconf 90' lang='lat' dir='ltr'><em>autem</em></span> <span class='ocrx_word' id='word_1_480' title='bbox 743 3323 754 3338; x_wconf 92' lang='lat'>,</span> <span class='ocrx_word' id='word_1_481' title='bbox 780 3306 851 3341; x_wconf 84' lang='lat' dir='ltr'><em>quia</em></span> <span class='ocrx_word' id='word_1_482' title='bbox 863 3301 942 3342; x_wconf 88' lang='lat' dir='ltr'><em>quod</em></span> <span class='ocrx_word' id='word_1_483' title='bbox 961 3302 1035 3333; x_wconf 88' lang='lat' dir='ltr'><em>nulli</em></span> <span class='ocrx_word' id='word_1_484' title='bbox 1048 3303 1092 3333; x_wconf 83' lang='lat' dir='ltr'><em>di·</em></span> 
     </span>
     <span class='ocr_line' id='line_1_66' title="bbox 221 3345 1090 3394; baseline 0.006 -16"><span class='ocrx_word' id='word_1_485' title='bbox 221 3347 343 3378; x_wconf 83' lang='lat' dir='ltr'><em>cendum</em></span> <span class='ocrx_word' id='word_1_486' title='bbox 358 3345 396 3386; x_wconf 80' lang='lat' dir='ltr'><em>est</em></span> <span class='ocrx_word' id='word_1_487' title='bbox 406 3371 416 3385; x_wconf 93' lang='lat'>,</span> <span class='ocrx_word' id='word_1_488' title='bbox 443 3357 477 3379; x_wconf 84' lang='lat' dir='ltr'><em>ea</em></span> <span class='ocrx_word' id='word_1_489' title='bbox 488 3357 553 3387; x_wconf 82' lang='lat' dir='ltr'><em>quae</em></span> <span class='ocrx_word' id='word_1_490' title='bbox 562 3354 665 3377; x_wconf 86' lang='lat' dir='ltr'><em>cantra</em></span> <span class='ocrx_word' id='word_1_491' title='bbox 676 3355 703 3378; x_wconf 86' lang='lat' dir='ltr'><em>te</em></span> <span class='ocrx_word' id='word_1_492' title='bbox 711 3346 783 3388; x_wconf 82' lang='lat' dir='ltr'><em>sunt</em></span> <span class='ocrx_word' id='word_1_493' title='bbox 794 3373 805 3388; x_wconf 90' lang='lat'>‚</span> <span class='ocrx_word' id='word_1_494' title='bbox 813 3352 898 3389; x_wconf 84' lang='lat' dir='ltr'><em>apud</em></span> <span class='ocrx_word' id='word_1_495' title='bbox 905 3349 1090 3394; x_wconf 85' lang='lat' dir='ltr'><em>temetipsum</em></span> 
     </span>
     <span class='ocr_line' id='line_1_67' title="bbox 222 3395 1095 3442; baseline 0.008 -15"><span class='ocrx_word' id='word_1_496' title='bbox 222 3395 310 3431; x_wconf 71' lang='lat' dir='ltr'><em>debes</em></span> <span class='ocrx_word' id='word_1_497' title='bbox 321 3397 493 3429; x_wconf 83' lang='lat' dir='ltr'><em>documenta</em></span> <span class='ocrx_word' id='word_1_498' title='bbox 505 3400 652 3437; x_wconf 83' lang='lat' dir='ltr'><em>requirere</em></span> <span class='ocrx_word' id='word_1_499' title='bbox 663 3419 673 3434; x_wconf 91' lang='lat'><strong><em>,</em></strong></span> <span class='ocrx_word' id='word_1_500' title='bbox 699 3406 786 3438; x_wconf 77' lang='lat' dir='ltr'><em>atque</em></span> <span class='ocrx_word' id='word_1_501' title='bbox 795 3397 856 3431; x_wconf 75' lang='lat' dir='ltr'><em>haec</em></span> <span class='ocrx_word' id='word_1_502' title='bbox 862 3408 919 3442; x_wconf 90' lang='lat' dir='ltr'><em>pro</em></span> <span class='ocrx_word' id='word_1_503' title='bbox 930 3412 973 3434; x_wconf 84' lang='lat' dir='ltr'><em>me</em></span> <span class='ocrx_word' id='word_1_504' title='bbox 991 3407 1023 3433; x_wconf 79' lang='lat' dir='ltr'><em>in</em></span> <span class='ocrx_word' id='word_1_505' title='bbox 1036 3412 1095 3434; x_wconf 87' lang='lat' dir='ltr'><em>me-</em></span> 
     </span>
     <span class='ocr_line' id='line_1_68' title="bbox 321 3444 762 3489; baseline 0.002 -12"><span class='ocrx_word' id='word_1_506' title='bbox 321 3444 427 3486; x_wconf 79' lang='lat' dir='ltr'><em>Cbrist.</em></span> <span class='ocrx_word' id='word_1_507' title='bbox 441 3448 520 3489; x_wconf 78' lang='lat' dir='ltr'><em>Lupi</em></span> <span class='ocrx_word' id='word_1_508' title='bbox 531 3450 627 3488; x_wconf 84' lang='lat' dir='ltr'><em>Opera</em></span> <span class='ocrx_word' id='word_1_509' title='bbox 638 3448 669 3477; x_wconf 89' lang='lat' dir='ltr'><em>T.</em></span> <span class='ocrx_word' id='word_1_510' title='bbox 681 3449 708 3478; x_wconf 89' lang='lat' dir='ltr'><em>V</em></span> <span class='ocrx_word' id='word_1_511' title='bbox 708 3450 762 3478; x_wconf 89' lang='grc'><em>111.</em></span> 
     </span>
    </p>
   </div>
   <div class='ocr_carea' id='block_1_14' title="bbox 1867 121 1954 167">
    <p class='ocr_par' dir='ltr' id='par_1_15' title="bbox 1867 121 1954 167">
     <span class='ocr_line' id='line_1_69' title="bbox 1867 121 1954 167; baseline -0.011 0"><span class='ocrx_word' id='word_1_512' title='bbox 1867 121 1954 167; x_wconf 85' lang='lat'><em>181</em></span> 
     </span>
    </p>
   </div>
   <div class='ocr_carea' id='block_1_15' title="bbox 1148 198 2050 3146">
    <p class='ocr_par' dir='ltr' id='par_1_16' title="bbox 1148 198 2050 3146">
     <span class='ocr_line' id='line_1_70' title="bbox 1152 198 2029 248; baseline 0.006 -13"><span class='ocrx_word' id='word_1_513' title='bbox 1152 201 1236 235; x_wconf 82' lang='lat' dir='ltr'><em>dium</em></span> <span class='ocrx_word' id='word_1_514' title='bbox 1241 199 1395 243; x_wconf 81' lang='lat' dir='ltr'><em>proferre.</em></span> <span class='ocrx_word' id='word_1_515' title='bbox 1423 198 1534 235; x_wconf 88' lang='lat' dir='ltr'><em>Docet</em></span> <span class='ocrx_word' id='word_1_516' title='bbox 1559 199 1667 244; x_wconf 74' lang='lat' dir='ltr'><em>piura&#39;.</em></span> <span class='ocrx_word' id='word_1_517' title='bbox 1693 200 1831 244; x_wconf 71' lang='lat' dir='ltr'><em>Primo,</em></span> <span class='ocrx_word' id='word_1_518' title='bbox 1856 203 1946 248; x_wconf 84' lang='lat' dir='ltr'><em>quod</em></span> <span class='ocrx_word' id='word_1_519' title='bbox 1957 202 2029 240; x_wconf 89' lang='lat' dir='ltr'><em>Ro·</em></span> 
     </span>
     <span class='ocr_line' id='line_1_71' title="bbox 1148 249 2028 294; baseline 0.005 -9"><span class='ocrx_word' id='word_1_520' title='bbox 1148 250 1237 286; x_wconf 87' lang='lat' dir='ltr'><em>mani</em></span> <span class='ocrx_word' id='word_1_521' title='bbox 1250 250 1461 294; x_wconf 85' lang='lat' dir='ltr'><em>Imperatores</em></span> <span class='ocrx_word' id='word_1_522' title='bbox 1472 249 1669 294; x_wconf 83' lang='lat' dir='ltr'><em>Hispaniam</em></span> <span class='ocrx_word' id='word_1_523' title='bbox 1680 253 1698 286; x_wconf 71' lang='lat' dir='ltr'><em>a</em></span> <span class='ocrx_word' id='word_1_524' title='bbox 1709 253 1832 289; x_wconf 84' lang='lat' dir='ltr'><em>Gothis</em></span> <span class='ocrx_word' id='word_1_525' title='bbox 1842 253 2028 289; x_wconf 82' lang='lat' dir='ltr'><em>constanter</em></span> 
     </span>
     <span class='ocr_line' id='line_1_72' title="bbox 1150 298 2030 346; baseline 0.005 -10"><span class='ocrx_word' id='word_1_526' title='bbox 1150 300 1338 346; x_wconf 84' lang='lat' dir='ltr'><em>repetierint</em></span> <span class='ocrx_word' id='word_1_527' title='bbox 1350 325 1358 333; x_wconf 89' lang='lat'><strong>.</strong></span> <span class='ocrx_word' id='word_1_528' title='bbox 1385 298 1561 341; x_wconf 77' lang='lat' dir='ltr'><em>Secundo,</em></span> <span class='ocrx_word' id='word_1_529' title='bbox 1589 301 1678 343; x_wconf 86' lang='lat' dir='ltr'><em>quod</em></span> <span class='ocrx_word' id='word_1_530' title='bbox 1699 302 1739 336; x_wconf 87' lang='lat' dir='ltr'><em>ad</em></span> <span class='ocrx_word' id='word_1_531' title='bbox 1751 304 1906 339; x_wconf 87' lang='lat' dir='ltr'><em>evitanda</em></span> <span class='ocrx_word' id='word_1_532' title='bbox 1921 303 2004 339; x_wconf 87' lang='lat' dir='ltr'><em>bella</em></span> <span class='ocrx_word' id='word_1_533' title='bbox 2016 324 2030 345; x_wconf 65' lang='lat'><em>2</em></span> 
     </span>
     <span class='ocr_line' id='line_1_73' title="bbox 1151 348 2033 398; baseline 0.005 -12"><span class='ocrx_word' id='word_1_534' title='bbox 1151 352 1185 386; x_wconf 72' lang='grc' dir='ltr'><em>ὅ(</em></span> <span class='ocrx_word' id='word_1_535' title='bbox 1196 350 1237 386; x_wconf 89' lang='lat' dir='ltr'><em>ad</em></span> <span class='ocrx_word' id='word_1_536' title='bbox 1251 349 1428 394; x_wconf 88' lang='lat' dir='ltr'><em>unicuique</em></span> <span class='ocrx_word' id='word_1_537' title='bbox 1439 348 1590 390; x_wconf 87' lang='lat' dir='ltr'><em>seryanda</em></span> <span class='ocrx_word' id='word_1_538' title='bbox 1599 351 1653 384; x_wconf 87' lang='lat' dir='ltr'><em>sua</em></span> <span class='ocrx_word' id='word_1_539' title='bbox 1665 349 1732 393; x_wconf 82' lang='lat' dir='ltr'><em>jura</em></span> <span class='ocrx_word' id='word_1_540' title='bbox 1744 354 1876 387; x_wconf 85' lang='lat' dir='ltr'><em>tandem</em></span> <span class='ocrx_word' id='word_1_541' title='bbox 1889 355 2033 398; x_wconf 68' lang='lat' dir='ltr'><em>Impera-e</em></span> 
     </span>
     <span class='ocr_line' id='line_1_74' title="bbox 1154 399 2034 446; baseline 0.002 -10"><span class='ocrx_word' id='word_1_542' title='bbox 1154 411 1205 436; x_wconf 87' lang='lat' dir='ltr'><em>tor</em></span> <span class='ocrx_word' id='word_1_543' title='bbox 1216 400 1416 445; x_wconf 78' lang='lat' dir='ltr'><em>Iustinianus</em></span> <span class='ocrx_word' id='word_1_544' title='bbox 1438 411 1515 435; x_wconf 79' lang='lat' dir='ltr'><em>curn</em></span> <span class='ocrx_word' id='word_1_545' title='bbox 1536 399 1729 436; x_wconf 81' lang='lat' dir='ltr'><em>Gothorum</em></span> <span class='ocrx_word' id='word_1_546' title='bbox 1753 401 1901 446; x_wconf 83' lang='lat' dir='ltr'><em>Regibus</em></span> <span class='ocrx_word' id='word_1_547' title='bbox 1922 404 2034 439; x_wconf 83' lang='lat' dir='ltr'><em>inierit</em></span> 
     </span>
     <span class='ocr_line' id='line_1_75' title="bbox 1154 450 2031 495; baseline 0.003 -10"><span class='ocrx_word' id='word_1_548' title='bbox 1154 451 1251 486; x_wconf 68' lang='lat' dir='ltr'><em>Pasta</em></span> <span class='ocrx_word' id='word_1_549' title='bbox 1274 452 1514 495; x_wconf 83' lang='lat' dir='ltr'><em>pacificatoria.</em></span> <span class='ocrx_word' id='word_1_550' title='bbox 1540 450 1679 490; x_wconf 77' lang='lat' dir='ltr'><em>Tertio,</em></span> <span class='ocrx_word' id='word_1_551' title='bbox 1706 450 1797 495; x_wconf 88' lang='lat' dir='ltr'><em>quod</em></span> <span class='ocrx_word' id='word_1_552' title='bbox 1819 452 1952 486; x_wconf 86' lang='lat' dir='ltr'><em>istorum</em></span> <span class='ocrx_word' id='word_1_553' title='bbox 1971 454 2031 488; x_wconf 84' lang='lat' dir='ltr'><em>Pa-</em></span> 
     </span>
     <span class='ocr_line' id='line_1_76' title="bbox 1154 498 2031 546; baseline 0.001 -10"><span class='ocrx_word' id='word_1_554' title='bbox 1154 503 1278 536; x_wconf 70' lang='lat' dir='ltr'><em>&amp;orurn</em></span> <span class='ocrx_word' id='word_1_555' title='bbox 1290 499 1422 545; x_wconf 81' lang='lat' dir='ltr'><em>quidam</em></span> <span class='ocrx_word' id='word_1_556' title='bbox 1434 498 1576 542; x_wconf 89' lang='lat' dir='ltr'><em>Gothis,</em></span> <span class='ocrx_word' id='word_1_557' title='bbox 1604 500 1738 546; x_wconf 87' lang='lat' dir='ltr'><em>quidam</em></span> <span class='ocrx_word' id='word_1_558' title='bbox 1751 500 1879 536; x_wconf 88' lang='lat' dir='ltr'><em>articuli</em></span> <span class='ocrx_word' id='word_1_559' title='bbox 1891 503 2031 537; x_wconf 86' lang='lat' dir='ltr'><em>faverint</em></span> 
     </span>
     <span class='ocr_line' id='line_1_77' title="bbox 1155 549 2032 601; baseline 0.001 -16"><span class='ocrx_word' id='word_1_560' title='bbox 1155 551 1317 586; x_wconf 85' lang='lat' dir='ltr'><em>Romanis</em></span> <span class='ocrx_word' id='word_1_561' title='bbox 1332 576 1339 584; x_wconf 90' lang='lat'><strong>.</strong></span> <span class='ocrx_word' id='word_1_562' title='bbox 1368 549 1500 601; x_wconf 74' lang='lat' dir='ltr'><em>Qartd</em></span> <span class='ocrx_word' id='word_1_563' title='bbox 1514 576 1526 592; x_wconf 88' lang='lat'>,</span> <span class='ocrx_word' id='word_1_564' title='bbox 1551 550 1642 593; x_wconf 89' lang='lat' dir='ltr'><em>quod</em></span> <span class='ocrx_word' id='word_1_565' title='bbox 1663 549 1784 585; x_wconf 90' lang='lat' dir='ltr'><em>horum</em></span> <span class='ocrx_word' id='word_1_566' title='bbox 1806 551 1967 585; x_wconf 85' lang='lat' dir='ltr'><em>Romanis</em></span> <span class='ocrx_word' id='word_1_567' title='bbox 1989 554 2032 586; x_wconf 88' lang='lat' dir='ltr'><em>fa-</em></span> 
     </span>
     <span class='ocr_line' id='line_1_78' title="bbox 1157 599 2035 644; baseline 0 -11"><span class='ocrx_word' id='word_1_568' title='bbox 1157 602 1301 635; x_wconf 87' lang='lat' dir='ltr'><em>ventium</em></span> <span class='ocrx_word' id='word_1_569' title='bbox 1320 600 1532 636; x_wconf 81' lang='lat' dir='ltr'><em>articulorum</em></span> <span class='ocrx_word' id='word_1_570' title='bbox 1557 601 1709 644; x_wconf 87' lang='lat' dir='ltr'><em>palmaris</em></span> <span class='ocrx_word' id='word_1_571' title='bbox 1733 601 1851 640; x_wconf 76' lang='lat' dir='ltr'><em>fflerit,</em></span> <span class='ocrx_word' id='word_1_572' title='bbox 1876 610 1914 635; x_wconf 89' lang='lat' dir='ltr'><em>ut</em></span> <span class='ocrx_word' id='word_1_573' title='bbox 1928 599 2035 634; x_wconf 84' lang='lat' dir='ltr'><em>Gothi</em></span> 
     </span>
     <span class='ocr_line' id='line_1_79' title="bbox 1156 650 2036 696; baseline 0.001 -13"><span class='ocrx_word' id='word_1_574' title='bbox 1156 650 1247 693; x_wconf 84' lang='lat' dir='ltr'><em>supra</em></span> <span class='ocrx_word' id='word_1_575' title='bbox 1262 652 1293 685; x_wconf 90' lang='lat' dir='ltr'><em>se</em></span> <span class='ocrx_word' id='word_1_576' title='bbox 1304 652 1521 696; x_wconf 85' lang='lat' dir='ltr'><em>agnoscerent</em></span> <span class='ocrx_word' id='word_1_577' title='bbox 1532 650 1724 686; x_wconf 85' lang='lat' dir='ltr'><em>Romanum</em></span> <span class='ocrx_word' id='word_1_578' title='bbox 1735 650 1928 696; x_wconf 85' lang='lat' dir='ltr'><em>Imperium.</em></span> <span class='ocrx_word' id='word_1_579' title='bbox 1940 650 2036 684; x_wconf 84' lang='lat' dir='ltr'><em>Hine</em></span> 
     </span>
     <span class='ocr_line' id='line_1_80' title="bbox 1157 699 2038 746; baseline 0.001 -13"><span class='ocrx_word' id='word_1_580' title='bbox 1157 699 1353 743; x_wconf 87' lang='lat' dir='ltr'><em>Justinianus</em></span> <span class='ocrx_word' id='word_1_581' title='bbox 1374 702 1406 735; x_wconf 82' lang='lat' dir='ltr'><em>se</em></span> <span class='ocrx_word' id='word_1_582' title='bbox 1430 701 1586 745; x_wconf 78' lang='lat' dir='ltr'><em>inscripfit</em></span> <span class='ocrx_word' id='word_1_583' title='bbox 1600 703 1829 746; x_wconf 81' lang='lat' dir='ltr'><em>imperatorem</em></span> <span class='ocrx_word' id='word_1_584' title='bbox 1847 702 1949 736; x_wconf 82' lang='lat' dir='ltr'><em>etiam</em></span> <span class='ocrx_word' id='word_1_585' title='bbox 1959 700 2038 735; x_wconf 79' lang='lat' dir='ltr'><em>Go-</em></span> 
     </span>
     <span class='ocr_line' id='line_1_81' title="bbox 1157 749 2037 800; baseline 0.001 -17"><span class='ocrx_word' id='word_1_586' title='bbox 1157 749 1303 784; x_wconf 88' lang='lat' dir='ltr'><em>thicum.</em></span> <span class='ocrx_word' id='word_1_587' title='bbox 1329 750 1462 800; x_wconf 78' lang='lat' dir='ltr'><em>Qiuto</em></span> <span class='ocrx_word' id='word_1_588' title='bbox 1482 750 1665 795; x_wconf 84' lang='lat' dir='ltr'><em>Gregorius</em></span> <span class='ocrx_word' id='word_1_589' title='bbox 1685 752 1806 793; x_wconf 90' lang='lat' dir='ltr'><em>docet,</em></span> <span class='ocrx_word' id='word_1_590' title='bbox 1836 750 1927 795; x_wconf 86' lang='lat' dir='ltr'><em>quod</em></span> <span class='ocrx_word' id='word_1_591' title='bbox 1950 751 2037 784; x_wconf 75' lang='lat' dir='ltr'><em>inter</em></span> 
     </span>
     <span class='ocr_line' id='line_1_82' title="bbox 1158 799 2037 845; baseline 0 -11"><span class='ocrx_word' id='word_1_592' title='bbox 1158 801 1358 835; x_wconf 88' lang='lat' dir='ltr'><em>Mauricium</em></span> <span class='ocrx_word' id='word_1_593' title='bbox 1371 802 1603 845; x_wconf 84' lang='lat' dir='ltr'><em>Imperatorem</em></span> <span class='ocrx_word' id='word_1_594' title='bbox 1627 802 1662 836; x_wconf 78' lang='grc' dir='ltr'><em>δε</em></span> <span class='ocrx_word' id='word_1_595' title='bbox 1674 799 1894 836; x_wconf 86' lang='lat' dir='ltr'><em>Richaredum</em></span> <span class='ocrx_word' id='word_1_596' title='bbox 1908 801 2037 844; x_wconf 86' lang='lat' dir='ltr'><em>Regem</em></span> 
     </span>
     <span class='ocr_line' id='line_1_83' title="bbox 1156 850 2039 899; baseline 0 -15"><span class='ocrx_word' id='word_1_597' title='bbox 1156 851 1241 885; x_wconf 82' lang='lat' dir='ltr'><em>circa</em></span> <span class='ocrx_word' id='word_1_598' title='bbox 1261 851 1319 885; x_wconf 84' lang='lat' dir='ltr'><em>ista</em></span> <span class='ocrx_word' id='word_1_599' title='bbox 1342 851 1438 886; x_wconf 68' lang='lat' dir='ltr'><em>Paua</em></span> <span class='ocrx_word' id='word_1_600' title='bbox 1449 852 1773 895; x_wconf 79' lang='lat' dir='ltr'><em>fuerintquaestiones</em></span> <span class='ocrx_word' id='word_1_601' title='bbox 1786 865 1797 885; x_wconf 87' lang='lat'><em>.-</em></span> <span class='ocrx_word' id='word_1_602' title='bbox 1824 850 1929 899; x_wconf 88' lang='lat' dir='ltr'><em>Qod</em></span> <span class='ocrx_word' id='word_1_603' title='bbox 1942 850 2039 885; x_wconf 85' lang='lat' dir='ltr'><em>Mau-</em></span> 
     </span>
     <span class='ocr_line' id='line_1_84' title="bbox 1158 898 2041 946; baseline 0.001 -13"><span class='ocrx_word' id='word_1_604' title='bbox 1158 900 1255 935; x_wconf 90' lang='lat' dir='ltr'><em>ricius</em></span> <span class='ocrx_word' id='word_1_605' title='bbox 1277 901 1420 945; x_wconf 83' lang='lat' dir='ltr'><em>quaedam</em></span> <span class='ocrx_word' id='word_1_606' title='bbox 1436 901 1607 946; x_wconf 84' lang='lat' dir='ltr'><em>postularit</em></span> <span class='ocrx_word' id='word_1_607' title='bbox 1619 926 1630 944; x_wconf 90' lang='lat'><strong>,</strong></span> <span class='ocrx_word' id='word_1_608' title='bbox 1650 912 1720 946; x_wconf 84' lang='lat' dir='ltr'><em>quae</em></span> <span class='ocrx_word' id='word_1_609' title='bbox 1733 898 1935 935; x_wconf 85' lang='lat' dir='ltr'><em>Richaredus</em></span> <span class='ocrx_word' id='word_1_610' title='bbox 1951 901 2041 939; x_wconf 57' lang='lat' dir='ltr'><em>voleae</em></span> 
     </span>
     <span class='ocr_line' id='line_1_85' title="bbox 1157 948 2038 998; baseline 0 -14"><span class='ocrx_word' id='word_1_611' title='bbox 1157 949 1210 984; x_wconf 83' lang='lat' dir='ltr'><em>bat</em></span> <span class='ocrx_word' id='word_1_612' title='bbox 1224 962 1291 985; x_wconf 90' lang='lat' dir='ltr'><em>non</em></span> <span class='ocrx_word' id='word_1_613' title='bbox 1305 951 1422 986; x_wconf 87' lang='lat' dir='ltr'><em>debere</em></span> <span class='ocrx_word' id='word_1_614' title='bbox 1435 976 1442 984; x_wconf 91' lang='lat'><strong>.</strong></span> <span class='ocrx_word' id='word_1_615' title='bbox 1469 952 1572 987; x_wconf 78' lang='lat' dir='ltr'><em>Sexto</em></span> <span class='ocrx_word' id='word_1_616' title='bbox 1581 977 1592 994; x_wconf 92' lang='lat'>‚</span> <span class='ocrx_word' id='word_1_617' title='bbox 1603 952 1693 998; x_wconf 87' lang='lat' dir='ltr'><em>quod</em></span> <span class='ocrx_word' id='word_1_618' title='bbox 1706 950 1910 987; x_wconf 87' lang='lat' dir='ltr'><em>Richaredus</em></span> <span class='ocrx_word' id='word_1_619' title='bbox 1920 948 1982 985; x_wconf 88' lang='lat' dir='ltr'><em>hac</em></span> <span class='ocrx_word' id='word_1_620' title='bbox 1993 950 2038 984; x_wconf 82' lang='lat' dir='ltr'><em>de</em></span> 
     </span>
     <span class='ocr_line' id='line_1_86' title="bbox 1155 1000 2039 1047; baseline -0.001 -13"><span class='ocrx_word' id='word_1_621' title='bbox 1155 1001 1250 1034; x_wconf 83' lang='lat' dir='ltr'><em>eausa</em></span> <span class='ocrx_word' id='word_1_622' title='bbox 1270 1002 1434 1044; x_wconf 83' lang='lat' dir='ltr'><em>rogaverit</em></span> <span class='ocrx_word' id='word_1_623' title='bbox 1455 1001 1676 1047; x_wconf 88' lang='lat' dir='ltr'><em>Gregorium,</em></span> <span class='ocrx_word' id='word_1_624' title='bbox 1701 1012 1738 1037; x_wconf 86' lang='lat' dir='ltr'><em>ut</em></span> <span class='ocrx_word' id='word_1_625' title='bbox 1749 1003 1855 1046; x_wconf 85' lang='lat' dir='ltr'><em>ipsum</em></span> <span class='ocrx_word' id='word_1_626' title='bbox 1873 1000 2039 1045; x_wconf 74' lang='lat' dir='ltr'><em>originale</em></span> 
     </span>
     <span class='ocr_line' id='line_1_87' title="bbox 1154 1049 2033 1097; baseline 0.001 -14"><span class='ocrx_word' id='word_1_627' title='bbox 1154 1049 1405 1084; x_wconf 83' lang='lat' dir='ltr'><em>instrumentum</em></span> <span class='ocrx_word' id='word_1_628' title='bbox 1424 1050 1615 1095; x_wconf 80' lang='lat' dir='ltr'><em>dignaretur</em></span> <span class='ocrx_word' id='word_1_629' title='bbox 1631 1053 1780 1097; x_wconf 84' lang='lat' dir='ltr'><em>flagitare</em></span> <span class='ocrx_word' id='word_1_630' title='bbox 1799 1052 1818 1086; x_wconf 65' lang='grc' dir='ltr'><strong><em>ἢ</em></strong></span> <span class='ocrx_word' id='word_1_631' title='bbox 1840 1050 2033 1091; x_wconf 75' lang='lat' dir='ltr'><em>Mauricio,</em></span> 
     </span>
     <span class='ocr_line' id='line_1_88' title="bbox 1153 1100 2040 1146; baseline 0 -12"><span class='ocrx_word' id='word_1_632' title='bbox 1153 1100 1322 1144; x_wconf 78' lang='lat' dir='ltr'><em>Septimo,</em></span> <span class='ocrx_word' id='word_1_633' title='bbox 1347 1101 1438 1143; x_wconf 89' lang='lat' dir='ltr'><em>quod</em></span> <span class='ocrx_word' id='word_1_634' title='bbox 1451 1101 1632 1146; x_wconf 89' lang='lat' dir='ltr'><em>Gregorius</em></span> <span class='ocrx_word' id='word_1_635' title='bbox 1651 1102 1845 1145; x_wconf 84' lang='lat' dir='ltr'><em>judicaverit</em></span> <span class='ocrx_word' id='word_1_636' title='bbox 1867 1100 1950 1135; x_wconf 82' lang='lat' dir='ltr'><em>istud</em></span> <span class='ocrx_word' id='word_1_637' title='bbox 1968 1111 2040 1135; x_wconf 75' lang='lat' dir='ltr'><em>non</em></span> 
     </span>
     <span class='ocr_line' id='line_1_89' title="bbox 1152 1149 2041 1196; baseline 0.002 -12"><span class='ocrx_word' id='word_1_638' title='bbox 1152 1149 1322 1194; x_wconf 82' lang='lat' dir='ltr'><em>expedire.</em></span> <span class='ocrx_word' id='word_1_639' title='bbox 1350 1150 1480 1194; x_wconf 74' lang='lat' dir='ltr'><em>Nempe</em></span> <span class='ocrx_word' id='word_1_640' title='bbox 1501 1150 1590 1193; x_wconf 89' lang='lat' dir='ltr'><em>quod</em></span> <span class='ocrx_word' id='word_1_641' title='bbox 1607 1151 1759 1186; x_wconf 83' lang='lat' dir='ltr'><em>exustum</em></span> <span class='ocrx_word' id='word_1_642' title='bbox 1769 1154 1846 1187; x_wconf 83' lang='lat' dir='ltr'><em>effet</em></span> <span class='ocrx_word' id='word_1_643' title='bbox 1865 1150 2041 1196; x_wconf 77' lang='lat' dir='ltr'><em>Imperiale</em></span> 
     </span>
     <span class='ocr_line' id='line_1_90' title="bbox 1152 1198 2042 1245; baseline -0.001 -10"><span class='ocrx_word' id='word_1_644' title='bbox 1152 1198 1498 1244; x_wconf 85' lang='lat' dir='ltr'><em>Charto-phylacion,</em></span> <span class='ocrx_word' id='word_1_645' title='bbox 1524 1201 1667 1245; x_wconf 74' lang='lat' dir='ltr'><em>ideoque</em></span> <span class='ocrx_word' id='word_1_646' title='bbox 1691 1203 1802 1235; x_wconf 85' lang='lat' dir='ltr'><em>forsan</em></span> <span class='ocrx_word' id='word_1_647' title='bbox 1830 1202 1863 1234; x_wconf 74' lang='grc' dir='ltr'><em>ἃ.</em></span> <span class='ocrx_word' id='word_1_648' title='bbox 1885 1202 1971 1235; x_wconf 80' lang='lat' dir='ltr'><em>istud</em></span> <span class='ocrx_word' id='word_1_649' title='bbox 1991 1201 2042 1234; x_wconf 89' lang='lat' dir='ltr'><em>in-</em></span> 
     </span>
     <span class='ocr_line' id='line_1_91' title="bbox 1152 1250 2043 1294; baseline 0 -10"><span class='ocrx_word' id='word_1_650' title='bbox 1152 1250 1392 1290; x_wconf 81' lang='lat' dir='ltr'><em>strumentum,</em></span> <span class='ocrx_word' id='word_1_651' title='bbox 1417 1261 1517 1294; x_wconf 87' lang='lat' dir='ltr'><em>atque</em></span> <span class='ocrx_word' id='word_1_652' title='bbox 1538 1252 1583 1285; x_wconf 84' lang='lat' dir='ltr'><em>ita</em></span> <span class='ocrx_word' id='word_1_653' title='bbox 1606 1250 1810 1286; x_wconf 85' lang='lat' dir='ltr'><em>Richaredus</em></span> <span class='ocrx_word' id='word_1_654' title='bbox 1835 1250 1901 1293; x_wconf 81' lang='lat' dir='ltr'><em>jam</em></span> <span class='ocrx_word' id='word_1_655' title='bbox 1912 1252 1989 1284; x_wconf 82' lang='lat' dir='ltr'><em>effet</em></span> <span class='ocrx_word' id='word_1_656' title='bbox 2003 1251 2043 1284; x_wconf 79' lang='lat' dir='ltr'><em>in</em></span> 
     </span>
     <span class='ocr_line' id='line_1_92' title="bbox 1152 1300 2045 1346; baseline -0.003 -11"><span class='ocrx_word' id='word_1_657' title='bbox 1152 1302 1205 1335; x_wconf 89' lang='lat' dir='ltr'><em>sua</em></span> <span class='ocrx_word' id='word_1_658' title='bbox 1220 1300 1370 1345; x_wconf 71' lang='lat' dir='ltr'><em>primaeva</em></span> <span class='ocrx_word' id='word_1_659' title='bbox 1379 1300 1547 1335; x_wconf 89' lang='lat' dir='ltr'><em>libertate.</em></span> <span class='ocrx_word' id='word_1_660' title='bbox 1559 1301 1695 1336; x_wconf 87' lang='lat' dir='ltr'><em>Etenim</em></span> <span class='ocrx_word' id='word_1_661' title='bbox 1703 1301 1883 1346; x_wconf 87' lang='lat' dir='ltr'><em>Gregorius</em></span> <span class='ocrx_word' id='word_1_662' title='bbox 1897 1311 1938 1333; x_wconf 81' lang='lat' dir='ltr'><em>ex</em></span> <span class='ocrx_word' id='word_1_663' title='bbox 1967 1309 2045 1333; x_wconf 87' lang='lat' dir='ltr'><em>cau-</em></span> 
     </span>
     <span class='ocr_line' id='line_1_93' title="bbox 1153 1349 2044 1399; baseline -0.002 -14"><span class='ocrx_word' id='word_1_664' title='bbox 1153 1352 1191 1385; x_wconf 86' lang='lat' dir='ltr'><em>fis</em></span> <span class='ocrx_word' id='word_1_665' title='bbox 1199 1351 1358 1396; x_wconf 86' lang='lat' dir='ltr'><em>diligebat</em></span> <span class='ocrx_word' id='word_1_666' title='bbox 1370 1350 1547 1394; x_wconf 78' lang='lat' dir='ltr'><em>piiffimum</em></span> <span class='ocrx_word' id='word_1_667' title='bbox 1572 1350 1797 1386; x_wconf 88' lang='lat' dir='ltr'><em>Richaredum</em></span> <span class='ocrx_word' id='word_1_668' title='bbox 1813 1376 1820 1383; x_wconf 91' lang='lat'><strong>.</strong></span> <span class='ocrx_word' id='word_1_669' title='bbox 1848 1351 1961 1399; x_wconf 86' lang='lat' dir='ltr'><em>Qam</em></span> <span class='ocrx_word' id='word_1_670' title='bbox 1974 1349 2044 1393; x_wconf 85' lang='lat' dir='ltr'><em>pie-</em></span> 
     </span>
     <span class='ocr_line' id='line_1_94' title="bbox 1155 1399 2044 1446; baseline 0 -11"><span class='ocrx_word' id='word_1_671' title='bbox 1155 1409 1255 1435; x_wconf 86' lang='lat' dir='ltr'><em>tatem</em></span> <span class='ocrx_word' id='word_1_672' title='bbox 1268 1400 1502 1443; x_wconf 84' lang='lat' dir='ltr'><em>Hispaniarum</em></span> <span class='ocrx_word' id='word_1_673' title='bbox 1521 1401 1651 1446; x_wconf 89' lang='lat' dir='ltr'><em>Reges,</em></span> <span class='ocrx_word' id='word_1_674' title='bbox 1678 1399 1818 1446; x_wconf 71' lang='lat' dir='ltr'><em>idedque</em></span> <span class='ocrx_word' id='word_1_675' title='bbox 1843 1400 2044 1435; x_wconf 73' lang='lat' dir='ltr'><em>&amp;affestum</em></span> 
     </span>
     <span class='ocr_line' id='line_1_95' title="bbox 1155 1449 2045 1495; baseline -0.003 -9"><span class='ocrx_word' id='word_1_676' title='bbox 1155 1450 1300 1486; x_wconf 86' lang='lat' dir='ltr'><em>Romani</em></span> <span class='ocrx_word' id='word_1_677' title='bbox 1313 1450 1493 1485; x_wconf 85' lang='lat' dir='ltr'><em>Pontifices</em></span> <span class='ocrx_word' id='word_1_678' title='bbox 1504 1449 1570 1485; x_wconf 92' lang='lat' dir='ltr'><em>huc</em></span> <span class='ocrx_word' id='word_1_679' title='bbox 1585 1453 1684 1495; x_wconf 90' lang='lat' dir='ltr'><em>usque</em></span> <span class='ocrx_word' id='word_1_680' title='bbox 1699 1453 1938 1486; x_wconf 89' lang='lat' dir='ltr'><em>continuarunt</em></span> <span class='ocrx_word' id='word_1_681' title='bbox 1950 1476 1957 1483; x_wconf 93' lang='lat'><em>.</em></span> <span class='ocrx_word' id='word_1_682' title='bbox 1986 1450 2045 1484; x_wconf 76' lang='lat' dir='ltr'><em>Ex</em></span> 
     </span>
     <span class='ocr_line' id='line_1_96' title="bbox 1156 1499 2045 1546; baseline -0.002 -11"><span class='ocrx_word' id='word_1_683' title='bbox 1156 1502 1214 1535; x_wconf 83' lang='lat' dir='ltr'><em>ista</em></span> <span class='ocrx_word' id='word_1_684' title='bbox 1228 1502 1331 1546; x_wconf 89' lang='lat' dir='ltr'><em>igitur</em></span> <span class='ocrx_word' id='word_1_685' title='bbox 1341 1526 1353 1543; x_wconf 87' lang='lat'>‚</span> <span class='ocrx_word' id='word_1_686' title='bbox 1380 1513 1451 1545; x_wconf 82' lang='lat' dir='ltr'><em>quae</em></span> <span class='ocrx_word' id='word_1_687' title='bbox 1464 1501 1569 1535; x_wconf 82' lang='lat' dir='ltr'><em>forsan</em></span> <span class='ocrx_word' id='word_1_688' title='bbox 1587 1502 1666 1536; x_wconf 88' lang='lat' dir='ltr'><em>&amp;in</em></span> <span class='ocrx_word' id='word_1_689' title='bbox 1678 1502 1764 1536; x_wconf 67' lang='lat' dir='ltr'><em>Paeti</em></span> <span class='ocrx_word' id='word_1_690' title='bbox 1775 1513 1789 1536; x_wconf 88' lang='lat' dir='ltr'><em>s</em></span> <span class='ocrx_word' id='word_1_691' title='bbox 1799 1502 1904 1536; x_wconf 84' lang='lat' dir='ltr'><em>fuerat</em></span> <span class='ocrx_word' id='word_1_692' title='bbox 1914 1499 2045 1544; x_wconf 82' lang='lat' dir='ltr'><em>expres-</em></span> 
     </span>
     <span class='ocr_line' id='line_1_97' title="bbox 1157 1551 2043 1596; baseline -0.001 -12"><span class='ocrx_word' id='word_1_693' title='bbox 1157 1552 1186 1584; x_wconf 87' lang='lat' dir='ltr'><em>sa</em></span> <span class='ocrx_word' id='word_1_694' title='bbox 1200 1576 1211 1591; x_wconf 95' lang='lat'>,</span> <span class='ocrx_word' id='word_1_695' title='bbox 1237 1551 1385 1585; x_wconf 87' lang='lat' dir='ltr'><em>libertate</em></span> <span class='ocrx_word' id='word_1_696' title='bbox 1396 1551 1575 1596; x_wconf 85' lang='lat' dir='ltr'><em>Gregorius</em></span> <span class='ocrx_word' id='word_1_697' title='bbox 1588 1553 1707 1586; x_wconf 70' lang='lat' dir='ltr'><em>Sansto</em></span> <span class='ocrx_word' id='word_1_698' title='bbox 1723 1552 1877 1586; x_wconf 86' lang='lat' dir='ltr'><em>Leandro</em></span> <span class='ocrx_word' id='word_1_699' title='bbox 1888 1574 1898 1590; x_wconf 95' lang='lat'>,</span> <span class='ocrx_word' id='word_1_700' title='bbox 1924 1551 2043 1585; x_wconf 87' lang='lat' dir='ltr'><em>incon-</em></span> 
     </span>
     <span class='ocr_line' id='line_1_98' title="bbox 1156 1600 2045 1640; baseline -0.001 -6"><span class='ocrx_word' id='word_1_701' title='bbox 1156 1601 1241 1635; x_wconf 90' lang='lat' dir='ltr'><em>sulto</em></span> <span class='ocrx_word' id='word_1_702' title='bbox 1251 1600 1439 1640; x_wconf 88' lang='lat' dir='ltr'><em>Mauricio,</em></span> <span class='ocrx_word' id='word_1_703' title='bbox 1466 1601 1642 1635; x_wconf 77' lang='lat' dir='ltr'><em>transmisit</em></span> <span class='ocrx_word' id='word_1_704' title='bbox 1662 1601 1804 1635; x_wconf 86' lang='lat' dir='ltr'><em>Pallium</em></span> <span class='ocrx_word' id='word_1_705' title='bbox 1821 1625 1829 1634; x_wconf 94' lang='lat'><em>.</em></span> <span class='ocrx_word' id='word_1_706' title='bbox 1852 1602 1919 1635; x_wconf 86' lang='lat' dir='ltr'><em>Sua</em></span> <span class='ocrx_word' id='word_1_707' title='bbox 1939 1601 2045 1634; x_wconf 82' lang='lat' dir='ltr'><em>etiam</em></span> 
     </span>
     <span class='ocr_line' id='line_1_99' title="bbox 1157 1650 2045 1696; baseline -0.003 -11"><span class='ocrx_word' id='word_1_708' title='bbox 1157 1652 1249 1685; x_wconf 68' lang='lat' dir='ltr'><em>Pasta</em></span> <span class='ocrx_word' id='word_1_709' title='bbox 1271 1651 1549 1696; x_wconf 89' lang='lat' dir='ltr'><em>Burgundionum</em></span> <span class='ocrx_word' id='word_1_710' title='bbox 1570 1651 1679 1696; x_wconf 87' lang='lat' dir='ltr'><em>Reges</em></span> <span class='ocrx_word' id='word_1_711' title='bbox 1703 1652 1867 1686; x_wconf 90' lang='lat' dir='ltr'><em>iniverant</em></span> <span class='ocrx_word' id='word_1_712' title='bbox 1890 1660 1966 1684; x_wconf 90' lang='lat' dir='ltr'><em>cum</em></span> <span class='ocrx_word' id='word_1_713' title='bbox 1978 1650 2045 1683; x_wconf 87' lang='lat' dir='ltr'><em>Im-</em></span> 
     </span>
     <span class='ocr_line' id='line_1_100' title="bbox 1157 1700 2045 1745; baseline -0.003 -10"><span class='ocrx_word' id='word_1_714' title='bbox 1157 1703 1247 1745; x_wconf 87' lang='lat' dir='ltr'><em>perio</em></span> <span class='ocrx_word' id='word_1_715' title='bbox 1260 1714 1271 1733; x_wconf 94' lang='lat'><em>.·</em></span> <span class='ocrx_word' id='word_1_716' title='bbox 1296 1700 1432 1743; x_wconf 89' lang='lat' dir='ltr'><em>Propter</em></span> <span class='ocrx_word' id='word_1_717' title='bbox 1449 1701 1516 1742; x_wconf 84' lang='lat' dir='ltr'><em>ipsa</em></span> <span class='ocrx_word' id='word_1_718' title='bbox 1531 1700 1678 1735; x_wconf 86' lang='lat' dir='ltr'><em>Romani</em></span> <span class='ocrx_word' id='word_1_719' title='bbox 1699 1700 1878 1735; x_wconf 89' lang='lat' dir='ltr'><em>Pontifices</em></span> <span class='ocrx_word' id='word_1_720' title='bbox 1901 1700 1942 1734; x_wconf 89' lang='lat' dir='ltr'><em>ad</em></span> <span class='ocrx_word' id='word_1_721' title='bbox 1966 1700 2045 1733; x_wconf 86' lang='lat' dir='ltr'><em>isto-</em></span> 
     </span>
     <span class='ocr_line' id='line_1_101' title="bbox 1157 1748 2044 1793; baseline -0.002 -8"><span class='ocrx_word' id='word_1_722' title='bbox 1157 1762 1226 1785; x_wconf 88' lang='lat' dir='ltr'><em>rum</em></span> <span class='ocrx_word' id='word_1_723' title='bbox 1248 1749 1430 1793; x_wconf 85' lang='lat' dir='ltr'><em>Episcopos</em></span> <span class='ocrx_word' id='word_1_724' title='bbox 1453 1750 1521 1783; x_wconf 88' lang='lat' dir='ltr'><em>fine</em></span> <span class='ocrx_word' id='word_1_725' title='bbox 1544 1748 1632 1783; x_wconf 88' lang='lat' dir='ltr'><em>illius</em></span> <span class='ocrx_word' id='word_1_726' title='bbox 1657 1751 1751 1783; x_wconf 89' lang='lat' dir='ltr'><em>venia</em></span> <span class='ocrx_word' id='word_1_727' title='bbox 1776 1761 1844 1784; x_wconf 88' lang='lat' dir='ltr'><em>non</em></span> <span class='ocrx_word' id='word_1_728' title='bbox 1862 1759 2044 1792; x_wconf 81' lang='lat' dir='ltr'><em>potuerunt:</em></span> 
     </span>
     <span class='ocr_line' id='line_1_102' title="bbox 1157 1799 2044 1836; baseline -0.001 -1"><span class='ocrx_word' id='word_1_729' title='bbox 1157 1802 1252 1835; x_wconf 81' lang='lat' dir='ltr'><em>istum</em></span> <span class='ocrx_word' id='word_1_730' title='bbox 1265 1803 1430 1836; x_wconf 88' lang='lat' dir='ltr'><em>ornatum</em></span> <span class='ocrx_word' id='word_1_731' title='bbox 1453 1799 1686 1834; x_wconf 88' lang='lat' dir='ltr'><em>transmittere.</em></span> <span class='ocrx_word' id='word_1_732' title='bbox 1716 1800 1788 1833; x_wconf 90' lang='lat' dir='ltr'><em>Nec</em></span> <span class='ocrx_word' id='word_1_733' title='bbox 1801 1801 1873 1834; x_wconf 88' lang='lat' dir='ltr'><em>suas</em></span> <span class='ocrx_word' id='word_1_734' title='bbox 1892 1799 1977 1833; x_wconf 88' lang='lat' dir='ltr'><em>vices</em></span> <span class='ocrx_word' id='word_1_735' title='bbox 1988 1799 2044 1834; x_wconf 84' lang='lat' dir='ltr'><em>de-</em></span> 
     </span>
     <span class='ocr_line' id='line_1_103' title="bbox 1156 1848 2045 1895; baseline -0.002 -10"><span class='ocrx_word' id='word_1_736' title='bbox 1156 1851 1280 1895; x_wconf 82' lang='lat' dir='ltr'><em>legare.</em></span> <span class='ocrx_word' id='word_1_737' title='bbox 1310 1849 1390 1883; x_wconf 84' lang='lat' dir='ltr'><em>Haec</em></span> <span class='ocrx_word' id='word_1_738' title='bbox 1410 1848 1456 1883; x_wconf 86' lang='lat' dir='ltr'><em>est</em></span> <span class='ocrx_word' id='word_1_739' title='bbox 1470 1860 1544 1883; x_wconf 85' lang='lat' dir='ltr'><em>vera</em></span> <span class='ocrx_word' id='word_1_740' title='bbox 1570 1848 1808 1885; x_wconf 84' lang='lat' dir='ltr'><em>&amp;authentica</em></span> <span class='ocrx_word' id='word_1_741' title='bbox 1820 1850 1924 1884; x_wconf 90' lang='lat' dir='ltr'><em>ratio.</em></span> <span class='ocrx_word' id='word_1_742' title='bbox 1949 1848 2045 1892; x_wconf 66' lang='lat' dir='ltr'><em>Istud</em></span> 
     </span>
     <span class='ocr_line' id='line_1_104' title="bbox 1157 1898 2044 1945; baseline 0 -10"><span class='ocrx_word' id='word_1_743' title='bbox 1157 1911 1264 1936; x_wconf 88' lang='lat' dir='ltr'><em>autern</em></span> <span class='ocrx_word' id='word_1_744' title='bbox 1278 1899 1447 1943; x_wconf 88' lang='lat' dir='ltr'><em>Imperiale</em></span> <span class='ocrx_word' id='word_1_745' title='bbox 1470 1898 1612 1933; x_wconf 88' lang='lat' dir='ltr'><em>Pallium</em></span> <span class='ocrx_word' id='word_1_746' title='bbox 1626 1925 1636 1941; x_wconf 92' lang='lat'>,</span> <span class='ocrx_word' id='word_1_747' title='bbox 1666 1900 1757 1943; x_wconf 78' lang='lat' dir='ltr'><em>cujus</em></span> <span class='ocrx_word' id='word_1_748' title='bbox 1777 1901 1862 1945; x_wconf 87' lang='lat' dir='ltr'><em>apud</em></span> <span class='ocrx_word' id='word_1_749' title='bbox 1887 1902 2044 1944; x_wconf 77' lang='lat' dir='ltr'><em>antiquos</em></span> 
     </span>
     <span class='ocr_line' id='line_1_105' title="bbox 1157 1949 2045 1996; baseline -0.001 -10"><span class='ocrx_word' id='word_1_750' title='bbox 1157 1952 1333 1996; x_wconf 84' lang='lat' dir='ltr'><em>Scriptores</em></span> <span class='ocrx_word' id='word_1_751' title='bbox 1343 1960 1398 1984; x_wconf 87' lang='lat' dir='ltr'><em>aut</em></span> <span class='ocrx_word' id='word_1_752' title='bbox 1412 1949 1556 1984; x_wconf 71' lang='lat' dir='ltr'><em>Pistores</em></span> <span class='ocrx_word' id='word_1_753' title='bbox 1568 1951 1659 1984; x_wconf 87' lang='lat' dir='ltr'><em>nulla</em></span> <span class='ocrx_word' id='word_1_754' title='bbox 1672 1951 1717 1984; x_wconf 88' lang='lat' dir='ltr'><em>est</em></span> <span class='ocrx_word' id='word_1_755' title='bbox 1730 1950 1858 1995; x_wconf 78' lang='lat' dir='ltr'><em>penitus</em></span> <span class='ocrx_word' id='word_1_756' title='bbox 1871 1950 2045 1993; x_wconf 89' lang='lat' dir='ltr'><em>memoria,</em></span> 
     </span>
     <span class='ocr_line' id='line_1_106' title="bbox 1156 1999 1863 2045; baseline -0.004 -8"><span class='ocrx_word' id='word_1_757' title='bbox 1156 2003 1201 2037; x_wconf 85' lang='lat' dir='ltr'><em>est</em></span> <span class='ocrx_word' id='word_1_758' title='bbox 1216 2012 1342 2036; x_wconf 88' lang='lat' dir='ltr'><em>merum</em></span> <span class='ocrx_word' id='word_1_759' title='bbox 1357 1999 1547 2043; x_wconf 83' lang='lat' dir='ltr'><em>phantasma</em></span> <span class='ocrx_word' id='word_1_760' title='bbox 1558 2011 1597 2034; x_wconf 90' lang='lat' dir='ltr'><em>ac</em></span> <span class='ocrx_word' id='word_1_761' title='bbox 1607 2011 1863 2045; x_wconf 84' lang='lat' dir='ltr'><em>nugamentum.</em></span> 
     </span>
     <span class='ocr_line' id='line_1_107' title="bbox 1206 2050 2050 2096; baseline 0.002 -11"><span class='ocrx_word' id='word_1_762' title='bbox 1206 2050 1437 2085; x_wconf 77' lang='lat' dir='ltr'><em>Nihilominus</em></span> <span class='ocrx_word' id='word_1_763' title='bbox 1458 2050 1625 2084; x_wconf 89' lang='lat' dir='ltr'><em>Dominus</em></span> <span class='ocrx_word' id='word_1_764' title='bbox 1649 2050 1949 2096; x_wconf 87' lang='lat' dir='ltr'><em>Archi-Episcopus</em></span> <span class='ocrx_word' id='word_1_765' title='bbox 1975 2056 2050 2096; x_wconf 61' lang='lat' dir='ltr'><em>peri</em></span> 
     </span>
     <span class='ocr_line' id='line_1_108' title="bbox 1155 2098 2045 2147; baseline 0.002 -13"><span class='ocrx_word' id='word_1_766' title='bbox 1155 2103 1222 2147; x_wconf 89' lang='lat' dir='ltr'><em>git:</em></span> <span class='ocrx_word' id='word_1_767' title='bbox 1251 2100 1363 2141; x_wconf 79' lang='lat' dir='ltr'><em>Exstat</em></span> <span class='ocrx_word' id='word_1_768' title='bbox 1374 2105 1407 2132; x_wconf 89' lang='lat' dir='ltr'><em>in</em></span> <span class='ocrx_word' id='word_1_769' title='bbox 1426 2098 1694 2142; x_wconf 74' lang='lat' dir='ltr'><em>bant-sententiam</em></span> <span class='ocrx_word' id='word_1_770' title='bbox 1703 2101 1945 2146; x_wconf 82' lang='lat' dir='ltr'><em>locusfingularis</em></span> <span class='ocrx_word' id='word_1_771' title='bbox 1956 2103 2045 2145; x_wconf 81' lang='lat' dir='ltr'><em>apud</em></span> 
     </span>
     <span class='ocr_line' id='line_1_109' title="bbox 1155 2150 2044 2196; baseline 0 -12"><span class='ocrx_word' id='word_1_772' title='bbox 1155 2150 1298 2184; x_wconf 68' lang='lat' dir='ltr'><em>santium</em></span> <span class='ocrx_word' id='word_1_773' title='bbox 1319 2153 1489 2193; x_wconf 86' lang='lat' dir='ltr'><em>Gregorium</em></span> <span class='ocrx_word' id='word_1_774' title='bbox 1510 2174 1520 2189; x_wconf 92' lang='lat'>‚</span> <span class='ocrx_word' id='word_1_775' title='bbox 1545 2155 1597 2191; x_wconf 86' lang='lat' dir='ltr'><em>qui</em></span> <span class='ocrx_word' id='word_1_776' title='bbox 1631 2153 1840 2192; x_wconf 82' lang='lat' dir='ltr'><em>Imperatorem</em></span> <span class='ocrx_word' id='word_1_777' title='bbox 1864 2162 1950 2196; x_wconf 86' lang='lat' dir='ltr'><em>rogat</em></span> <span class='ocrx_word' id='word_1_778' title='bbox 1973 2177 1984 2193; x_wconf 91' lang='lat'>‚</span> <span class='ocrx_word' id='word_1_779' title='bbox 2010 2160 2044 2186; x_wconf 77' lang='lat' dir='ltr'><em>ut</em></span> 
     </span>
     <span class='ocr_line' id='line_1_110' title="bbox 1157 2198 2046 2245; baseline 0.002 -11"><span class='ocrx_word' id='word_1_780' title='bbox 1157 2199 1319 2242; x_wconf 79' lang='lat' dir='ltr'><em>Anastasius</em></span> <span class='ocrx_word' id='word_1_781' title='bbox 1332 2198 1513 2232; x_wconf 87' lang='lat' dir='ltr'><em>Patriarcba</em></span> <span class='ocrx_word' id='word_1_782' title='bbox 1525 2199 1719 2234; x_wconf 66' lang='lat' dir='ltr'><em>antiochenus</em></span> <span class='ocrx_word' id='word_1_783' title='bbox 1732 2225 1742 2241; x_wconf 92' lang='lat'>,</span> <span class='ocrx_word' id='word_1_784' title='bbox 1770 2207 1822 2244; x_wconf 86' lang='lat' dir='ltr'><em>qui</em></span> <span class='ocrx_word' id='word_1_785' title='bbox 1834 2203 1905 2236; x_wconf 80' lang='lat' dir='ltr'><em>Sede</em></span> <span class='ocrx_word' id='word_1_786' title='bbox 1912 2201 1969 2245; x_wconf 90' lang='lat' dir='ltr'><em>sua</em></span> <span class='ocrx_word' id='word_1_787' title='bbox 1976 2203 2046 2243; x_wconf 85' lang='lat' dir='ltr'><em>pul-</em></span> 
     </span>
     <span class='ocr_line' id='line_1_111' title="bbox 1150 2250 2043 2295; baseline 0.001 -11"><span class='ocrx_word' id='word_1_788' title='bbox 1150 2250 1204 2294; x_wconf 87' lang='lat' dir='ltr'><em>sus</em></span> <span class='ocrx_word' id='word_1_789' title='bbox 1226 2260 1314 2291; x_wconf 89' lang='lat' dir='ltr'><em>erat,</em></span> <span class='ocrx_word' id='word_1_790' title='bbox 1342 2251 1429 2291; x_wconf 88' lang='lat' dir='ltr'><em>apud</em></span> <span class='ocrx_word' id='word_1_791' title='bbox 1435 2250 1540 2283; x_wconf 81' lang='lat' dir='ltr'><em>Sedem</em></span> <span class='ocrx_word' id='word_1_792' title='bbox 1551 2250 1738 2291; x_wconf 68' lang='lat' dir='ltr'><em>apostolicam</em></span> <span class='ocrx_word' id='word_1_793' title='bbox 1759 2253 2043 2295; x_wconf 81' lang='lat' dir='ltr'><em>commoraripoffet‚</em></span> 
     </span>
     <span class='ocr_line' id='line_1_112' title="bbox 1155 2297 2044 2343; baseline 0.003 -11"><span class='ocrx_word' id='word_1_794' title='bbox 1155 2312 1189 2333; x_wconf 86' lang='lat' dir='ltr'><em>ac</em></span> <span class='ocrx_word' id='word_1_795' title='bbox 1210 2302 1388 2343; x_wconf 80' lang='lat' dir='ltr'><em>dignitatem</em></span> <span class='ocrx_word' id='word_1_796' title='bbox 1404 2297 1492 2340; x_wconf 84' lang='lat' dir='ltr'><em>suam</em></span> <span class='ocrx_word' id='word_1_797' title='bbox 1512 2303 1658 2339; x_wconf 86' lang='lat' dir='ltr'><em>retinere,</em></span> <span class='ocrx_word' id='word_1_798' title='bbox 1684 2303 1834 2335; x_wconf 81' lang='lat' dir='ltr'><em>concesso</em></span> <span class='ocrx_word' id='word_1_799' title='bbox 1849 2303 1906 2336; x_wconf 91' lang='lat' dir='ltr'><em>usu</em></span> <span class='ocrx_word' id='word_1_800' title='bbox 1925 2302 2044 2336; x_wconf 85' lang='lat' dir='ltr'><em>Pallii.</em></span> 
     </span>
     <span class='ocr_line' id='line_1_113' title="bbox 1155 2348 2046 2393; baseline 0.002 -11"><span class='ocrx_word' id='word_1_801' title='bbox 1155 2354 1217 2383; x_wconf 87' lang='lat' dir='ltr'><em>Cur</em></span> <span class='ocrx_word' id='word_1_802' title='bbox 1228 2359 1329 2383; x_wconf 86' lang='lat' dir='ltr'><em>autem</em></span> <span class='ocrx_word' id='word_1_803' title='bbox 1345 2348 1514 2391; x_wconf 81' lang='lat' dir='ltr'><em>beneficium</em></span> <span class='ocrx_word' id='word_1_804' title='bbox 1526 2348 1579 2382; x_wconf 87' lang='lat' dir='ltr'><em>boc</em></span> <span class='ocrx_word' id='word_1_805' title='bbox 1588 2349 1627 2382; x_wconf 89' lang='lat' dir='ltr'><em>ab</em></span> <span class='ocrx_word' id='word_1_806' title='bbox 1638 2353 1818 2391; x_wconf 82' lang='lat' dir='ltr'><em>Imperatore</em></span> <span class='ocrx_word' id='word_1_807' title='bbox 1826 2351 1947 2393; x_wconf 83' lang='lat' dir='ltr'><em>postulet</em></span> <span class='ocrx_word' id='word_1_808' title='bbox 1970 2355 2046 2384; x_wconf 85' lang='lat' dir='ltr'><em>Gre-</em></span> 
     </span>
     <span class='ocr_line' id='line_1_114' title="bbox 1149 2398 2049 2444; baseline 0.002 -11"><span class='ocrx_word' id='word_1_809' title='bbox 1149 2406 1275 2444; x_wconf 80' lang='lat' dir='ltr'><em>gorius,</em></span> <span class='ocrx_word' id='word_1_810' title='bbox 1303 2401 1386 2432; x_wconf 87' lang='lat' dir='ltr'><em>nulla</em></span> <span class='ocrx_word' id='word_1_811' title='bbox 1409 2398 1473 2431; x_wconf 91' lang='lat' dir='ltr'><em>alia</em></span> <span class='ocrx_word' id='word_1_812' title='bbox 1496 2404 1574 2431; x_wconf 83' lang='lat' dir='ltr'><em>ratio</em></span> <span class='ocrx_word' id='word_1_813' title='bbox 1594 2400 1645 2442; x_wconf 83' lang='lat' dir='ltr'><em>effe</em></span> <span class='ocrx_word' id='word_1_814' title='bbox 1653 2400 1747 2442; x_wconf 82' lang='lat' dir='ltr'><em>potest</em></span> <span class='ocrx_word' id='word_1_815' title='bbox 1759 2425 1770 2440; x_wconf 86' lang='lat'>,</span> <span class='ocrx_word' id='word_1_816' title='bbox 1796 2412 1886 2443; x_wconf 90' lang='lat' dir='ltr'><em>quam</em></span> <span class='ocrx_word' id='word_1_817' title='bbox 1896 2402 1975 2444; x_wconf 85' lang='lat' dir='ltr'><em>quod</em></span> <span class='ocrx_word' id='word_1_818' title='bbox 1985 2405 2049 2435; x_wconf 88' lang='lat' dir='ltr'><em>Pa·</em></span> 
     </span>
     <span class='ocr_line' id='line_1_115' title="bbox 1151 2448 2046 2492; baseline 0.002 -10"><span class='ocrx_word' id='word_1_819' title='bbox 1151 2448 1288 2489; x_wconf 84' lang='lat' dir='ltr'><em>triarcba</em></span> <span class='ocrx_word' id='word_1_820' title='bbox 1300 2450 1348 2482; x_wconf 85' lang='lat' dir='ltr'><em>ilie</em></span> <span class='ocrx_word' id='word_1_821' title='bbox 1363 2448 1492 2481; x_wconf 86' lang='lat' dir='ltr'><em>Pallium</em></span> <span class='ocrx_word' id='word_1_822' title='bbox 1514 2448 1552 2480; x_wconf 89' lang='lat' dir='ltr'><em>ab</em></span> <span class='ocrx_word' id='word_1_823' title='bbox 1563 2452 1755 2490; x_wconf 81' lang='lat' dir='ltr'><em>Imperatoris</em></span> <span class='ocrx_word' id='word_1_824' title='bbox 1780 2451 1982 2492; x_wconf 83' lang='lat' dir='ltr'><em>munificentia</em></span> <span class='ocrx_word' id='word_1_825' title='bbox 1992 2452 2046 2484; x_wconf 87' lang='lat' dir='ltr'><em>ha-</em></span> 
     </span>
     <span class='ocr_line' id='line_1_116' title="bbox 1155 2497 2048 2542; baseline 0.001 -9"><span class='ocrx_word' id='word_1_826' title='bbox 1155 2499 1259 2533; x_wconf 87' lang='lat' dir='ltr'><em>bebat.</em></span> <span class='ocrx_word' id='word_1_827' title='bbox 1287 2498 1488 2541; x_wconf 87' lang='lat' dir='ltr'><em>Respondeo</em></span> <span class='ocrx_word' id='word_1_828' title='bbox 1498 2498 1560 2531; x_wconf 78' lang='lat' dir='ltr'><em>effe</em></span> <span class='ocrx_word' id='word_1_829' title='bbox 1572 2497 1790 2542; x_wconf 89' lang='lat' dir='ltr'><em>incongruam</em></span> <span class='ocrx_word' id='word_1_830' title='bbox 1812 2501 1846 2533; x_wconf 76' lang='lat' dir='ltr'><em>dc</em></span> <span class='ocrx_word' id='word_1_831' title='bbox 1868 2501 1983 2534; x_wconf 84' lang='lat' dir='ltr'><em>falsam</em></span> <span class='ocrx_word' id='word_1_832' title='bbox 1993 2511 2048 2534; x_wconf 85' lang='lat' dir='ltr'><em>ra·-</em></span> 
     </span>
     <span class='ocr_line' id='line_1_117' title="bbox 1155 2547 2047 2591; baseline 0.001 -7"><span class='ocrx_word' id='word_1_833' title='bbox 1155 2551 1284 2584; x_wconf 89' lang='lat' dir='ltr'><em>tionem</em></span> <span class='ocrx_word' id='word_1_834' title='bbox 1299 2576 1305 2582; x_wconf 85' lang='lat'><strong><em>.</em></strong></span> <span class='ocrx_word' id='word_1_835' title='bbox 1318 2547 1450 2582; x_wconf 84' lang='lat' dir='ltr'><em>Etenim</em></span> <span class='ocrx_word' id='word_1_836' title='bbox 1462 2547 1535 2590; x_wconf 88' lang='lat' dir='ltr'><em>quis</em></span> <span class='ocrx_word' id='word_1_837' title='bbox 1545 2558 1691 2591; x_wconf 85' lang='lat' dir='ltr'><em>unquam</em></span> <span class='ocrx_word' id='word_1_838' title='bbox 1707 2547 1895 2584; x_wconf 83' lang='lat' dir='ltr'><em>Patriarcha</em></span> <span class='ocrx_word' id='word_1_839' title='bbox 1906 2560 1962 2585; x_wconf 88' lang='lat' dir='ltr'><em>aut</em></span> <span class='ocrx_word' id='word_1_840' title='bbox 1973 2551 2047 2585; x_wconf 92' lang='lat' dir='ltr'><em>Me-</em></span> 
     </span>
     <span class='ocr_line' id='line_1_118' title="bbox 1156 2597 2046 2645; baseline 0.001 -11"><span class='ocrx_word' id='word_1_841' title='bbox 1156 2599 1310 2643; x_wconf 82' lang='lat' dir='ltr'><em>tropolita</em></span> <span class='ocrx_word' id='word_1_842' title='bbox 1322 2599 1385 2632; x_wconf 85' lang='lat' dir='ltr'><em>suit</em></span> <span class='ocrx_word' id='word_1_843' title='bbox 1398 2609 1451 2641; x_wconf 89' lang='lat' dir='ltr'><em>per</em></span> <span class='ocrx_word' id='word_1_844' title='bbox 1461 2598 1694 2641; x_wconf 83' lang='lat' dir='ltr'><em>Imperatorem</em></span> <span class='ocrx_word' id='word_1_845' title='bbox 1717 2597 1888 2633; x_wconf 85' lang='lat' dir='ltr'><em>investitus</em></span> <span class='ocrx_word' id='word_1_846' title='bbox 1913 2600 2046 2645; x_wconf 82' lang='lat' dir='ltr'><em>Episco-</em></span> 
     </span>
     <span class='ocr_line' id='line_1_119' title="bbox 1156 2646 2045 2694; baseline 0.003 -11"><span class='ocrx_word' id='word_1_847' title='bbox 1156 2651 1219 2694; x_wconf 88' lang='lat' dir='ltr'><em>pali</em></span> <span class='ocrx_word' id='word_1_848' title='bbox 1236 2649 1366 2683; x_wconf 85' lang='lat' dir='ltr'><em>Pallio?</em></span> <span class='ocrx_word' id='word_1_849' title='bbox 1396 2646 1588 2689; x_wconf 84' lang='lat' dir='ltr'><em>Aliquando</em></span> <span class='ocrx_word' id='word_1_850' title='bbox 1600 2647 1787 2682; x_wconf 87' lang='lat' dir='ltr'><em>Graecorum</em></span> <span class='ocrx_word' id='word_1_851' title='bbox 1810 2649 2022 2694; x_wconf 85' lang='lat' dir='ltr'><em>Imperatores</em></span> <span class='ocrx_word' id='word_1_852' title='bbox 2033 2675 2045 2692; x_wconf 87' lang='lat'><strong>,</strong></span> 
     </span>
     <span class='ocr_line' id='line_1_120' title="bbox 1155 2697 2046 2744; baseline 0.002 -10"><span class='ocrx_word' id='word_1_853' title='bbox 1155 2701 1203 2734; x_wconf 91' lang='lat' dir='ltr'><em>uti</em></span> <span class='ocrx_word' id='word_1_854' title='bbox 1225 2698 1464 2733; x_wconf 87' lang='lat' dir='ltr'><em>&amp;Latinorum</em></span> <span class='ocrx_word' id='word_1_855' title='bbox 1488 2697 1618 2742; x_wconf 88' lang='lat' dir='ltr'><em>Reges,</em></span> <span class='ocrx_word' id='word_1_856' title='bbox 1646 2699 1881 2735; x_wconf 89' lang='lat' dir='ltr'><em>investiverunt</em></span> <span class='ocrx_word' id='word_1_857' title='bbox 1910 2713 1965 2744; x_wconf 87' lang='lat' dir='ltr'><em>per</em></span> <span class='ocrx_word' id='word_1_858' title='bbox 1985 2701 2046 2736; x_wconf 90' lang='lat' dir='ltr'><em>Pe-</em></span> 
     </span>
     <span class='ocr_line' id='line_1_121' title="bbox 1155 2747 2046 2792; baseline 0.001 -8"><span class='ocrx_word' id='word_1_859' title='bbox 1155 2749 1259 2792; x_wconf 89' lang='lat' dir='ltr'><em>dum;</em></span> <span class='ocrx_word' id='word_1_860' title='bbox 1288 2759 1457 2792; x_wconf 88' lang='lat' dir='ltr'><em>nunquam</em></span> <span class='ocrx_word' id='word_1_861' title='bbox 1470 2759 1523 2791; x_wconf 88' lang='lat' dir='ltr'><em>per</em></span> <span class='ocrx_word' id='word_1_862' title='bbox 1537 2747 1693 2781; x_wconf 88' lang='lat' dir='ltr'><em>Pallium.</em></span> <span class='ocrx_word' id='word_1_863' title='bbox 1723 2749 1834 2792; x_wconf 86' lang='lat' dir='ltr'><em>Hujus</em></span> <span class='ocrx_word' id='word_1_864' title='bbox 1845 2750 2046 2786; x_wconf 73' lang='lat' dir='ltr'><em>investiturae</em></span> 
     </span>
     <span class='ocr_line' id='line_1_122' title="bbox 1156 2798 2045 2845; baseline 0.003 -12"><span class='ocrx_word' id='word_1_865' title='bbox 1156 2801 1285 2834; x_wconf 90' lang='lat' dir='ltr'><em>nullum</em></span> <span class='ocrx_word' id='word_1_866' title='bbox 1295 2800 1340 2833; x_wconf 84' lang='lat' dir='ltr'><em>est</em></span> <span class='ocrx_word' id='word_1_867' title='bbox 1353 2799 1539 2841; x_wconf 86' lang='lat' dir='ltr'><em>exemplum</em></span> <span class='ocrx_word' id='word_1_868' title='bbox 1553 2822 1563 2837; x_wconf 90' lang='lat'><strong><em>,</em></strong></span> <span class='ocrx_word' id='word_1_869' title='bbox 1591 2798 1648 2831; x_wconf 78' lang='lat' dir='ltr'><em>nisi</em></span> <span class='ocrx_word' id='word_1_870' title='bbox 1663 2799 1769 2833; x_wconf 86' lang='lat' dir='ltr'><em>forsan</em></span> <span class='ocrx_word' id='word_1_871' title='bbox 1780 2800 1941 2845; x_wconf 83' lang='lat' dir='ltr'><em>prophani</em></span> <span class='ocrx_word' id='word_1_872' title='bbox 1954 2802 2045 2836; x_wconf 87' lang='lat' dir='ltr'><em>Con-</em></span> 
     </span>
     <span class='ocr_line' id='line_1_123' title="bbox 1156 2847 2044 2895; baseline 0.002 -12"><span class='ocrx_word' id='word_1_873' title='bbox 1156 2851 1288 2884; x_wconf 87' lang='lat' dir='ltr'><em>stantini</em></span> <span class='ocrx_word' id='word_1_874' title='bbox 1313 2847 1508 2882; x_wconf 76' lang='lat' dir='ltr'><em>Patriarchae</em></span> <span class='ocrx_word' id='word_1_875' title='bbox 1532 2848 1916 2894; x_wconf 84' lang='lat' dir='ltr'><em>Constantinopolitani,</em></span> <span class='ocrx_word' id='word_1_876' title='bbox 1945 2863 2044 2895; x_wconf 85' lang='lat' dir='ltr'><em>quem</em></span> 
     </span>
     <span class='ocr_line' id='line_1_124' title="bbox 1155 2899 2044 2942; baseline 0.002 -8"><span class='ocrx_word' id='word_1_877' title='bbox 1155 2900 1356 2935; x_wconf 89' lang='lat' dir='ltr'><em>facinorosus</em></span> <span class='ocrx_word' id='word_1_878' title='bbox 1378 2899 1556 2942; x_wconf 86' lang='lat' dir='ltr'><em>Imperator</em></span> <span class='ocrx_word' id='word_1_879' title='bbox 1584 2899 1823 2935; x_wconf 85' lang='lat' dir='ltr'><em>Constantinus</em></span> <span class='ocrx_word' id='word_1_880' title='bbox 1851 2901 2044 2936; x_wconf 82' lang='lat' dir='ltr'><em>Caballinus</em></span> 
     </span>
     <span class='ocr_line' id='line_1_125' title="bbox 1157 2948 2043 2988; baseline 0.001 -3"><span class='ocrx_word' id='word_1_881' title='bbox 1157 2952 1189 2985; x_wconf 88' lang='lat' dir='ltr'><em>in</em></span> <span class='ocrx_word' id='word_1_882' title='bbox 1220 2949 1367 2983; x_wconf 80' lang='lat' dir='ltr'><em>Ecciefiae</em></span> <span class='ocrx_word' id='word_1_883' title='bbox 1398 2948 1589 2983; x_wconf 87' lang='lat' dir='ltr'><em>Ambonem</em></span> <span class='ocrx_word' id='word_1_884' title='bbox 1612 2948 1730 2988; x_wconf 78' lang='lat' dir='ltr'><em>duxit,</em></span> <span class='ocrx_word' id='word_1_885' title='bbox 1757 2950 1792 2983; x_wconf 77' lang='grc' dir='ltr'><em>ὅς</em></span> <span class='ocrx_word' id='word_1_886' title='bbox 1814 2948 1910 2984; x_wconf 78' lang='lat' dir='ltr'><em>isthic</em></span> <span class='ocrx_word' id='word_1_887' title='bbox 1932 2962 2043 2986; x_wconf 87' lang='lat' dir='ltr'><em>coram</em></span> 
     </span>
     <span class='ocr_line' id='line_1_126' title="bbox 1155 2997 2044 3045; baseline 0 -10"><span class='ocrx_word' id='word_1_888' title='bbox 1155 3001 1247 3035; x_wconf 86' lang='lat' dir='ltr'><em>omni</em></span> <span class='ocrx_word' id='word_1_889' title='bbox 1262 2999 1392 3041; x_wconf 86' lang='lat' dir='ltr'><em>Populo</em></span> <span class='ocrx_word' id='word_1_890' title='bbox 1406 2998 1534 3033; x_wconf 84' lang='lat' dir='ltr'><em>vestivit</em></span> <span class='ocrx_word' id='word_1_891' title='bbox 1546 3000 1579 3033; x_wconf 92' lang='lat' dir='ltr'><em>in</em></span> <span class='ocrx_word' id='word_1_892' title='bbox 1603 2997 1823 3034; x_wconf 86' lang='lat' dir='ltr'><em>Patriarcham</em></span> <span class='ocrx_word' id='word_1_893' title='bbox 1836 3023 1843 3032; x_wconf 89' lang='lat'>.</span> <span class='ocrx_word' id='word_1_894' title='bbox 1871 3001 2044 3045; x_wconf 76' lang='lat' dir='ltr'><em>imposuis·</em></span> 
     </span>
     <span class='ocr_line' id='line_1_127' title="bbox 1156 3048 2042 3094; baseline 0.001 -9"><span class='ocrx_word' id='word_1_895' title='bbox 1156 3053 1188 3085; x_wconf 89' lang='lat' dir='ltr'><em>se</em></span> <span class='ocrx_word' id='word_1_896' title='bbox 1199 3051 1254 3094; x_wconf 84' lang='lat' dir='ltr'><em>ipfi</em></span> <span class='ocrx_word' id='word_1_897' title='bbox 1268 3049 1362 3093; x_wconf 85' lang='lat' dir='ltr'><em>poffit</em></span> <span class='ocrx_word' id='word_1_898' title='bbox 1374 3049 1473 3085; x_wconf 82' lang='lat' dir='ltr'><em>etiam</em></span> <span class='ocrx_word' id='word_1_899' title='bbox 1484 3048 1730 3092; x_wconf 86' lang='lat' dir='ltr'><em>Omophorion.</em></span> <span class='ocrx_word' id='word_1_900' title='bbox 1750 3049 1933 3085; x_wconf 84' lang='lat' dir='ltr'><em>Audiamus</em></span> <span class='ocrx_word' id='word_1_901' title='bbox 1946 3051 2042 3086; x_wconf 81' lang='lat' dir='ltr'><em>verba</em></span> 
     </span>
     <span class='ocr_line' id='line_1_128' title="bbox 1156 3098 2042 3146; baseline 0.003 -12"><span class='ocrx_word' id='word_1_902' title='bbox 1156 3100 1306 3146; x_wconf 88' lang='lat' dir='ltr'><em>Gregorii</em></span> <span class='ocrx_word' id='word_1_903' title='bbox 1328 3100 1362 3132; x_wconf 88' lang='lat' dir='ltr'><em>in</em></span> <span class='ocrx_word' id='word_1_904' title='bbox 1384 3099 1500 3133; x_wconf 89' lang='lat' dir='ltr'><em>litteris</em></span> <span class='ocrx_word' id='word_1_905' title='bbox 1527 3099 1567 3132; x_wconf 89' lang='lat' dir='ltr'><em>ad</em></span> <span class='ocrx_word' id='word_1_906' title='bbox 1589 3098 1815 3134; x_wconf 78' lang='lat' dir='ltr'><em>Sebastianum</em></span> <span class='ocrx_word' id='word_1_907' title='bbox 1841 3101 2042 3146; x_wconf 88' lang='lat' dir='ltr'><em>Episcopum</em></span> 
     </span>
    </p>
   </div>
   <div class='ocr_carea' id='block_1_16' title="bbox 1156 3147 2209 3195">
    <p class='ocr_par' dir='ltr' id='par_1_17' title="bbox 1156 3147 2209 3195">
     <span class='ocr_line' id='line_1_129' title="bbox 1156 3147 2209 3195; baseline -0.006 -10"><span class='ocrx_word' id='word_1_908' title='bbox 1156 3150 1420 3186; x_wconf 88' lang='lat' dir='ltr'><em>Rhiziniensem:</em></span> <span class='ocrx_word' id='word_1_909' title='bbox 1448 3148 1548 3181; x_wconf 84' lang='lat' dir='ltr'><em>Indica</em></span> <span class='ocrx_word' id='word_1_910' title='bbox 1567 3147 1775 3193; x_wconf 86' lang='lat' dir='ltr'><em>suggestionem</em></span> <span class='ocrx_word' id='word_1_911' title='bbox 1797 3161 1842 3184; x_wconf 87' lang='lat' dir='ltr'><em>me</em></span> <span class='ocrx_word' id='word_1_912' title='bbox 1859 3153 1945 3193; x_wconf 84' lang='lat' dir='ltr'><em>apud</em></span> <span class='ocrx_word' id='word_1_913' title='bbox 1959 3156 2043 3194; x_wconf 79' lang='lat' dir='ltr'><em>piiffi.</em></span> <span class='ocrx_word' id='word_1_914' title='bbox 2061 3157 2209 3195; x_wconf 60' lang='lat' dir='ltr'><em>L,1.Ep‚27</em></span> 
     </span>
    </p>
   </div>
   <div class='ocr_carea' id='block_1_17' title="bbox 1154 3198 2041 3443">
    <p class='ocr_par' dir='ltr' id='par_1_18' title="bbox 1154 3198 2041 3443">
     <span class='ocr_line' id='line_1_130' title="bbox 1156 3198 2041 3244; baseline 0.001 -10"><span class='ocrx_word' id='word_1_915' title='bbox 1156 3213 1216 3234; x_wconf 87' lang='lat' dir='ltr'><em>mos</em></span> <span class='ocrx_word' id='word_1_916' title='bbox 1238 3204 1377 3233; x_wconf 83' lang='lat' dir='ltr'><em>Dominos</em></span> <span class='ocrx_word' id='word_1_917' title='bbox 1383 3198 1508 3241; x_wconf 88' lang='lat' dir='ltr'><em>summis</em></span> <span class='ocrx_word' id='word_1_918' title='bbox 1516 3200 1655 3240; x_wconf 83' lang='lat' dir='ltr'><em>precibus</em></span> <span class='ocrx_word' id='word_1_919' title='bbox 1661 3202 1784 3242; x_wconf 84' lang='lat' dir='ltr'><em>plenam</em></span> <span class='ocrx_word' id='word_1_920' title='bbox 1787 3200 1889 3244; x_wconf 84' lang='lat' dir='ltr'><em>feciffe</em></span> <span class='ocrx_word' id='word_1_921' title='bbox 1900 3227 1910 3242; x_wconf 91' lang='lat'>,</span> <span class='ocrx_word' id='word_1_922' title='bbox 1937 3211 1972 3235; x_wconf 86' lang='lat' dir='ltr'><em>ut</em></span> <span class='ocrx_word' id='word_1_923' title='bbox 1993 3209 2041 3237; x_wconf 83' lang='lat' dir='ltr'><em>vi-</em></span> 
     </span>
     <span class='ocr_line' id='line_1_131' title="bbox 1154 3249 2040 3294; baseline 0.002 -11"><span class='ocrx_word' id='word_1_924' title='bbox 1154 3262 1218 3283; x_wconf 89' lang='lat' dir='ltr'><em>rum</em></span> <span class='ocrx_word' id='word_1_925' title='bbox 1228 3251 1416 3290; x_wconf 79' lang='lat' dir='ltr'><em>beatt&#39;ffimum</em></span> <span class='ocrx_word' id='word_1_926' title='bbox 1424 3250 1582 3282; x_wconf 85' lang='lat' dir='ltr'><em>Dominum</em></span> <span class='ocrx_word' id='word_1_927' title='bbox 1603 3254 1627 3281; x_wconf 83' lang='lat' dir='ltr'><em>A</em></span> <span class='ocrx_word' id='word_1_928' title='bbox 1631 3249 1783 3291; x_wconf 83' lang='lat' dir='ltr'><em>nastafium</em></span> <span class='ocrx_word' id='word_1_929' title='bbox 1806 3252 2019 3286; x_wconf 72' lang='lat' dir='ltr'><em>patriarcham</em></span> <span class='ocrx_word' id='word_1_930' title='bbox 2028 3278 2040 3294; x_wconf 86' lang='lat'><em>‚</em></span> 
     </span>
     <span class='ocr_line' id='line_1_132' title="bbox 1155 3298 2041 3345; baseline 0.001 -11"><span class='ocrx_word' id='word_1_931' title='bbox 1155 3302 1270 3345; x_wconf 83' lang='lat' dir='ltr'><em>concesso</em></span> <span class='ocrx_word' id='word_1_932' title='bbox 1289 3298 1341 3343; x_wconf 83' lang='lat' dir='ltr'><em>usu</em></span> <span class='ocrx_word' id='word_1_933' title='bbox 1357 3299 1466 3338; x_wconf 85' lang='lat' dir='ltr'><em>Pallii,</em></span> <span class='ocrx_word' id='word_1_934' title='bbox 1492 3301 1536 3331; x_wconf 84' lang='lat' dir='ltr'><em>ad</em></span> <span class='ocrx_word' id='word_1_935' title='bbox 1542 3301 1633 3332; x_wconf 86' lang='lat' dir='ltr'><em>Beati</em></span> <span class='ocrx_word' id='word_1_936' title='bbox 1646 3303 1730 3333; x_wconf 80' lang='lat' dir='ltr'><em>Petri</em></span> <span class='ocrx_word' id='word_1_937' title='bbox 1744 3300 1936 3343; x_wconf 62' lang='lat' dir='ltr'><em>Apostolorum</em></span> <span class='ocrx_word' id='word_1_938' title='bbox 1953 3306 2041 3345; x_wconf 74' lang='lat' dir='ltr'><em>Prin-</em></span> 
     </span>
     <span class='ocr_line' id='line_1_133' title="bbox 1155 3349 2041 3395; baseline 0.002 -11"><span class='ocrx_word' id='word_1_939' title='bbox 1155 3357 1230 3394; x_wconf 87' lang='lat' dir='ltr'><em>cipis</em></span> <span class='ocrx_word' id='word_1_940' title='bbox 1255 3354 1362 3385; x_wconf 82' lang='lat' dir='ltr'><em>limina</em></span> <span class='ocrx_word' id='word_1_941' title='bbox 1373 3373 1383 3388; x_wconf 93' lang='lat'><em>‚</em></span> <span class='ocrx_word' id='word_1_942' title='bbox 1409 3359 1519 3382; x_wconf 88' lang='lat' dir='ltr'><em>mecum</em></span> <span class='ocrx_word' id='word_1_943' title='bbox 1543 3349 1756 3383; x_wconf 86' lang='lat' dir='ltr'><em>celebraturum</em></span> <span class='ocrx_word' id='word_1_944' title='bbox 1777 3352 1929 3395; x_wconf 84' lang='lat' dir='ltr'><em>Miffarum</em></span> <span class='ocrx_word' id='word_1_945' title='bbox 1936 3351 2041 3395; x_wconf 89' lang='lat' dir='ltr'><em>salem·</em></span> 
     </span>
     <span class='ocr_line' id='line_1_134' title="bbox 1159 3398 2040 3443; baseline -0.001 -8"><span class='ocrx_word' id='word_1_946' title='bbox 1159 3407 1210 3435; x_wconf 84' lang='lat' dir='ltr'><em>nia</em></span> <span class='ocrx_word' id='word_1_947' title='bbox 1221 3425 1234 3443; x_wconf 91' lang='lat'>‚</span> <span class='ocrx_word' id='word_1_948' title='bbox 1258 3398 1462 3443; x_wconf 82' lang='lat' dir='ltr'><em>transmittere</em></span> <span class='ocrx_word' id='word_1_949' title='bbox 1472 3399 1632 3443; x_wconf 81' lang='lat' dir='ltr'><em>debuiffent</em></span> <span class='ocrx_word' id='word_1_950' title='bbox 1643 3424 1654 3442; x_wconf 92' lang='lat'><strong>,</strong></span> <span class='ocrx_word' id='word_1_951' title='bbox 1675 3410 1823 3443; x_wconf 88' lang='lat' dir='ltr'><em>quatenus</em></span> <span class='ocrx_word' id='word_1_952' title='bbox 1827 3400 1860 3443; x_wconf 63' lang='lat' dir='ltr'><em>st*</em></span> <span class='ocrx_word' id='word_1_953' title='bbox 1866 3408 1894 3436; x_wconf 84' lang='lat' dir='ltr'><em>ti</em></span> <span class='ocrx_word' id='word_1_954' title='bbox 1903 3404 1948 3435; x_wconf 86' lang='lat' dir='ltr'><em>ad</em></span> <span class='ocrx_word' id='word_1_955' title='bbox 1950 3401 2040 3443; x_wconf 87' lang='lat' dir='ltr'><em>suam</em></span> 
     </span>
    </p>
   </div>
   <div class='ocr_carea' id='block_1_18' title="bbox 1657 3451 1991 3498">
    <p class='ocr_par' dir='ltr' id='par_1_19' title="bbox 1657 3451 1991 3498">
     <span class='ocr_line' id='line_1_135' title="bbox 1657 3451 1991 3498; baseline 0 -15"><span class='ocrx_word' id='word_1_956' title='bbox 1657 3451 1717 3498; x_wconf 65' lang='lat' dir='ltr'>Q</span> <span class='ocrx_word' id='word_1_957' title='bbox 1937 3453 1957 3482; x_wconf 87' lang='lat'><em>5</em></span> <span class='ocrx_word' id='word_1_958' title='bbox 1957 3461 1991 3483; x_wconf 79' lang='lat' dir='ltr'><em>e·-</em></span> 
     </span>
    </p>
   </div>
  </div>
 </body>
</html>
