2326 3718
673 97 958 142 Romanus
994 93 1583 145 ArreLLArloNrssus.

219 186 292 217 cline
302 194 378 218 nono
391 185 502 218 rediere
512 192 575 215 cum
587 182 756 216 Canonibus
768 185 905 215 Nicaenis
915 205 926 220 ‚
952 186 984 213 in
994 179 1099 223 quibus

221 233 299 267 nihil
305 234 404 268 debis
416 244 482 275 quae
497 234 656 272 Faustinus
665 233 806 266 attulerat
817 256 824 263 .
857 235 952 273 Hique
962 235 1099 264 canones

221 285 355 318 continu)
363 285 453 317 relati
465 285 508 318 ad
518 284 709 325 Bonisacium
721 281 858 325 vigefima
865 280 955 324 sexta
967 286 1100 314 Novem·

221 335 284 367 bris
302 357 309 364 .
338 336 397 368 Hic
415 336 487 374 jam
512 334 664 376 Africanis
689 334 764 375 quid
787 333 824 365 de
852 330 1098 373 appellationibus

219 383 456 426 agendumforet
469 409 479 425 ‚
501 385 619 418 collec‘la
630 383 736 422 &nodo
747 381 1026 424 tradIandumfuit.
1056 386 1100 413 An

213 432 316 473 statim
338 435 372 466 id
374 434 507 476 fecerint
527 460 536 475 ,
555 435 637 476 forte
648 432 685 471 est
705 439 868 466 incertum.
897 440 957 467 Hoc
966 440 1077 465 certum
1089 455 1099 470 ‚

219 482 296 516 nihil
306 483 343 517 de
358 485 414 518 hac
426 497 457 519 re
468 486 506 518 ab
527 487 584 519 ullo
595 493 729 520 veterum
748 484 856 525 prodi.
887 483 994 525 Neque
1012 483 1100 522 porro

217 534 304 566 ullius
314 539 346 566 in
358 535 462 578 Africa
474 536 595 568 Concilii
605 534 644 566 ab
663 545 742 566 anno
754 530 1031 576 quadringentefimo
1045 532 1100 563 de·-

215 589 290 618 cimo
300 595 372 618 nono
381 591 518 619 memoria
528 584 564 624 es}
574 582 663 626 usque
680 585 722 616 ad
734 584 810 616 illud
821 608 831 623 ,
857 586 940 624 qu'us
954 582 999 614 ad
1008 582 1100 613 Caele-

212 633 321 674 stiuam
331 635 476 678 epistelam
495 635 636 668 babemus
648 659 655 666 .
683 636 749 666 Hac
770 632 884 675 epistola
896 631 1031 675 Africani
1044 633 1100 663 Pa-

217 692 302 723 tres,
325 694 495 721 reverenter
515 686 651 728 quidem,
674 683 731 727 sed
748 690 792 715 ita
814 683 936 724 aperte,
964 690 999 716 ut
1022 680 1102 713 nullo

212 733 284 775 fuco
294 746 388 771 eorum
395 734 502 779 sensus
525 733 671 778 obscurari
691 733 795 775 poffit,
820 733 897 765 nullo
921 731 1040 772 (emodo
1058 731 1101 765 ul-

216 791 405 819 tramarinas
414 790 636 827 provocationes
645 786 716 826 jam
736 785 909 816 toleraturos
929 782 980 825 effe
992 783 1100 814 denun-

215 839 315 868 ciant.
342 840 390 870 An
411 837 518 876 idjam
539 845 628 868 antea
651 835 702 870 vel
712 832 767 876 ipfi
777 832 952 873 caelestino,
978 833 1031 865 vel
1038 833 1101 872 ejus

217 886 360 930 Deceffori
373 885 529 928 Bonifatio
551 887 799 919 denunciaverint
811 907 822 923 ,
851 885 969 916 omnino
983 893 1038 914 non
1052 882 1103 914 di-

218 945 303 969 cunt.
333 935 424 970 Nihil
439 937 510 968 inde
530 940 561 967 in
576 934 727 978 Africanis
747 938 936 968 monimentis
947 938 1074 972 reperias
1092 953 1103 969 ‚

217 995 253 1019 ut
265 991 323 1019 vix
339 986 415 1019 ullus
429 985 469 1027 fit
480 984 642 1017 dubitandi
663 984 740 1017 locus
755 1004 767 1021 ,
791 986 865 1022 quin
888 981 1102 1021 appellationes

218 1034 309 1078 usque
328 1036 374 1066 ad
379 1034 525 1075 epistolam
536 1032 705 1070 synodalem
718 1030 872 1070 coelestino
880 1028 1024 1072 scriptam
1031 1029 1103 1072 fue-

218 1082 283 1118 rint
293 1084 427 1116 toleratae
438 1106 445 1113 .
475 1084 540 1127 ‚Qui
548 1086 736 1116 contrarium
750 1080 876 1113 voluerit
888 1080 1008 1124 afferere
1021 1103 1032 1119 ‚
1059 1080 1102 1111 dt*-

218 1136 444 1174 vinaerepoterit
460 1155 471 1172 ,
498 1142 554 1165 non
562 1130 707 1173 probarer
735 1134 780 1163 Et
791 1140 893 1164 tamen
917 1141 974 1164 non
988 1129 1081 1164 dubia
1093 1153 1103 1168 ,

214 1180 272 1230 [ed
286 1190 369 1215 certe
390 1182 437 1215 illi
456 1180 604 1225 affirenda
619 1179 713 1224 sunt,
733 1180 762 1222 fi
777 1179 926 1222 epistolam
949 1177 1101 1220 ducentesi-

218 1243 307 1265 mam
317 1230 527 1277 sexagefimam
544 1236 680 1276 primam
698 1243 756 1267 non
778 1230 830 1277 effe
854 1229 1003 1277 Augustini
1026 1229 1103 1263 velit

217 1288 369 1318 evincere.

271 1332 470 1376 Respondeo
480 1331 521 1366 de
533 1331 695 1367 Romanis
707 1330 946 1374 Episcoporum
968 1328 1106 1373 appella·

218 1380 368 1419 tionibus
380 1380 467 1415 nihil
477 1393 620 1426 unquam
633 1380 718 1425 apud
742 1380 842 1415 Afros
863 1380 957 1417 fuisse
977 1390 1106 1414 contro-

219 1432 343 1468 verfiae.
367 1431 504 1468 Praesens
514 1433 625 1468 omnis
635 1431 768 1478 quaestio
778 1431 942 1476 originem
955 1430 1053 1466 duxit
1065 1441 1106 1464 ex

218 1489 380 1518 attentata
413 1482 633 1527 appellatione
657 1482 784 1524 Apiarii
808 1505 819 1520 ‚
847 1482 879 1517 ὅ(
900 1482 984 1523 circa
1006 1481 1107 1523 ipsam

219 1534 292 1567 tota
302 1529 405 1567 haesit,
430 1531 527 1569 Nihil
541 1532 677 1568 intravit
688 1531 730 1566 de
745 1531 936 1575 Episcopis,
964 1531 1023 1564 nifi
1039 1529 1109 1564 for-

220 1594 276 1618 ma
297 1580 509 1617 Sardicensis.
536 1581 636 1616 Hanc
658 1581 748 1617 enim
763 1581 954 1624 Apostolica
967 1580 1108 1625 Legatio

220 1631 330 1667 voluit
350 1633 504 1677 deinceps
525 1632 686 1666 servariin
709 1630 823 1666 Africa
836 1656 847 1672 ,
872 1632 1008 1666 asserens
1032 1629 1110 1664 istos

220 1681 378 1719 Canoues
397 1683 460 1716 effe
481 1682 658 1718 Nicaenos.
687 1681 731 1717 Er.
751 1681 828 1724 quia
856 1681 907 1715 isti
931 1681 1085 1715 Canones
1099 1703 1110 1719 ,

220 1733 300 1768 licet
312 1744 382 1767 non
394 1732 479 1767 circa
491 1731 702 1768 substantiam
711 1756 721 1772 ,
753 1730 806 1765 sed
819 1731 902 1765 circa
920 1731 1026 1765 solum
1039 1741 1110 1764 rno-

220 1783 302 1818 dum
312 1781 468 1818 volebant
486 1782 610 1826 aliquid
623 1783 724 1822 novi,
753 1782 882 1816 suarum
905 1780 1108 1815 consuetudi-

220 1845 304 1867 num
318 1843 446 1868 tenaces
455 1831 527 1867 Afri
539 1831 724 1867 constanter
738 1832 912 1866 noluerunt
926 1831 1110 1869 admittere,

219 1883 282 1919 nisi
293 1882 562 1928 edossiquodisti
576 1883 732 1917 Canones
754 1882 859 1916 revera
881 1882 984 1915 essent
1005 1881 1110 1915 Nicae·

219 1935 279 1967 ni.
307 1933 383 1968 Hos
403 1934 492 1967 enim
511 1934 561 1967 uti
584 1933 705 1977 Spiritu
718 1932 785 1966 Dei
808 1931 963 1966 conditos
978 1955 989 1971 ,
1015 1931 1047 1964 δε
1063 1939 1110 1963 to·

219 1983 287 2018 zius
310 1983 434 2018 Mundi
455 1984 630 2018 reverentia
640 1983 844 2020 consecratos
856 1983 966 2015 omnis
989 1981 1111 2023 semper

221 2033 269 2067 est
288 2043 438 2067 venerata
462 2034 627 2068 Ecclesia.
655 2033 698 2067 Et
722 2031 790 2065 haec
812 2032 945 2075 quaestio
976 2030 1108 2065 duravit

222 2081 375 2125 usquead
386 2093 579 2116 memoratas
593 2080 720 2116 Aurelii
747 2081 780 2114 &
801 2080 1009 2124 quorundam
1033 2078 1114 2112 Col-

222 2132 370 2176 legarum
393 2132 433 2166 ad
446 2130 655 2165 Caelestinum
676 2130 799 2164 litteras
814 2154 821 2162 .
847 2129 945 2163 Plura
961 2129 1112 2163 interme-

221 2181 354 2215 diorum
367 2181 528 2215 Actorum
539 2182 754 2217 instrumenta
766 2179 907 2215 omnino
927 2179 1031 2213 latent
1056 2188 1112 2211 aut

222 2229 409 2276 perierunt:
439 2232 531 2265 Dum
553 2231 759 2274 apparuerint
783 2254 794 2270 ,
823 2227 910 2263 haud
929 2227 1028 2262 dubie
1053 2239 1113 2262 nos

221 2280 316 2324 plura
338 2279 523 2314 docebunt.
550 2280 685 2314 Interim
710 2278 866 2312 Aurelius
883 2302 894 2318 ,
919 2277 1000 2312 dum
1012 2279 1112 2311 trans-

222 2330 334 2364 missos
355 2329 373 2362 ὲ
395 2330 538 2363 Zozimo
559 2331 715 2365 Canones
737 2330 828 2363 certo
853 2328 937 2362 vidit
962 2340 1030 2362 non
1049 2328 1112 2362 esse

224 2380 398 2420 Nicaenos,
424 2377 543 2413 horum
554 2381 707 2423 quintum
718 2380 818 2421 coepit
842 2379 950 2412 rimari
973 2378 1110 2421 diligen-

224 2431 291 2463 tius
316 2430 350 2463 &
366 2430 569 2472 perscrutari.
598 2430 645 2464 At
656 2429 853 2462 conturbato
866 2439 919 2471 per
933 2430 1011 2461 iram
1024 2439 1111 2461 men-

224 2480 267 2514 tis
279 2479 396 2514 oculo.
425 2480 519 2514 Hinc
541 2491 607 2513 non
620 2478 726 2514 solum
744 2478 864 2513 Laicos
890 2480 923 2512 &
938 2478 1085 2512 Clericos
1101 2501 1111 2516 ,

225 2530 278 2563 sed
291 2530 375 2573 ipsos
386 2530 486 2564 etiam
502 2530 683 2573 Episcopos
694 2528 833 2562 credidit
844 2527 1033 2562 commissos
1048 2527 1112 2560 suis

224 2580 494 2624 Metropolitanis
519 2591 556 2614 ac
567 2580 710 2624 ipsorum
723 2578 888 2622 Synodis,
914 2578 1056 2622 ideoque
1077 2576 1110 2611 ἀ

224 2629 304 2664 istos
331 2642 397 2665 non
420 2631 508 2675 posse
536 2630 682 2665 Romam
704 2639 879 2673 provocare
900 2653 908 2660 .
936 2626 1111 2662 Audienda

224 2681 301 2715 sunt
323 2681 464 2725 epistolae
478 2680 594 2714 verba:
623 2679 859 2719 presbyterorum
879 2689 991 2722 quoque
1016 2678 1050 2711 ὢ·
1070 2674 1113 2718 se-

226 2738 381 2774 quentium
394 2733 571 2765 elericorum
583 2729 716 2772 improba
729 2729 846 2774 refugia
858 2730 981 2771 repellat
992 2726 1112 2762 sandi—

227 2792 277 2815 tas
301 2791 355 2816 tua
368 2807 379 2823 ,
404 2786 476 2824 quia
502 2784 536 2815 (9⁴
560 2782 642 2815 nulla
655 2782 782 2814 Petrum
805 2779 972 2822 definitione
992 2776 1045 2811 boc
1057 2780 1111 2810 Ec-

224 2828 317 2872 elefiae
328 2833 509 2875 derogatum?
521 2831 559 2871 est
573 2831 726 2874 Africanae
739 2854 746 2862 .
771 2832 815 2862 Et
837 2834 962 2863 Decreta
984 2832 1114 2861 Nicaena

226 2879 290 2921 five
300 2881 452 2922 inferioris
464 2883 587 2916 Gradus
602 2883 731 2915 clericos
743 2905 753 2921 ,
775 2879 838 2922 five
849 2879 928 2922 ipfhs
953 2876 1112 2921 Episcopos

227 2926 292 2974 suis
319 2932 554 2973 Metropolitanis
576 2932 749 2975 apertiffime=
763 2928 985 2973 commiserunt.
1017 2927 1112 2962 Affir-

232 2989 326 3013 mant
340 2981 426 3014 varia
440 3005 446 3012 .
472 2981 588 3017 Primo
599 3007 610 3023 ‚
637 2980 726 3026 quod
738 2982 890 3015 Romana
906 2978 1120 3022 Presbytero·-

232 3039 306 3064 rum
331 3040 369 3063 ac
379 3030 516 3065 aliorum
527 3032 731 3067 Clericorum
742 3031 918 3075 appellatio
935 3028 1115 3064 adversetur

233 3080 328 3112 avitae
350 3077 507 3117 Afrorum
528 3082 758 3116 consuetudini
778 3106 787 3115 .
813 3079 965 3115 Secundo
987 3103 999 3119 ‚
1025 3079 1114 3123 quod

232 3129 328 3164 istam
342 3131 612 3168 consuetudinem
624 3132 709 3166 nulla
722 3131 856 3166 Parrum
873 3130 1025 3164 definitio
1044 3140 1114 3173 pro·

232 3179 390 3222 scripserit
417 3190 474 3214 aut
493 3180 773 3225 circumscripserit
791 3206 799 3214 .
836 3179 957 3215 Tertio
979 3205 990 3222 ‚
1024 3179 1112 3224 quod

234 3230 302 3265 istae
329 3230 466 3273 proinde
486 3230 719 3274 appellationes
730 3232 791 3265 sint
811 3230 959 3274 improba
970 3230 1115 3276 refugia,

234 3279 377 3326 ideoque
396 3281 438 3315 ab
461 3280 654 3324 Apostolica
674 3279 756 3315 Sede
767 3280 894 3324 penitus
911 3280 1110 3324 repellenda.

237 3329 368 3377 Qarro
387 3356 397 3372 ,
425 3329 513 3374 quod
537 3331 670 3375 quintus
689 3330 843 3367 Nicaenus
862 3332 984 3365 Canon
1015 3330 1113 3365 etiam

236 3379 407 3417 flamnatos
434 3381 614 3428 Episcopus
642 3379 827 3417 committat
862 3381 927 3417 suis
951 3379 1112 3423 synodis,

1164 179 1301 224 ideoque
1326 179 1360 215 &
1381 180 1468 224 ipsos
1492 193 1577 218 vetet
1601 185 1746 221 Romam
1768 192 1944 231 provocare
1959 198 1979 219 .’
1993 188 2037 221 Et

1162 230 1288 264 addunt
1305 243 1312 262 ε
1345 233 1536 273 Aperiiffime.
1567 234 1721 270 Aurelius
1742 238 1849 280 palam
1870 238 2045 282 profitetur

1163 281 1334 329 Canonem
1348 280 1412 315 huc
1424 283 1524 326 usilue
1536 282 1553 315 a
1566 284 1597 316 se
1609 295 1675 317 non
1687 287 1780 320 fuisse
1793 288 1888 331 plene
1914 288 2041 323 intelle-

1165 333 1251 365 Ctum
1273 355 1284 371 ,
1320 331 1354 365 'se
1372 331 1439 374 jam'
1463 333 1638 376 pervenisse
1659 335 1699 367 ad
1719 335 1829 371 lumen
1853 357 1864 379 ,-
1900 337 2043 383 ideoque

1162 382 1259 416 etiarn
1284 382 1519 426 Episcopotum
1539 383 1774 427 appellationes
1796 387 1949 432 deinceps
1968 389 1986 421 a
2011 389 2044 423 se

1163 443 1231 466 non
1245 433 1428 468 tolerandas
1439 459 1446 467 .
1474 433 1628 468 Affirmat
1639 432 1814 469 Canonem
1825 437 1885 470 esse
1895 437 2046 480 apertiffi-

1164 493 1272 516 mum.
1299 482 1412 517 Palam
1427 485 1594 527 profitetur
1623 485 1686 518 esse
1710 495 1748 518 ac
1759 485 1879 527 semper
1889 486 1981 520 fuisse
2000 487 2049 520 di·

1165 534 1299 566 scrimen
1319 532 1402 568 inter
1423 533 1572 570 Clericos
1596 545 1635 568 ac
1647 534 1846 578 Episcopos:
1874 534 1947 570 Hos
1971 537 2049 570 sem-

1165 594 1218 626 per
1239 606 1250 622 ,
1279 583 1356 619 istos
1381 584 1548 631 nunquam
1570 584 1738 628 appellasse
1761 585 1905 620 Romam
1929 608 1940 624 ,
1963 584 2051 623 dein-

1165 644 1239 675 ceps
1260 633 1370 667 nullos
1389 636 1452 669 effe
1476 634 1694 678 appellaturos
1717 659 1724 668 .
1753 634 1899 669 Clericos
1924 642 2052 678 propter

1165 683 1286 717 avitam
1301 708 1311 723 ‚
1336 685 1371 720 δε
1385 684 1403 718 ὲ
1418 685 1506 721 nulla
1520 684 1659 729 Synodo
1671 684 1832 720 abolitam
1844 683 2054 719 consuetudi·

1169 742 1263 773 nem,
1291 734 1471 778 Episcopos
1491 744 1621 778 propter
1643 735 1773 769 noviter
1795 734 2054 769 animadversum

1166 784 1199 817 &
1210 783 1440 825 apertissimum
1454 785 1628 818 Nicaenum
1642 785 1815 819 canonem
1832 809 1839 815 .
1866 785 1935 820 Hic
1948 784 1993 819 est
2007 784 2055 818 lu-

1165 833 1410 877 cidusepistolae
1423 836 1549 871 sensus.
1579 834 1635 869 An
1659 834 1709 869 uti
1737 834 1869 878 aperte,
1895 835 1939 869 ita
1966 834 2056 869 &re-

1166 894 1312 917 verenter
1341 885 1377 918 sit
1400 886 1514 928 scripta
1537 910 1548 926 ‚
1575 884 1730 928 permitto
1756 884 1888 920 Lectori
1910 885 2059 928 judican-

1164 931 1258 966 dum.
1290 933 1368 978 Ejus
1392 945 1533 978 namque
1557 935 1766 970 irreverentia
1787 934 1833 969 est
1846 934 2056 978 apertissima.

1166 982 1239 1016 Nec
1261 983 1306 1016 est
1326 983 1427 1018 totius
1454 986 1620 1019 Africanae
1647 985 1798 1021 Ecclefiae
1822 995 1880 1019 aut
1900 982 2028 1028 Synodi
2045 1007 2057 1025 ,

1166 1031 1219 1066 sed
1244 1042 1420 1074 paucorum
1450 1045 1529 1068 cum
1550 1035 1694 1071 Primate
1715 1034 1854 1069 Aurelio
1879 1033 2059 1078 Episcopo-

1166 1092 1236 1114 rum
1248 1107 1258 1122 ‚
1285 1082 1370 1115 inter
1383 1094 1466 1126 quos
1489 1093 1614 1118 certum
1630 1085 1675 1118 est
1704 1097 1764 1119 nec
1780 1085 1932 1119 Sanstum
1946 1084 2062 1128 Augu-

1167 1131 1289 1165 stinum
1303 1131 1417 1171 fuisse,
1444 1144 1504 1168 nec
1519 1134 1674 1169 Sanctum
1697 1133 1849 1178 Alipium
1864 1159 1874 1174 ,
1899 1144 1959 1168 nec
1983 1133 2064 1168 San-

1167 1183 1253 1217 ctum
1276 1180 1455 1216 Poffidium
1468 1206 1481 1223 ‚
1506 1193 1568 1216 nec
1590 1182 1695 1218 ullum
1709 1184 1890 1227 Augustini
1913 1184 2062 1227 Discipu-

1171 1232 1240 1266 lum
1266 1232 1503 1268 autFidelem.
1534 1232 1590 1266 Est
1603 1232 1756 1276 imperita
1782 1243 1821 1266 ac
1845 1233 2064 1276 praevaricato-

1170 1281 1216 1318 ria
1238 1305 1246 1314 .
1272 1280 1366 1330 Qid
1389 1282 1478 1316 enim
1506 1282 1690 1325 imperitius
1714 1306 1726 1322 ,
1752 1282 1851 1326 quam
1876 1282 2004 1315 credere
2029 1283 2066 1317 δε

1172 1330 1306 1381 scrilpere
1320 1353 1330 1371 ,
1357 1332 1444 1375 quod
1467 1332 1604 1375 quintus
1630 1332 1787 1368 Nicaenus
1805 1332 1925 1366 Canon
1941 1331 2067 1365 sanciat

1172 1393 1230 1425 pro
1241 1380 1402 1415 damnatis
1427 1380 1714 1426 &appellantibus
1728 1381 1918 1426 Episcopis?
1947 1381 1990 1415 Et
2005 1380 2068 1415 fibi

1172 1432 1228 1475 ipsi
1253 1443 1320 1466 non
1342 1431 1504 1467 cohaeret.
1533 1431 1666 1468 Etenim
1681 1431 1855 1467 damnatos
1871 1432 1888 1464 a
1914 1432 1974 1466 suae
1985 1430 2069 1465 Pro·

1172 1482 1287 1517 vinciae
1307 1482 1445 1525 Synodo
1459 1482 1640 1525 Episcopos
1664 1482 1832 1526 profitetur
1846 1481 1935 1529 posse
1950 1486 2069 1525 provod

1171 1543 1244 1568 care
1265 1531 1306 1565 ad
1327 1532 1498 1575 Synodum
1526 1531 1724 1568 Dioecefios.
1752 1529 1881 1575 Qidni
1894 1527 2004 1577 igitur
2030 1531 2069 1567 &2

1172 1582 1212 1617 ad
1241 1582 1434 1618 Romanum
1457 1581 1681 1618 Pontificem?
1710 1581 1844 1617 Etenim
1868 1577 1989 1615 Chaon
2013 1589 2068 1624 pa*

1173 1633 1239 1668 lam
1262 1632 1331 1676 agit
1353 1633 1394 1667 de
1421 1632 1605 1668 Provinciae
1634 1631 1773 1675 Synodo
1797 1656 1808 1673 ,
1846 1630 1987 1676 ideoque
2014 1630 2068 1665 vel

1173 1693 1343 1725 utramque
1354 1679 1623 1725 provocationem
1638 1681 1802 1716 interdicit
1815 1703 1825 1720 ‚
1842 1681 2073 1725 vel-neutrame

1166 1732 1279 1780 ond
1291 1732 1413 1766 Aurelii
1431 1731 1596 1766 Successor
1610 1731 1790 1774 Capreolus
1808 1729 1921 1764 statim
1942 1730 1983 1764 ab
2003 1728 2068 1765 hae·

1174 1782 1436 1828 praevaricatione
1459 1781 1640 1825 recesserit,
1665 1779 1750 1816 infra
1776 1781 1821 1815 est
1843 1778 2071 1816 demonstran·

1174 1833 1273 1867 dum.

1224 1881 1338 1925 Pergit
1361 1882 1534 1916 Gallicana
1557 1881 1715 1925 epistola:
1745 1883 1838 1917 Porro
1866 1880 1929 1914 baec
1943 1880 2069 1923 epiliolae

1170 1932 1385 1975 praecefferitne
1394 1957 1404 1971 ‚
1430 1943 1472 1964 an
1483 1930 1581 1974 secuta
1586 1931 1686 1973 fuerit
1698 1942 1764 1965 eam
1786 1956 1797 1971 ,
1822 1941 1890 1974 quae
1905 1942 1943 1964 ex
1958 1933 2068 1970 senode

1177 1982 1323 2024 Africana
1333 1983 1377 2015 ad
1385 1981 1571 2021 Caelestinum
1579 1980 1618 2021 est
1626 1980 1741 2024 scripu
1752 2006 1762 2022 ,
1789 1991 1848 2015 non
1870 1980 1907 2021 est
1920 1979 2071 2025 ambigen-

1177 2033 1319 2065 dilocus.
1348 2030 1447 2073 Causa
1470 2030 1643 2074 Fussalenfis
1658 2033 1730 2072 jam
1747 2029 1805 2073 sub
1828 2030 1986 2072 Bonis-ecio
1996 2037 2072 2065 ince-

1172 2090 1250 2122 pta,
1276 2083 1363 2114 immo
1385 2081 1476 2122 finita
1497 2080 1627 2122 fuerat,
1651 2091 1798 2122 unumque
1819 2080 2015 2121 idrefiabat,
2035 2088 2071 2115 itt

1178 2129 1330 2172 Bom'facil
1353 2128 1690 2171 sententia‘executioni
1712 2131 1927 2170 mandaretur,
1953 2139 1988 2163 ut
1999 2129 2070 2165 binc

1176 2182 1218 2213 ad
1247 2178 1437 2218 Caelestinum
1460 2181 1546 2213 initio
1551 2179 1656 2219 statim
1679 2178 2070 2222 ficiPontificatusscriben·

1176 2233 1247 2263 dum
1252 2230 1350 2271 fuerit
1362 2242 1370 2262 z
1398 2233 1442 2263 Er
1448 2228 1524 2272 sane*
1545 2231 1581 2263 id
1583 2228 1661 2270 fecit
1675 2229 1848 2273 Augustinus
1862 2253 1872 2270 ‚
1898 2232 2006 2272 quippe
2018 2235 2070 2273 qui

1176 2280 1329 2320 Caelestino
1338 2279 1495 2321 pacificum
1507 2280 1661 2324 ingressum
1668 2281 1836 2323 gratuletur
1846 2304 1853 2313 .
1883 2279 1978 2314 Nihil
1988 2279 2069 2322 siml·

1175 2332 1202 2363 le
1224 2336 1254 2362 in
1277 2330 1331 2362 illa
1345 2331 1468 2363 concilii
1489 2330 1607 2370 epistola
1628 2353 1638 2369 ,
1665 2340 1758 2371 neque
1778 2330 1870 2363 ullum
1885 2330 2009 2364 verbum
2031 2331 2070 2363 de

1173 2385 1350 2423 promotione
1374 2379 1525 2420 Caelestinl
1552 2403 1563 2419 ,
1597 2389 1631 2413 ur
1651 2380 1735 2412 illam
1753 2377 1898 2423 scriptam
1918 2387 2069 2422 appareat

1176 2442 1256 2463 anno
1269 2428 1553 2473 quadringentefimo
1565 2428 1698 2472 vIgefimo
1709 2435 1796 2462 tertio
1808 2454 1818 2470 ,
1844 2438 1916 2462 ante
1938 2442 1989 2462 eas
2002 2440 2068 2462 tur-

1177 2482 1232 2513 bas
1245 2504 1255 2519 ‚
1279 2490 1347 2521 quae
1355 2478 1418 2520 post
1434 2481 1554 2511 Honori}
1565 2487 1688 2510 mortem
1700 2480 1822 2511 Italiam
1842 2479 1882 2510 ab
1896 2478 1999 2519 Africa
2017 2481 2067 2511 di·

1178 2528 1334 2572 viserunt3
1363 2529 1440 2561 banc
1452 2539 1529 2559 anno
1546 2527 1615 2570 fere*
1626 2527 1910 2574 quadringentesimo
1928 2528 2065 2575 vigesimo

1173 2579 1279 2623 sexto,
1303 2577 1412 2622 eisdem
1423 2578 1524 2611 turbis
1540 2580 1612 2619 jam
1625 2575 1741 2622 sedans
1757 2602 1764 2612 .

1228 2631 1284 2663 An
1307 2630 1411 2664 Sancii
1425 2628 1604 2672 Augustini
1625 2638 1738 2662 contra
1752 2628 1942 2662 Antonium
1957 2629 2069 2662 Fussa-

1179 2681 1298 2714 lensem
1321 2679 1362 2714 ad
1385 2680 1539 2713 Sanctum
1562 2677 1683 2721 Papam
1696 2677 1903 2713 Caelestinum
1928 2678 2067 2722 epistola

1179 2728 1464 2774 praeraricatoriam
1487 2728 1655 2771 epistolam
1668 2728 1876 2771 praecesserit,
1902 2739 1944 2764 an
1958 2730 2067 2763 secuta.

1178 2781 1274 2815 fuerit
1285 2804 1295 2820 ,
1323 2780 1384 2814 effe
1398 2777 1539 2813 omnino
1551 2778 1643 2823 possit
1655 2777 1844 2823 ambigendi
1858 2779 1962 2812 locus.
1991 2777 2067 2811 Ad-

1177 2831 1306 2865 ductam
1318 2839 1427 2863 tamen
1441 2855 1451 2869 ,
1477 2840 1547 2873 quae
1561 2827 1737 2871 praecessisse
1750 2828 1860 2863 suadet
1871 2853 1881 2867 ,
1901 2829 2066 2863 rationem

1177 2883 1281 2916 fateor
1309 2891 1376 2914 non
1399 2881 1464 2913 ene
1485 2878 1654 2913 frivolam.
1685 2877 1825 2913 Accedit
1850 2878 1980 2911 atalia.
2010 2878 2066 2912 Et·

1178 2932 1267 2966 enim
1292 2929 1546 2974 praevaricatoria
1569 2927 1704 2971 epistola
1727 2926 1826 2961 habet
1852 2926 1938 2961 hanc
1956 2928 2067 2961 inseri·—

1178 2982 1348 3026 ptionem:
1376 2982 1503 3012 Domino
1525 2978 1703 3018 Dilelliffimo
1727 2977 1945 3012 &Honorabili
1955 2981 2064 3012 Fratri

1178 3030 1330 3071 Caelestino
1344 3053 1355 3069 ,
1383 3031 1519 3064 Aurelius
1541 3051 1551 3067 ,
1579 3029 1742 3062 Palatinus
1764 3051 1775 3067 ,
1801 3030 1944 3061 Antonius
1963 3051 1975 3068 ‚
2000 3027 2063 3062 &e.

1178 3082 1247 3116 Hic
1271 3081 1316 3115 est
1337 3078 1479 3114 omnino
1493 3075 1679 3114 Fuffalenfis
1704 3077 1892 3117 Antonius,
1917 3075 2064 3121 quihuie

1178 3131 1348 3176 epistolae‚
1384 3129 1406 3164 fi
1433 3128 1615 3172 Augustini
1647 3127 1817 3171 epistolam
1849 3127 2064 3171 praecessisset,

1181 3181 1347 3225 nunquam
1359 3180 1461 3213 fuerat
1474 3178 1707 3221 subscripturus
1720 3202 1727 3209 .
1754 3179 1831 3225 Qa
1853 3178 1942 3213 enim
1955 3178 2063 3211 fronte

1179 3243 1231 3276 per
1254 3231 1440 3267 Romanam
1463 3228 1577 3265 Sedem
1589 3238 1753 3271 reparatus
1771 3238 1839 3262 non
1853 3221 2063 3264 solummodo

1179 3281 1394 3326 Reparatricis
1417 3276 1671 3318 authoritatem,
1695 3278 1747 3312 sed
1773 3279 1808 3315 ἀ
1833 3278 1932 3321 ipsam
1955 3278 2060 3313 suire·

1180 3333 1377 3376 parationem
1392 3329 1572 3364 arietaffet?
1597 3328 1644 3363 At
1657 3328 1734 3362 vero
1746 3329 1816 3372 post
1830 3329 1981 3370 scriptam
1996 3327 2061 3359 Au-

1178 3382 1300 3428 gustini
1321 3379 1492 3425 epistolam
1515 3403 1526 3420 ,
1551 3379 1584 3413 &
1608 3377 1650 3415 ab
1671 3379 1736 3423 ipsa
1763 3379 1962 3421 impetratam
1974 3377 2061 3411 fadae

1953 3433 2008 3471 Ρῗῐ
