<?xml version="1.0" encoding="UTF-8"?>
<!DOCTYPE html PUBLIC "-//W3C//DTD XHTML 1.0 Transitional//EN"
    "http://www.w3.org/TR/xhtml1/DTD/xhtml1-transitional.dtd">
<html xmlns="http://www.w3.org/1999/xhtml" xml:lang="en" lang="en">
 <head>
  <title>
</title>
<meta http-equiv="Content-Type" content="text/html;charset=utf-8" />
  <meta name='ocr-system' content='tesseract 3.04.00' />
  <meta name='ocr-capabilities' content='ocr_page ocr_carea ocr_par ocr_line ocrx_word'/>
</head>
<body>
  <div class='ocr_page' id='page_1' title='image "./operaomniastudio08lupuuoft_0025.png"; bbox 0 0 2326 3718; ppageno 0'>
   <div class='ocr_carea' id='block_1_1' title="bbox 84 2040 225 2080">
    <p class='ocr_par' dir='ltr' id='par_1_1' title="bbox 84 2040 225 2080">
     <span class='ocr_line' id='line_1_1' title="bbox 84 2040 225 2080; baseline -0.014 -6"><span class='ocrx_word' id='word_1_1' title='bbox 84 2040 225 2080; x_wconf 72' lang='lat' dir='ltr'>Epist.55.</span> 
     </span>
    </p>
   </div>
   <div class='ocr_carea' id='block_1_2' title="bbox 719 145 1634 202">
    <p class='ocr_par' dir='ltr' id='par_1_2' title="bbox 719 145 1634 202">
     <span class='ocr_line' id='line_1_2' title="bbox 719 145 1634 202; baseline -0.012 -1"><span class='ocrx_word' id='word_1_2' title='bbox 719 154 997 202; x_wconf 65' lang='lat' dir='ltr'>Remum</span> <span class='ocrx_word' id='word_1_3' title='bbox 1030 145 1634 199; x_wconf 58' lang='grc' dir='ltr'>ἈνιὲειιΛτιοΝιΒυς.</span> 
     </span>
    </p>
   </div>
   <div class='ocr_carea' id='block_1_3' title="bbox 244 240 1134 1186">
    <p class='ocr_par' dir='ltr' id='par_1_3' title="bbox 244 240 1134 938">
     <span class='ocr_line' id='line_1_3' title="bbox 255 240 1134 289; baseline -0.002 -11"><span class='ocrx_word' id='word_1_4' title='bbox 255 246 349 279; x_wconf 83' lang='lat' dir='ltr'>istam</span> <span class='ocrx_word' id='word_1_5' title='bbox 359 243 632 279; x_wconf 83' lang='lat' dir='ltr'>consuetudinem</span> <span class='ocrx_word' id='word_1_6' title='bbox 645 268 656 287; x_wconf 89' lang='lat'>‚</span> <span class='ocrx_word' id='word_1_7' title='bbox 681 243 837 289; x_wconf 86' lang='lat' dir='ltr'>istamque</span> <span class='ocrx_word' id='word_1_8' title='bbox 847 242 1056 280; x_wconf 80' lang='lat' dir='ltr'>concordiam</span> <span class='ocrx_word' id='word_1_9' title='bbox 1076 240 1134 286; x_wconf 89' lang='lat' dir='ltr'>pri·</span> 
     </span>
     <span class='ocr_line' id='line_1_4' title="bbox 254 291 1132 339; baseline -0.002 -12"><span class='ocrx_word' id='word_1_10' title='bbox 254 303 327 328; x_wconf 88' lang='lat' dir='ltr'>mus</span> <span class='ocrx_word' id='word_1_11' title='bbox 336 304 482 338; x_wconf 84' lang='lat' dir='ltr'>rumpere</span> <span class='ocrx_word' id='word_1_12' title='bbox 493 295 624 330; x_wconf 90' lang='lat' dir='ltr'>tentarit</span> <span class='ocrx_word' id='word_1_13' title='bbox 633 293 781 330; x_wconf 76' lang='lat' dir='ltr'>Hilarius</span> <span class='ocrx_word' id='word_1_14' title='bbox 793 318 804 334; x_wconf 87' lang='lat'>‚</span> <span class='ocrx_word' id='word_1_15' title='bbox 830 305 928 339; x_wconf 90' lang='lat' dir='ltr'>atque</span> <span class='ocrx_word' id='word_1_16' title='bbox 943 295 986 329; x_wconf 88' lang='lat' dir='ltr'>ita</span> <span class='ocrx_word' id='word_1_17' title='bbox 998 291 1132 336; x_wconf 84' lang='lat' dir='ltr'>insigni-</span> 
     </span>
     <span class='ocr_line' id='line_1_5' title="bbox 253 341 1132 388; baseline -0.005 -9"><span class='ocrx_word' id='word_1_18' title='bbox 253 353 303 379; x_wconf 78' lang='lat' dir='ltr'>ter</span> <span class='ocrx_word' id='word_1_19' title='bbox 312 344 447 379; x_wconf 84' lang='lat' dir='ltr'>turbarit</span> <span class='ocrx_word' id='word_1_20' title='bbox 460 345 634 381; x_wconf 81' lang='lat' dir='ltr'>Ecclefias.</span> <span class='ocrx_word' id='word_1_21' title='bbox 660 344 780 385; x_wconf 74' lang='lat' dir='ltr'>Sexto,</span> <span class='ocrx_word' id='word_1_22' title='bbox 808 346 896 388; x_wconf 86' lang='lat' dir='ltr'>quod</span> <span class='ocrx_word' id='word_1_23' title='bbox 922 344 978 380; x_wconf 77' lang='lat' dir='ltr'>ina</span> <span class='ocrx_word' id='word_1_24' title='bbox 1007 341 1132 385; x_wconf 77' lang='lat' dir='ltr'>Appel-</span> 
     </span>
     <span class='ocr_line' id='line_1_6' title="bbox 253 391 1131 438; baseline -0.001 -11"><span class='ocrx_word' id='word_1_25' title='bbox 253 392 386 428; x_wconf 84' lang='lat' dir='ltr'>lationis</span> <span class='ocrx_word' id='word_1_26' title='bbox 397 394 620 438; x_wconf 64' lang='lat' dir='ltr'>prosequendas</span> <span class='ocrx_word' id='word_1_27' title='bbox 631 395 737 431; x_wconf 84' lang='lat' dir='ltr'>forma</span> <span class='ocrx_word' id='word_1_28' title='bbox 757 395 794 432; x_wconf 84' lang='lat' dir='ltr'>sit</span> <span class='ocrx_word' id='word_1_29' title='bbox 807 406 872 428; x_wconf 92' lang='lat' dir='ltr'>non</span> <span class='ocrx_word' id='word_1_30' title='bbox 896 394 913 430; x_wconf 72' lang='grc' dir='ltr'>ὲ</span> <span class='ocrx_word' id='word_1_31' title='bbox 937 391 1110 428; x_wconf 82' lang='lat' dir='ltr'>Sardicensi</span> <span class='ocrx_word' id='word_1_32' title='bbox 1121 416 1131 432; x_wconf 90' lang='lat'>,</span> 
     </span>
     <span class='ocr_line' id='line_1_7' title="bbox 252 441 1133 488; baseline -0.005 -12"><span class='ocrx_word' id='word_1_33' title='bbox 252 443 303 477; x_wconf 87' lang='lat' dir='ltr'>vel</span> <span class='ocrx_word' id='word_1_34' title='bbox 314 446 426 488; x_wconf 89' lang='lat' dir='ltr'>quavis</span> <span class='ocrx_word' id='word_1_35' title='bbox 436 446 500 478; x_wconf 87' lang='lat' dir='ltr'>alia</span> <span class='ocrx_word' id='word_1_36' title='bbox 512 444 648 487; x_wconf 86' lang='lat' dir='ltr'>Synodo</span> <span class='ocrx_word' id='word_1_37' title='bbox 660 468 670 483; x_wconf 94' lang='lat'>‚</span> <span class='ocrx_word' id='word_1_38' title='bbox 698 444 752 480; x_wconf 84' lang='lat' dir='ltr'>sed</span> <span class='ocrx_word' id='word_1_39' title='bbox 769 444 810 480; x_wconf 86' lang='lat' dir='ltr'>ab</span> <span class='ocrx_word' id='word_1_40' title='bbox 824 445 892 488; x_wconf 81' lang='lat' dir='ltr'>ipso</span> <span class='ocrx_word' id='word_1_41' title='bbox 915 441 1047 478; x_wconf 88' lang='lat' dir='ltr'>Christo</span> <span class='ocrx_word' id='word_1_42' title='bbox 1061 441 1133 474; x_wconf 93' lang='lat' dir='ltr'>Do-</span> 
     </span>
     <span class='ocr_line' id='line_1_8' title="bbox 252 490 1128 539; baseline -0.003 -13"><span class='ocrx_word' id='word_1_43' title='bbox 252 492 367 535; x_wconf 87' lang='lat' dir='ltr'>mino,</span> <span class='ocrx_word' id='word_1_44' title='bbox 394 495 450 539; x_wconf 90' lang='lat' dir='ltr'>qui</span> <span class='ocrx_word' id='word_1_45' title='bbox 475 494 670 537; x_wconf 79' lang='lat' dir='ltr'>Apostolicae</span> <span class='ocrx_word' id='word_1_46' title='bbox 682 494 851 529; x_wconf 84' lang='lat' dir='ltr'>Cathedrae</span> <span class='ocrx_word' id='word_1_47' title='bbox 872 492 1003 529; x_wconf 77' lang='lat' dir='ltr'>tradidit</span> <span class='ocrx_word' id='word_1_48' title='bbox 1021 490 1128 525; x_wconf 83' lang='lat' dir='ltr'>Pastu-</span> 
     </span>
     <span class='ocr_line' id='line_1_9' title="bbox 251 539 1131 588; baseline -0.006 -11"><span class='ocrx_word' id='word_1_49' title='bbox 251 554 321 579; x_wconf 87' lang='lat' dir='ltr'>ram</span> <span class='ocrx_word' id='word_1_50' title='bbox 331 545 482 580; x_wconf 87' lang='lat' dir='ltr'>omnium</span> <span class='ocrx_word' id='word_1_51' title='bbox 493 545 619 578; x_wconf 88' lang='lat' dir='ltr'>suarum</span> <span class='ocrx_word' id='word_1_52' title='bbox 634 545 780 583; x_wconf 90' lang='lat' dir='ltr'>Ovium,</span> <span class='ocrx_word' id='word_1_53' title='bbox 806 545 934 588; x_wconf 81' lang='lat' dir='ltr'><strong>plenam</strong></span> <span class='ocrx_word' id='word_1_54' title='bbox 955 539 1131 576; x_wconf 85' lang='lat' dir='ltr'>authorita-</span> 
     </span>
     <span class='ocr_line' id='line_1_10' title="bbox 252 589 1131 639; baseline -0.003 -12"><span class='ocrx_word' id='word_1_55' title='bbox 252 602 319 628; x_wconf 85' lang='lat' dir='ltr'>tem</span> <span class='ocrx_word' id='word_1_56' title='bbox 331 593 478 628; x_wconf 87' lang='lat' dir='ltr'>solvendi</span> <span class='ocrx_word' id='word_1_57' title='bbox 504 605 600 637; x_wconf 87' lang='lat' dir='ltr'>atquc</span> <span class='ocrx_word' id='word_1_58' title='bbox 608 594 753 639; x_wconf 52' lang='lat' dir='ltr'>{igandk</span> <span class='ocrx_word' id='word_1_59' title='bbox 780 592 920 628; x_wconf 73' lang='lat' dir='ltr'>Proinde</span> <span class='ocrx_word' id='word_1_60' title='bbox 932 589 1060 635; x_wconf 73' lang='lat' dir='ltr'>penitus</span> <span class='ocrx_word' id='word_1_61' title='bbox 1077 590 1131 625; x_wconf 88' lang='lat' dir='ltr'>de·</span> 
     </span>
     <span class='ocr_line' id='line_1_11' title="bbox 251 641 1131 686; baseline -0.005 -9"><span class='ocrx_word' id='word_1_62' title='bbox 251 643 343 678; x_wconf 89' lang='lat' dir='ltr'>vium</span> <span class='ocrx_word' id='word_1_63' title='bbox 351 644 396 677; x_wconf 86' lang='lat' dir='ltr'>est</span> <span class='ocrx_word' id='word_1_64' title='bbox 405 666 416 685; x_wconf 88' lang='lat'>‚</span> <span class='ocrx_word' id='word_1_65' title='bbox 442 644 532 686; x_wconf 89' lang='lat' dir='ltr'>quod</span> <span class='ocrx_word' id='word_1_66' title='bbox 544 644 691 679; x_wconf 84' lang='lat' dir='ltr'>Hilarius</span> <span class='ocrx_word' id='word_1_67' title='bbox 702 646 733 678; x_wconf 86' lang='lat' dir='ltr'>se</span> <span class='ocrx_word' id='word_1_68' title='bbox 746 643 888 679; x_wconf 86' lang='lat' dir='ltr'>fundarit</span> <span class='ocrx_word' id='word_1_69' title='bbox 898 643 933 678; x_wconf 88' lang='lat' dir='ltr'>in</span> <span class='ocrx_word' id='word_1_70' title='bbox 943 641 1042 686; x_wconf 84' lang='lat' dir='ltr'>priori</span> <span class='ocrx_word' id='word_1_71' title='bbox 1055 652 1131 675; x_wconf 88' lang='lat' dir='ltr'>con-</span> 
     </span>
     <span class='ocr_line' id='line_1_12' title="bbox 250 688 1130 730; baseline -0.003 -3"><span class='ocrx_word' id='word_1_72' title='bbox 250 693 422 728; x_wconf 83' lang='lat' dir='ltr'>suetudine</span> <span class='ocrx_word' id='word_1_73' title='bbox 443 693 623 730; x_wconf 85' lang='lat' dir='ltr'>Gallicanae</span> <span class='ocrx_word' id='word_1_74' title='bbox 646 695 809 729; x_wconf 80' lang='lat' dir='ltr'>Ecclefiae.</span> <span class='ocrx_word' id='word_1_75' title='bbox 836 692 898 728; x_wconf 83' lang='lat' dir='ltr'>Ista</span> <span class='ocrx_word' id='word_1_76' title='bbox 919 701 1029 728; x_wconf 83' lang='lat' dir='ltr'>tamen</span> <span class='ocrx_word' id='word_1_77' title='bbox 1048 688 1130 726; x_wconf 76' lang='lat' dir='ltr'>adeo</span> 
     </span>
     <span class='ocr_line' id='line_1_13' title="bbox 249 741 1131 787; baseline -0.001 -12"><span class='ocrx_word' id='word_1_78' title='bbox 249 742 429 777; x_wconf 85' lang='lat' dir='ltr'>insolenter</span> <span class='ocrx_word' id='word_1_79' title='bbox 449 744 583 779; x_wconf 79' lang='lat' dir='ltr'>tentasse</span> <span class='ocrx_word' id='word_1_80' title='bbox 599 756 670 779; x_wconf 86' lang='lat' dir='ltr'>non.</span> <span class='ocrx_word' id='word_1_81' title='bbox 686 744 779 787; x_wconf 83' lang='lat' dir='ltr'>poffit</span> <span class='ocrx_word' id='word_1_82' title='bbox 803 743 869 776; x_wconf 83' lang='lat' dir='ltr'>sine</span> <span class='ocrx_word' id='word_1_83' title='bbox 890 741 1001 787; x_wconf 85' lang='lat' dir='ltr'>aliquo</span> <span class='ocrx_word' id='word_1_84' title='bbox 1021 741 1131 776; x_wconf 92' lang='lat' dir='ltr'>colore</span> 
     </span>
     <span class='ocr_line' id='line_1_14' title="bbox 244 791 1131 839; baseline -0.006 -11"><span class='ocrx_word' id='word_1_85' title='bbox 244 800 306 826; x_wconf 67' lang='lat' dir='ltr'>aut</span> <span class='ocrx_word' id='word_1_86' title='bbox 316 794 396 829; x_wconf 87' lang='lat' dir='ltr'>fuco</span> <span class='ocrx_word' id='word_1_87' title='bbox 406 819 414 829; x_wconf 86' lang='lat'>.</span> <span class='ocrx_word' id='word_1_88' title='bbox 442 794 517 839; x_wconf 90' lang='lat' dir='ltr'>Ego</span> <span class='ocrx_word' id='word_1_89' title='bbox 530 796 637 829; x_wconf 89' lang='lat' dir='ltr'>nescio</span> <span class='ocrx_word' id='word_1_90' title='bbox 647 793 736 828; x_wconf 89' lang='lat' dir='ltr'>aliud</span> <span class='ocrx_word' id='word_1_91' title='bbox 750 817 760 832; x_wconf 96' lang='lat'>,</span> <span class='ocrx_word' id='word_1_92' title='bbox 787 793 844 827; x_wconf 86' lang='lat' dir='ltr'>nisi</span> <span class='ocrx_word' id='word_1_93' title='bbox 858 792 946 836; x_wconf 87' lang='lat' dir='ltr'>quod</span> <span class='ocrx_word' id='word_1_94' title='bbox 963 804 1002 827; x_wconf 87' lang='lat' dir='ltr'>ex</span> <span class='ocrx_word' id='word_1_95' title='bbox 1028 791 1131 824; x_wconf 90' lang='lat' dir='ltr'>Galli-</span> 
     </span>
     <span class='ocr_line' id='line_1_15' title="bbox 248 841 1130 882; baseline -0.002 -6"><span class='ocrx_word' id='word_1_96' title='bbox 248 843 325 877; x_wconf 85' lang='lat' dir='ltr'>cani</span> <span class='ocrx_word' id='word_1_97' title='bbox 335 842 477 882; x_wconf 65' lang='lat' dir='ltr'>Praefesti</span> <span class='ocrx_word' id='word_1_98' title='bbox 490 844 570 879; x_wconf 87' lang='lat' dir='ltr'>Sede</span> <span class='ocrx_word' id='word_1_99' title='bbox 583 844 739 879; x_wconf 85' lang='lat' dir='ltr'>censuerit</span> <span class='ocrx_word' id='word_1_100' title='bbox 751 843 808 878; x_wconf 89' lang='lat' dir='ltr'>suo</span> <span class='ocrx_word' id='word_1_101' title='bbox 817 842 962 879; x_wconf 88' lang='lat' dir='ltr'>Throno</span> <span class='ocrx_word' id='word_1_102' title='bbox 973 841 1130 877; x_wconf 71' lang='lat' dir='ltr'>accessisse</span> 
     </span>
     <span class='ocr_line' id='line_1_16' title="bbox 248 889 731 938; baseline -0.002 -12"><span class='ocrx_word' id='word_1_103' title='bbox 248 889 371 927; x_wconf 78' lang='lat' dir='ltr'>novam¹</span> <span class='ocrx_word' id='word_1_104' title='bbox 381 894 552 938; x_wconf 84' lang='lat' dir='ltr'>dignitatis</span> <span class='ocrx_word' id='word_1_105' title='bbox 575 894 711 935; x_wconf 88' lang='lat' dir='ltr'>speciem</span> <span class='ocrx_word' id='word_1_106' title='bbox 724 916 731 925; x_wconf 89' lang='lat'>.</span> 
     </span>
    </p>

    <p class='ocr_par' dir='ltr' id='par_1_4' title="bbox 245 940 1132 1186">
     <span class='ocr_line' id='line_1_17' title="bbox 298 940 1131 989; baseline 0 -14"><span class='ocrx_word' id='word_1_107' title='bbox 298 943 401 989; x_wconf 85' lang='lat' dir='ltr'>Qod</span> <span class='ocrx_word' id='word_1_108' title='bbox 413 943 516 984; x_wconf 86' lang='lat' dir='ltr'>ipsum</span> <span class='ocrx_word' id='word_1_109' title='bbox 528 952 596 975; x_wconf 91' lang='lat' dir='ltr'>non</span> <span class='ocrx_word' id='word_1_110' title='bbox 613 941 695 976; x_wconf 71' lang='lat' dir='ltr'>vane</span> <span class='ocrx_word' id='word_1_111' title='bbox 705 940 873 986; x_wconf 86' lang='lat' dir='ltr'>colligitur</span> <span class='ocrx_word' id='word_1_112' title='bbox 890 953 931 975; x_wconf 82' lang='lat' dir='ltr'>ex</span> <span class='ocrx_word' id='word_1_113' title='bbox 942 941 1025 976; x_wconf 89' lang='lat' dir='ltr'>adeo</span> <span class='ocrx_word' id='word_1_114' title='bbox 1048 941 1131 976; x_wconf 81' lang='lat' dir='ltr'>festi-</span> 
     </span>
     <span class='ocr_line' id='line_1_18' title="bbox 246 990 1131 1036; baseline 0 -11"><span class='ocrx_word' id='word_1_115' title='bbox 246 1002 291 1025; x_wconf 83' lang='lat' dir='ltr'>na</span> <span class='ocrx_word' id='word_1_116' title='bbox 302 992 335 1023; x_wconf 88' lang='lat' dir='ltr'>in</span> <span class='ocrx_word' id='word_1_117' title='bbox 347 991 599 1036; x_wconf 80' lang='lat' dir='ltr'>degradatorum</span> <span class='ocrx_word' id='word_1_118' title='bbox 611 992 850 1035; x_wconf 82' lang='lat' dir='ltr'>Episcoporum</span> <span class='ocrx_word' id='word_1_119' title='bbox 873 990 969 1026; x_wconf 87' lang='lat' dir='ltr'>Sedes</span> <span class='ocrx_word' id='word_1_120' title='bbox 991 992 1131 1035; x_wconf 86' lang='lat' dir='ltr'>superor-</span> 
     </span>
     <span class='ocr_line' id='line_1_19' title="bbox 246 1039 1131 1084; baseline 0 -10"><span class='ocrx_word' id='word_1_121' title='bbox 246 1039 440 1076; x_wconf 84' lang='lat' dir='ltr'>dinatione.</span> <span class='ocrx_word' id='word_1_122' title='bbox 470 1041 603 1075; x_wconf 88' lang='lat' dir='ltr'>Etenim</span> <span class='ocrx_word' id='word_1_123' title='bbox 623 1041 774 1077; x_wconf 83' lang='lat' dir='ltr'>Hilarius</span> <span class='ocrx_word' id='word_1_124' title='bbox 801 1053 867 1077; x_wconf 88' lang='lat' dir='ltr'>non</span> <span class='ocrx_word' id='word_1_125' title='bbox 881 1043 939 1076; x_wconf 90' lang='lat' dir='ltr'>soli</span> <span class='ocrx_word' id='word_1_126' title='bbox 963 1041 1131 1084; x_wconf 68' lang='lat' dir='ltr'>Projea0‚</span> 
     </span>
     <span class='ocr_line' id='line_1_20' title="bbox 245 1089 1132 1136; baseline 0.003 -12"><span class='ocrx_word' id='word_1_127' title='bbox 245 1090 301 1124; x_wconf 80' lang='lat' dir='ltr'>sed</span> <span class='ocrx_word' id='word_1_128' title='bbox 327 1091 361 1124; x_wconf 89' lang='lat'>&amp;</span> <span class='ocrx_word' id='word_1_129' title='bbox 373 1089 576 1126; x_wconf 90' lang='lat' dir='ltr'>Chelidonio</span> <span class='ocrx_word' id='word_1_130' title='bbox 586 1091 695 1126; x_wconf 86' lang='lat' dir='ltr'>statim</span> <span class='ocrx_word' id='word_1_131' title='bbox 708 1092 961 1136; x_wconf 86' lang='lat' dir='ltr'>superordinavit</span> <span class='ocrx_word' id='word_1_132' title='bbox 973 1117 980 1124; x_wconf 88' lang='lat'><strong>.</strong></span> <span class='ocrx_word' id='word_1_133' title='bbox 1010 1093 1059 1128; x_wconf 84' lang='lat' dir='ltr'>At</span> <span class='ocrx_word' id='word_1_134' title='bbox 1083 1102 1132 1127; x_wconf 89' lang='lat' dir='ltr'>ve-</span> 
     </span>
     <span class='ocr_line' id='line_1_21' title="bbox 245 1138 1132 1186; baseline 0.006 -14"><span class='ocrx_word' id='word_1_135' title='bbox 245 1139 283 1173; x_wconf 76' lang='grc' dir='ltr'>ῐὸ</span> <span class='ocrx_word' id='word_1_136' title='bbox 305 1138 374 1174; x_wconf 87' lang='lat' dir='ltr'>haec</span> <span class='ocrx_word' id='word_1_137' title='bbox 395 1140 562 1179; x_wconf 84' lang='lat' dir='ltr'>festinatio</span> <span class='ocrx_word' id='word_1_138' title='bbox 585 1152 652 1176; x_wconf 86' lang='lat' dir='ltr'>erat</span> <span class='ocrx_word' id='word_1_139' title='bbox 676 1138 804 1186; x_wconf 73' lang='lat' dir='ltr'>penitus</span> <span class='ocrx_word' id='word_1_140' title='bbox 815 1142 924 1177; x_wconf 81' lang='lat' dir='ltr'>aliena</span> <span class='ocrx_word' id='word_1_141' title='bbox 935 1142 976 1176; x_wconf 86' lang='lat' dir='ltr'>ab</span> <span class='ocrx_word' id='word_1_142' title='bbox 989 1141 1132 1183; x_wconf 85' lang='lat' dir='ltr'>antiquis</span> 
     </span>
    </p>
   </div>
   <div class='ocr_carea' id='block_1_4' title="bbox 246 1189 1151 1287">
    <p class='ocr_par' dir='ltr' id='par_1_5' title="bbox 246 1189 1151 1287">
     <span class='ocr_line' id='line_1_22' title="bbox 247 1189 1151 1237; baseline 0.002 -14"><span class='ocrx_word' id='word_1_143' title='bbox 247 1189 367 1224; x_wconf 80' lang='lat' dir='ltr'>Galliae</span> <span class='ocrx_word' id='word_1_144' title='bbox 377 1191 523 1229; x_wconf 84' lang='lat' dir='ltr'>moribus</span> <span class='ocrx_word' id='word_1_145' title='bbox 533 1217 541 1228; x_wconf 90' lang='lat'><strong>.</strong></span> <span class='ocrx_word' id='word_1_146' title='bbox 568 1191 701 1226; x_wconf 87' lang='lat' dir='ltr'>Etenim</span> <span class='ocrx_word' id='word_1_147' title='bbox 713 1193 781 1227; x_wconf 83' lang='lat' dir='ltr'>duae</span> <span class='ocrx_word' id='word_1_148' title='bbox 794 1192 972 1227; x_wconf 79' lang='lat' dir='ltr'>Gallicana:</span> <span class='ocrx_word' id='word_1_149' title='bbox 985 1192 1113 1235; x_wconf 84' lang='lat' dir='ltr'>Synodi</span> <span class='ocrx_word' id='word_1_150' title='bbox 1123 1216 1134 1232; x_wconf 93' lang='lat'>,</span> <span class='ocrx_word' id='word_1_151' title='bbox 1148 1204 1151 1237; x_wconf 77' lang='lat' dir='ltr'>j</span> 
     </span>
     <span class='ocr_line' id='line_1_23' title="bbox 246 1239 1133 1287; baseline 0.001 -13"><span class='ocrx_word' id='word_1_152' title='bbox 246 1251 318 1283; x_wconf 81' lang='lat' dir='ltr'>quae</span> <span class='ocrx_word' id='word_1_153' title='bbox 329 1239 528 1285; x_wconf 85' lang='lat' dir='ltr'>Euphratam</span> <span class='ocrx_word' id='word_1_154' title='bbox 541 1242 777 1279; x_wconf 79' lang='lat' dir='ltr'>coloniensem</span> <span class='ocrx_word' id='word_1_155' title='bbox 788 1241 943 1277; x_wconf 89' lang='lat' dir='ltr'>dicuntur</span> <span class='ocrx_word' id='word_1_156' title='bbox 966 1242 1133 1287; x_wconf 87' lang='lat' dir='ltr'>degradas-</span> 
     </span>
    </p>
   </div>
   <div class='ocr_carea' id='block_1_5' title="bbox 243 1290 1134 1536">
    <p class='ocr_par' dir='ltr' id='par_1_6' title="bbox 243 1290 1134 1536">
     <span class='ocr_line' id='line_1_24' title="bbox 246 1290 1134 1336; baseline 0.002 -12"><span class='ocrx_word' id='word_1_157' title='bbox 246 1290 299 1331; x_wconf 88' lang='lat' dir='ltr'>se,</span> <span class='ocrx_word' id='word_1_158' title='bbox 327 1301 395 1324; x_wconf 88' lang='lat' dir='ltr'>non</span> <span class='ocrx_word' id='word_1_159' title='bbox 408 1294 672 1336; x_wconf 70' lang='lat' dir='ltr'>praesumpserunt</span> <span class='ocrx_word' id='word_1_160' title='bbox 705 1293 967 1336; x_wconf 81' lang='lat' dir='ltr'>superordinare,</span> <span class='ocrx_word' id='word_1_161' title='bbox 992 1292 1068 1327; x_wconf 89' lang='lat' dir='ltr'>licet</span> <span class='ocrx_word' id='word_1_162' title='bbox 1081 1292 1134 1326; x_wconf 87' lang='lat' dir='ltr'>dc-</span> 
     </span>
     <span class='ocr_line' id='line_1_25' title="bbox 245 1339 1133 1385; baseline 0.002 -11"><span class='ocrx_word' id='word_1_163' title='bbox 245 1339 418 1385; x_wconf 84' lang='lat' dir='ltr'>gradarent</span> <span class='ocrx_word' id='word_1_164' title='bbox 429 1341 474 1376; x_wconf 92' lang='lat' dir='ltr'>ob</span> <span class='ocrx_word' id='word_1_165' title='bbox 485 1342 689 1378; x_wconf 84' lang='lat' dir='ltr'>manifestam</span> <span class='ocrx_word' id='word_1_166' title='bbox 702 1342 842 1378; x_wconf 86' lang='lat' dir='ltr'>haeresim</span> <span class='ocrx_word' id='word_1_167' title='bbox 856 1368 863 1376; x_wconf 90' lang='lat'><strong>.</strong></span> <span class='ocrx_word' id='word_1_168' title='bbox 893 1342 1003 1377; x_wconf 86' lang='lat' dir='ltr'>Etiam</span> <span class='ocrx_word' id='word_1_169' title='bbox 1028 1342 1133 1376; x_wconf 87' lang='lat' dir='ltr'>Biter-</span> 
     </span>
     <span class='ocr_line' id='line_1_26' title="bbox 243 1390 1130 1438; baseline 0.003 -14"><span class='ocrx_word' id='word_1_170' title='bbox 243 1391 345 1426; x_wconf 76' lang='lat' dir='ltr'>renfis</span> <span class='ocrx_word' id='word_1_171' title='bbox 357 1390 672 1436; x_wconf 80' lang='lat' dir='ltr'>Pseudo-synodus,</span> <span class='ocrx_word' id='word_1_172' title='bbox 698 1405 768 1438; x_wconf 80' lang='lat' dir='ltr'>quae</span> <span class='ocrx_word' id='word_1_173' title='bbox 787 1395 939 1429; x_wconf 63' lang='lat' dir='ltr'>Sanctum</span> <span class='ocrx_word' id='word_1_174' title='bbox 960 1392 1130 1427; x_wconf 86' lang='lat' dir='ltr'>Hilarium</span> 
     </span>
     <span class='ocr_line' id='line_1_27' title="bbox 243 1439 1130 1489; baseline 0.003 -15"><span class='ocrx_word' id='word_1_175' title='bbox 243 1439 478 1478; x_wconf 69' lang='lat' dir='ltr'>Pinaviensem</span> <span class='ocrx_word' id='word_1_176' title='bbox 500 1442 636 1489; x_wconf 84' lang='lat' dir='ltr'>dejecit,</span> <span class='ocrx_word' id='word_1_177' title='bbox 665 1455 734 1478; x_wconf 87' lang='lat' dir='ltr'>non</span> <span class='ocrx_word' id='word_1_178' title='bbox 752 1443 1029 1489; x_wconf 86' lang='lat' dir='ltr'>superordinavit.</span> <span class='ocrx_word' id='word_1_179' title='bbox 1057 1443 1130 1477; x_wconf 92' lang='lat' dir='ltr'>Nec</span> 
     </span>
     <span class='ocr_line' id='line_1_28' title="bbox 243 1491 1129 1536; baseline 0.005 -12"><span class='ocrx_word' id='word_1_180' title='bbox 243 1491 325 1525; x_wconf 87' lang='lat' dir='ltr'>item</span> <span class='ocrx_word' id='word_1_181' title='bbox 349 1491 645 1536; x_wconf 79' lang='lat' dir='ltr'>Pseudo-synodus</span> <span class='ocrx_word' id='word_1_182' title='bbox 659 1494 876 1532; x_wconf 81' lang='lat' dir='ltr'>Arelatensis,</span> <span class='ocrx_word' id='word_1_183' title='bbox 901 1494 1034 1535; x_wconf 77' lang='lat' dir='ltr'>ejiciens</span> <span class='ocrx_word' id='word_1_184' title='bbox 1054 1494 1129 1528; x_wconf 87' lang='lat' dir='ltr'>San·</span> 
     </span>
    </p>
   </div>
   <div class='ocr_carea' id='block_1_6' title="bbox 245 1539 1134 1582">
    <p class='ocr_par' dir='ltr' id='par_1_7' title="bbox 245 1539 1134 1582">
     <span class='ocr_line' id='line_1_29' title="bbox 245 1539 1134 1582; baseline 0 -9"><span class='ocrx_word' id='word_1_185' title='bbox 245 1540 334 1574; x_wconf 67' lang='lat' dir='ltr'>stum</span> <span class='ocrx_word' id='word_1_186' title='bbox 344 1539 523 1575; x_wconf 88' lang='lat' dir='ltr'>Paulinum</span> <span class='ocrx_word' id='word_1_187' title='bbox 532 1543 768 1577; x_wconf 88' lang='lat' dir='ltr'>Treverensem</span> <span class='ocrx_word' id='word_1_188' title='bbox 782 1565 790 1573; x_wconf 91' lang='lat'><strong>.</strong></span> <span class='ocrx_word' id='word_1_189' title='bbox 817 1541 891 1574; x_wconf 89' lang='lat' dir='ltr'>Nec</span> <span class='ocrx_word' id='word_1_190' title='bbox 904 1541 970 1582; x_wconf 82' lang='lat' dir='ltr'>ipsa</span> <span class='ocrx_word' id='word_1_191' title='bbox 982 1541 1062 1573; x_wconf 87' lang='lat' dir='ltr'>item</span> <span class='ocrx_word' id='word_1_192' title='bbox 1070 1543 1134 1574; x_wconf 89' lang='lat' dir='ltr'>Or·</span> 
     </span>
    </p>
   </div>
   <div class='ocr_carea' id='block_1_7' title="bbox 229 1585 1129 3482">
    <p class='ocr_par' dir='ltr' id='par_1_8' title="bbox 242 1585 1129 1728">
     <span class='ocr_line' id='line_1_30' title="bbox 243 1585 1129 1625; baseline 0.006 -7"><span class='ocrx_word' id='word_1_193' title='bbox 243 1585 393 1618; x_wconf 78' lang='lat' dir='ltr'>thodoxa</span> <span class='ocrx_word' id='word_1_194' title='bbox 404 1589 610 1625; x_wconf 80' lang='lat' dir='ltr'>Parifienfis,</span> <span class='ocrx_word' id='word_1_195' title='bbox 637 1590 797 1621; x_wconf 82' lang='lat' dir='ltr'>damnans</span> <span class='ocrx_word' id='word_1_196' title='bbox 815 1589 1027 1620; x_wconf 86' lang='lat' dir='ltr'>Saturninum</span> <span class='ocrx_word' id='word_1_197' title='bbox 1050 1589 1129 1623; x_wconf 79' lang='lat' dir='ltr'>Are-</span> 
     </span>
     <span class='ocr_line' id='line_1_31' title="bbox 242 1633 1128 1674; baseline 0.005 -7"><span class='ocrx_word' id='word_1_198' title='bbox 242 1633 401 1668; x_wconf 86' lang='lat' dir='ltr'>latensem</span> <span class='ocrx_word' id='word_1_199' title='bbox 423 1658 434 1674; x_wconf 94' lang='lat'>‚</span> <span class='ocrx_word' id='word_1_200' title='bbox 461 1635 574 1668; x_wconf 86' lang='lat' dir='ltr'>ausum</span> <span class='ocrx_word' id='word_1_201' title='bbox 601 1634 767 1673; x_wconf 81' lang='lat' dir='ltr'>scelera-tas</span> <span class='ocrx_word' id='word_1_202' title='bbox 794 1646 909 1670; x_wconf 89' lang='lat' dir='ltr'>manus</span> <span class='ocrx_word' id='word_1_203' title='bbox 935 1635 1067 1670; x_wconf 80' lang='lat' dir='ltr'>mittere</span> <span class='ocrx_word' id='word_1_204' title='bbox 1092 1636 1128 1671; x_wconf 89' lang='lat' dir='ltr'>in</span> 
     </span>
     <span class='ocr_line' id='line_1_32' title="bbox 243 1681 805 1728; baseline 0.005 -11"><span class='ocrx_word' id='word_1_205' title='bbox 243 1681 414 1718; x_wconf 76' lang='lat' dir='ltr'>auosistos</span> <span class='ocrx_word' id='word_1_206' title='bbox 429 1684 592 1728; x_wconf 88' lang='lat' dir='ltr'>gloriosos</span> <span class='ocrx_word' id='word_1_207' title='bbox 606 1684 784 1720; x_wconf 87' lang='lat' dir='ltr'>Antistites</span> <span class='ocrx_word' id='word_1_208' title='bbox 798 1712 805 1719; x_wconf 93' lang='lat'><strong>.</strong></span> 
     </span>
    </p>

    <p class='ocr_par' dir='ltr' id='par_1_9' title="bbox 234 1733 1128 2922">
     <span class='ocr_line' id='line_1_33' title="bbox 293 1733 1128 1779; baseline 0.006 -12"><span class='ocrx_word' id='word_1_209' title='bbox 293 1733 460 1769; x_wconf 89' lang='lat' dir='ltr'>Hodierni</span> <span class='ocrx_word' id='word_1_210' title='bbox 473 1734 671 1779; x_wconf 82' lang='lat' dir='ltr'>Apostolicae</span> <span class='ocrx_word' id='word_1_211' title='bbox 680 1737 771 1771; x_wconf 89' lang='lat' dir='ltr'>Sedis</span> <span class='ocrx_word' id='word_1_212' title='bbox 780 1737 988 1771; x_wconf 66' lang='lat' dir='ltr'>Detralstores</span> <span class='ocrx_word' id='word_1_213' title='bbox 1007 1736 1128 1772; x_wconf 73' lang='lat' dir='ltr'>assidue</span> 
     </span>
     <span class='ocr_line' id='line_1_34' title="bbox 242 1783 1127 1828; baseline 0.005 -10"><span class='ocrx_word' id='word_1_214' title='bbox 242 1783 448 1828; x_wconf 81' lang='lat' dir='ltr'>proclamant</span> <span class='ocrx_word' id='word_1_215' title='bbox 468 1784 509 1819; x_wconf 90' lang='lat' dir='ltr'>ad</span> <span class='ocrx_word' id='word_1_216' title='bbox 529 1786 720 1821; x_wconf 87' lang='lat' dir='ltr'>Africanam</span> <span class='ocrx_word' id='word_1_217' title='bbox 743 1786 941 1822; x_wconf 87' lang='lat' dir='ltr'>Ecclesiam:</span> <span class='ocrx_word' id='word_1_218' title='bbox 970 1786 1127 1823; x_wconf 74' lang='lat' dir='ltr'>Clamant</span> 
     </span>
     <span class='ocr_line' id='line_1_35' title="bbox 241 1834 1126 1882; baseline 0.006 -15"><span class='ocrx_word' id='word_1_219' title='bbox 241 1834 300 1878; x_wconf 71' lang='lat' dir='ltr'>ipsi</span> <span class='ocrx_word' id='word_1_220' title='bbox 312 1834 451 1870; x_wconf 88' lang='lat' dir='ltr'>eandem</span> <span class='ocrx_word' id='word_1_221' title='bbox 463 1847 539 1870; x_wconf 88' lang='lat' dir='ltr'>cum</span> <span class='ocrx_word' id='word_1_222' title='bbox 556 1835 732 1872; x_wconf 85' lang='lat' dir='ltr'>Gallicana</span> <span class='ocrx_word' id='word_1_223' title='bbox 746 1839 870 1881; x_wconf 84' lang='lat' dir='ltr'>semper</span> <span class='ocrx_word' id='word_1_224' title='bbox 880 1836 988 1882; x_wconf 88' lang='lat' dir='ltr'>quoad</span> <span class='ocrx_word' id='word_1_225' title='bbox 1000 1838 1126 1882; x_wconf 85' lang='lat' dir='ltr'>Judicia</span> 
     </span>
     <span class='ocr_line' id='line_1_36' title="bbox 241 1884 1125 1933; baseline 0.005 -16"><span class='ocrx_word' id='word_1_226' title='bbox 241 1884 338 1919; x_wconf 72' lang='lat' dir='ltr'>fuine</span> <span class='ocrx_word' id='word_1_227' title='bbox 349 1885 571 1930; x_wconf 85' lang='lat' dir='ltr'>disciplinam.</span> <span class='ocrx_word' id='word_1_228' title='bbox 597 1888 768 1933; x_wconf 80' lang='lat' dir='ltr'>insigniter</span> <span class='ocrx_word' id='word_1_229' title='bbox 778 1888 939 1923; x_wconf 83' lang='lat' dir='ltr'>falluntur</span> <span class='ocrx_word' id='word_1_230' title='bbox 949 1901 986 1923; x_wconf 90' lang='lat' dir='ltr'>ac</span> <span class='ocrx_word' id='word_1_231' title='bbox 994 1889 1125 1923; x_wconf 89' lang='lat' dir='ltr'>fallunt.</span> 
     </span>
     <span class='ocr_line' id='line_1_37' title="bbox 242 1933 1127 1984; baseline 0.005 -17"><span class='ocrx_word' id='word_1_232' title='bbox 242 1933 381 1970; x_wconf 85' lang='lat' dir='ltr'>Interim</span> <span class='ocrx_word' id='word_1_233' title='bbox 393 1937 490 1971; x_wconf 87' lang='lat' dir='ltr'>etiam</span> <span class='ocrx_word' id='word_1_234' title='bbox 511 1938 668 1972; x_wconf 85' lang='lat' dir='ltr'>Africana</span> <span class='ocrx_word' id='word_1_235' title='bbox 691 1939 834 1973; x_wconf 82' lang='lat' dir='ltr'>Ecclesia</span> <span class='ocrx_word' id='word_1_236' title='bbox 846 1938 1029 1984; x_wconf 88' lang='lat' dir='ltr'>degradatis</span> <span class='ocrx_word' id='word_1_237' title='bbox 1051 1938 1127 1983; x_wconf 86' lang='lat' dir='ltr'>Epi-</span> 
     </span>
     <span class='ocr_line' id='line_1_38' title="bbox 241 1985 1127 2033; baseline 0.002 -12"><span class='ocrx_word' id='word_1_238' title='bbox 241 1985 348 2029; x_wconf 79' lang='lat' dir='ltr'>scopis</span> <span class='ocrx_word' id='word_1_239' title='bbox 369 1997 538 2030; x_wconf 88' lang='lat' dir='ltr'>nunquam</span> <span class='ocrx_word' id='word_1_240' title='bbox 558 1988 665 2022; x_wconf 82' lang='lat' dir='ltr'>statim</span> <span class='ocrx_word' id='word_1_241' title='bbox 687 1987 946 2033; x_wconf 85' lang='lat' dir='ltr'>superordinavit</span> <span class='ocrx_word' id='word_1_242' title='bbox 966 2015 972 2021; x_wconf 94' lang='lat'>.</span> <span class='ocrx_word' id='word_1_243' title='bbox 1001 1990 1127 2033; x_wconf 89' lang='lat' dir='ltr'>Nequi-</span> 
     </span>
     <span class='ocr_line' id='line_1_39' title="bbox 240 2034 1127 2082; baseline 0.005 -12"><span class='ocrx_word' id='word_1_244' title='bbox 240 2034 317 2070; x_wconf 82' lang='lat' dir='ltr'>dem</span> <span class='ocrx_word' id='word_1_245' title='bbox 336 2046 411 2071; x_wconf 87' lang='lat' dir='ltr'>ante</span> <span class='ocrx_word' id='word_1_246' title='bbox 433 2037 654 2072; x_wconf 85' lang='lat' dir='ltr'>Sardicensem</span> <span class='ocrx_word' id='word_1_247' title='bbox 674 2040 848 2082; x_wconf 91' lang='lat' dir='ltr'>Synodum</span> <span class='ocrx_word' id='word_1_248' title='bbox 861 2063 868 2071; x_wconf 90' lang='lat'><em>.</em></span> <span class='ocrx_word' id='word_1_249' title='bbox 897 2039 1033 2073; x_wconf 85' lang='lat' dir='ltr'>Etenim</span> <span class='ocrx_word' id='word_1_250' title='bbox 1055 2039 1127 2074; x_wconf 88' lang='lat' dir='ltr'>Do·</span> 
     </span>
     <span class='ocr_line' id='line_1_40' title="bbox 243 2087 1126 2133; baseline 0.006 -15"><span class='ocrx_word' id='word_1_251' title='bbox 243 2095 338 2121; x_wconf 83' lang='lat' dir='ltr'>natus</span> <span class='ocrx_word' id='word_1_252' title='bbox 349 2087 610 2131; x_wconf 82' lang='lat' dir='ltr'>Carthaginensis</span> <span class='ocrx_word' id='word_1_253' title='bbox 626 2089 805 2133; x_wconf 86' lang='lat' dir='ltr'>Episcopus</span> <span class='ocrx_word' id='word_1_254' title='bbox 816 2090 973 2123; x_wconf 88' lang='lat' dir='ltr'>damnato</span> <span class='ocrx_word' id='word_1_255' title='bbox 986 2089 1004 2123; x_wconf 74' lang='lat' dir='ltr'>a</span> <span class='ocrx_word' id='word_1_256' title='bbox 1017 2091 1047 2123; x_wconf 93' lang='lat' dir='ltr'>se</span> <span class='ocrx_word' id='word_1_257' title='bbox 1058 2089 1126 2123; x_wconf 87' lang='lat' dir='ltr'>Pri-</span> 
     </span>
     <span class='ocr_line' id='line_1_41' title="bbox 242 2135 1126 2182; baseline 0.007 -15"><span class='ocrx_word' id='word_1_258' title='bbox 242 2145 320 2168; x_wconf 89' lang='lat' dir='ltr'>vato</span> <span class='ocrx_word' id='word_1_259' title='bbox 331 2135 562 2172; x_wconf 71' lang='lat' dir='ltr'>Lambesitan‘o</span> <span class='ocrx_word' id='word_1_260' title='bbox 574 2137 815 2180; x_wconf 76' lang='lat' dir='ltr'>superordinare</span> <span class='ocrx_word' id='word_1_261' title='bbox 826 2149 891 2173; x_wconf 90' lang='lat' dir='ltr'>non</span> <span class='ocrx_word' id='word_1_262' title='bbox 912 2139 1103 2182; x_wconf 78' lang='lat' dir='ltr'>praesumpfit</span> <span class='ocrx_word' id='word_1_263' title='bbox 1115 2163 1126 2179; x_wconf 92' lang='lat'>‚</span> 
     </span>
     <span class='ocr_line' id='line_1_42' title="bbox 242 2187 1126 2232; baseline 0.005 -14"><span class='ocrx_word' id='word_1_264' title='bbox 242 2193 421 2230; x_wconf 76' lang='lat' dir='ltr'>antequam</span> <span class='ocrx_word' id='word_1_265' title='bbox 443 2187 578 2221; x_wconf 67' lang='lat' dir='ltr'>Sanetus</span> <span class='ocrx_word' id='word_1_266' title='bbox 598 2187 762 2222; x_wconf 84' lang='lat' dir='ltr'>Fabianus</span> <span class='ocrx_word' id='word_1_267' title='bbox 786 2189 938 2223; x_wconf 70' lang='lat' dir='ltr'>firmasset</span> <span class='ocrx_word' id='word_1_268' title='bbox 961 2188 1027 2230; x_wconf 63' lang='lat' dir='ltr'>eius</span> <span class='ocrx_word' id='word_1_269' title='bbox 1040 2189 1126 2232; x_wconf 87' lang='lat' dir='ltr'>Judi-</span> 
     </span>
     <span class='ocr_line' id='line_1_43' title="bbox 241 2234 1125 2281; baseline 0.005 -13"><span class='ocrx_word' id='word_1_270' title='bbox 241 2234 348 2269; x_wconf 87' lang='lat' dir='ltr'>cium.</span> <span class='ocrx_word' id='word_1_271' title='bbox 377 2235 424 2270; x_wconf 88' lang='lat' dir='ltr'>lta</span> <span class='ocrx_word' id='word_1_272' title='bbox 436 2236 606 2281; x_wconf 87' lang='lat' dir='ltr'>colligitur</span> <span class='ocrx_word' id='word_1_273' title='bbox 617 2249 657 2271; x_wconf 84' lang='lat' dir='ltr'>ex</span> <span class='ocrx_word' id='word_1_274' title='bbox 668 2238 774 2272; x_wconf 63' lang='lat' dir='ltr'>Saniti</span> <span class='ocrx_word' id='word_1_275' title='bbox 785 2237 944 2281; x_wconf 87' lang='lat' dir='ltr'>Cypriani</span> <span class='ocrx_word' id='word_1_276' title='bbox 957 2239 1072 2272; x_wconf 87' lang='lat' dir='ltr'>litteris</span> <span class='ocrx_word' id='word_1_277' title='bbox 1086 2237 1125 2273; x_wconf 88' lang='lat' dir='ltr'>ad</span> 
     </span>
     <span class='ocr_line' id='line_1_44' title="bbox 239 2286 1125 2334; baseline 0.005 -15"><span class='ocrx_word' id='word_1_278' title='bbox 239 2286 395 2319; x_wconf 71' lang='lat' dir='ltr'>Sanstu&#39;m</span> <span class='ocrx_word' id='word_1_279' title='bbox 422 2286 615 2321; x_wconf 90' lang='lat' dir='ltr'>Cornelium</span> <span class='ocrx_word' id='word_1_280' title='bbox 643 2313 650 2320; x_wconf 90' lang='lat'>.</span> <span class='ocrx_word' id='word_1_281' title='bbox 691 2289 736 2322; x_wconf 90' lang='lat' dir='ltr'>Et</span> <span class='ocrx_word' id='word_1_282' title='bbox 755 2289 891 2323; x_wconf 66' lang='lat' dir='ltr'>Sanssus</span> <span class='ocrx_word' id='word_1_283' title='bbox 919 2288 1125 2334; x_wconf 86' lang='lat' dir='ltr'>Augustinus</span> 
     </span>
     <span class='ocr_line' id='line_1_45' title="bbox 239 2335 1123 2383; baseline 0.006 -15"><span class='ocrx_word' id='word_1_284' title='bbox 239 2335 434 2370; x_wconf 86' lang='lat' dir='ltr'>Donatistas</span> <span class='ocrx_word' id='word_1_285' title='bbox 459 2338 596 2380; x_wconf 88' lang='lat' dir='ltr'>graviter</span> <span class='ocrx_word' id='word_1_286' title='bbox 620 2339 747 2383; x_wconf 80' lang='lat' dir='ltr'>arguit,</span> <span class='ocrx_word' id='word_1_287' title='bbox 774 2338 864 2381; x_wconf 91' lang='lat' dir='ltr'>quod</span> <span class='ocrx_word' id='word_1_288' title='bbox 884 2349 960 2374; x_wconf 76' lang='lat' dir='ltr'>ante</span> <span class='ocrx_word' id='word_1_289' title='bbox 987 2338 1123 2373; x_wconf 88' lang='lat' dir='ltr'>similem</span> 
     </span>
     <span class='ocr_line' id='line_1_46' title="bbox 239 2383 1123 2432; baseline 0.005 -14"><span class='ocrx_word' id='word_1_290' title='bbox 239 2383 432 2420; x_wconf 85' lang='lat' dir='ltr'>Romanam</span> <span class='ocrx_word' id='word_1_291' title='bbox 453 2388 740 2422; x_wconf 84' lang='lat' dir='ltr'>confirmationem</span> <span class='ocrx_word' id='word_1_292' title='bbox 767 2388 1021 2432; x_wconf 76' lang='lat' dir='ltr'>praesumpserint</span> <span class='ocrx_word' id='word_1_293' title='bbox 1042 2388 1123 2432; x_wconf 82' lang='lat' dir='ltr'>deje-</span> 
     </span>
     <span class='ocr_line' id='line_1_47' title="bbox 240 2435 1124 2482; baseline 0.006 -15"><span class='ocrx_word' id='word_1_294' title='bbox 240 2435 294 2468; x_wconf 72' lang='lat' dir='ltr'>sto</span> <span class='ocrx_word' id='word_1_295' title='bbox 307 2435 479 2477; x_wconf 69' lang='lat' dir='ltr'>Ceciliano</span> <span class='ocrx_word' id='word_1_296' title='bbox 490 2438 733 2480; x_wconf 87' lang='lat' dir='ltr'>superordinare</span> <span class='ocrx_word' id='word_1_297' title='bbox 746 2438 967 2480; x_wconf 77' lang='lat' dir='ltr'>Majorinum·</span> <span class='ocrx_word' id='word_1_298' title='bbox 997 2439 1124 2482; x_wconf 78' lang='lat' dir='ltr'>Nempe</span> 
     </span>
     <span class='ocr_line' id='line_1_48' title="bbox 239 2483 1123 2528; baseline 0.006 -11"><span class='ocrx_word' id='word_1_299' title='bbox 239 2483 491 2518; x_wconf 73' lang='lat' dir='ltr'>provinciarum</span> <span class='ocrx_word' id='word_1_300' title='bbox 516 2486 668 2528; x_wconf 84' lang='lat' dir='ltr'>Synodi,</span> <span class='ocrx_word' id='word_1_301' title='bbox 695 2488 745 2521; x_wconf 85' lang='lat' dir='ltr'>uti</span> <span class='ocrx_word' id='word_1_302' title='bbox 765 2489 805 2522; x_wconf 90' lang='lat' dir='ltr'>ad</span> <span class='ocrx_word' id='word_1_303' title='bbox 829 2489 983 2522; x_wconf 62' lang='lat' dir='ltr'>Sansium</span> <span class='ocrx_word' id='word_1_304' title='bbox 1007 2488 1123 2522; x_wconf 66' lang='lat' dir='ltr'>Viati-</span> 
     </span>
     <span class='ocr_line' id='line_1_49' title="bbox 238 2533 1121 2578; baseline 0.007 -12"><span class='ocrx_word' id='word_1_305' title='bbox 238 2534 327 2567; x_wconf 88' lang='lat' dir='ltr'>cium</span> <span class='ocrx_word' id='word_1_306' title='bbox 349 2533 469 2577; x_wconf 75' lang='lat' dir='ltr'>scripsit</span> <span class='ocrx_word' id='word_1_307' title='bbox 480 2535 614 2570; x_wconf 69' lang='lat' dir='ltr'>Sanctus</span> <span class='ocrx_word' id='word_1_308' title='bbox 626 2537 863 2578; x_wconf 86' lang='lat' dir='ltr'>Innocentius,</span> <span class='ocrx_word' id='word_1_309' title='bbox 891 2539 985 2572; x_wconf 84' lang='lat' dir='ltr'>suum</span> <span class='ocrx_word' id='word_1_310' title='bbox 1008 2538 1048 2573; x_wconf 89' lang='lat' dir='ltr'>de</span> <span class='ocrx_word' id='word_1_311' title='bbox 1069 2538 1121 2572; x_wconf 85' lang='lat' dir='ltr'>de·</span> 
     </span>
     <span class='ocr_line' id='line_1_50' title="bbox 235 2582 1121 2630; baseline 0.007 -14"><span class='ocrx_word' id='word_1_312' title='bbox 235 2582 323 2626; x_wconf 67' lang='lat' dir='ltr'>iestis</span> <span class='ocrx_word' id='word_1_313' title='bbox 335 2583 503 2629; x_wconf 90' lang='lat' dir='ltr'>Episcopis</span> <span class='ocrx_word' id='word_1_314' title='bbox 516 2584 679 2629; x_wconf 88' lang='lat' dir='ltr'>Judicium</span> <span class='ocrx_word' id='word_1_315' title='bbox 691 2585 872 2621; x_wconf 87' lang='lat' dir='ltr'>debuerunt</span> <span class='ocrx_word' id='word_1_316' title='bbox 885 2588 1007 2630; x_wconf 89' lang='lat' dir='ltr'>semper</span> <span class='ocrx_word' id='word_1_317' title='bbox 1029 2589 1121 2622; x_wconf 83' lang='lat' dir='ltr'>refer-</span> 
     </span>
     <span class='ocr_line' id='line_1_51' title="bbox 236 2634 1121 2681; baseline 0.006 -15"><span class='ocrx_word' id='word_1_318' title='bbox 236 2645 271 2667; x_wconf 87' lang='lat' dir='ltr'>re</span> <span class='ocrx_word' id='word_1_319' title='bbox 294 2634 467 2673; x_wconf 88' lang='lat' dir='ltr'>Romam,</span> <span class='ocrx_word' id='word_1_320' title='bbox 492 2635 526 2670; x_wconf 76' lang='grc' dir='ltr'>δε</span> <span class='ocrx_word' id='word_1_321' title='bbox 552 2647 627 2671; x_wconf 90' lang='lat' dir='ltr'>ante</span> <span class='ocrx_word' id='word_1_322' title='bbox 654 2637 885 2680; x_wconf 83' lang='lat' dir='ltr'>Apostolicum</span> <span class='ocrx_word' id='word_1_323' title='bbox 911 2637 1121 2681; x_wconf 87' lang='lat' dir='ltr'>Rescriptum</span> 
     </span>
     <span class='ocr_line' id='line_1_52' title="bbox 237 2685 1120 2733; baseline 0.006 -16"><span class='ocrx_word' id='word_1_324' title='bbox 237 2694 306 2717; x_wconf 89' lang='lat' dir='ltr'>non</span> <span class='ocrx_word' id='word_1_325' title='bbox 319 2685 562 2728; x_wconf 85' lang='lat' dir='ltr'>superordinare</span> <span class='ocrx_word' id='word_1_326' title='bbox 574 2708 582 2716; x_wconf 91' lang='lat'>.</span> <span class='ocrx_word' id='word_1_327' title='bbox 610 2686 818 2733; x_wconf 73' lang='lat' dir='ltr'>Quapropter</span> <span class='ocrx_word' id='word_1_328' title='bbox 829 2687 953 2722; x_wconf 89' lang='lat' dir='ltr'>clarum</span> <span class='ocrx_word' id='word_1_329' title='bbox 964 2687 1022 2728; x_wconf 84' lang='lat' dir='ltr'>est,</span> <span class='ocrx_word' id='word_1_330' title='bbox 1033 2688 1120 2731; x_wconf 90' lang='lat' dir='ltr'>quod</span> 
     </span>
     <span class='ocr_line' id='line_1_53' title="bbox 237 2732 1120 2782; baseline 0.007 -15"><span class='ocrx_word' id='word_1_331' title='bbox 237 2732 324 2768; x_wconf 85' lang='lat' dir='ltr'>hanc</span> <span class='ocrx_word' id='word_1_332' title='bbox 346 2736 434 2769; x_wconf 87' lang='lat' dir='ltr'>suam</span> <span class='ocrx_word' id='word_1_333' title='bbox 460 2736 641 2770; x_wconf 88' lang='lat' dir='ltr'>novitatem</span> <span class='ocrx_word' id='word_1_334' title='bbox 664 2736 815 2771; x_wconf 90' lang='lat' dir='ltr'>Hilarius</span> <span class='ocrx_word' id='word_1_335' title='bbox 835 2737 970 2772; x_wconf 87' lang='lat' dir='ltr'>fundare</span> <span class='ocrx_word' id='word_1_336' title='bbox 981 2748 1049 2771; x_wconf 87' lang='lat' dir='ltr'>non</span> <span class='ocrx_word' id='word_1_337' title='bbox 1065 2750 1120 2782; x_wconf 89' lang='lat' dir='ltr'>po-</span> 
     </span>
     <span class='ocr_line' id='line_1_54' title="bbox 234 2784 1118 2833; baseline 0.007 -15"><span class='ocrx_word' id='word_1_338' title='bbox 234 2784 333 2818; x_wconf 85' lang='lat' dir='ltr'>tuerit</span> <span class='ocrx_word' id='word_1_339' title='bbox 346 2784 379 2817; x_wconf 91' lang='lat' dir='ltr'>in</span> <span class='ocrx_word' id='word_1_340' title='bbox 394 2784 488 2819; x_wconf 91' lang='lat' dir='ltr'>avitis</span> <span class='ocrx_word' id='word_1_341' title='bbox 499 2786 644 2821; x_wconf 83' lang='lat' dir='ltr'>moribus</span> <span class='ocrx_word' id='word_1_342' title='bbox 656 2787 835 2822; x_wconf 81' lang='lat' dir='ltr'>Gallicanae</span> <span class='ocrx_word' id='word_1_343' title='bbox 849 2787 996 2822; x_wconf 85' lang='lat' dir='ltr'>Ecclefiae</span> <span class='ocrx_word' id='word_1_344' title='bbox 1006 2812 1013 2820; x_wconf 92' lang='lat'><em>.</em></span> <span class='ocrx_word' id='word_1_345' title='bbox 1043 2789 1118 2833; x_wconf 89' lang='lat' dir='ltr'>Ego</span> 
     </span>
     <span class='ocr_line' id='line_1_55' title="bbox 234 2834 1118 2882; baseline 0.007 -15"><span class='ocrx_word' id='word_1_346' title='bbox 234 2834 345 2868; x_wconf 86' lang='lat' dir='ltr'>nescio</span> <span class='ocrx_word' id='word_1_347' title='bbox 355 2834 606 2871; x_wconf 83' lang='lat' dir='ltr'>fundamentum</span> <span class='ocrx_word' id='word_1_348' title='bbox 618 2838 707 2871; x_wconf 87' lang='lat' dir='ltr'>aliud</span> <span class='ocrx_word' id='word_1_349' title='bbox 722 2862 732 2878; x_wconf 94' lang='lat'>‚</span> <span class='ocrx_word' id='word_1_350' title='bbox 761 2837 819 2872; x_wconf 88' lang='lat' dir='ltr'>nisi</span> <span class='ocrx_word' id='word_1_351' title='bbox 835 2849 957 2873; x_wconf 88' lang='lat' dir='ltr'>novam</span> <span class='ocrx_word' id='word_1_352' title='bbox 978 2838 1118 2882; x_wconf 87' lang='lat' dir='ltr'>dignita-</span> 
     </span>
     <span class='ocr_line' id='line_1_56' title="bbox 234 2885 668 2922; baseline 0.007 -5"><span class='ocrx_word' id='word_1_353' title='bbox 234 2894 302 2920; x_wconf 83' lang='lat' dir='ltr'>tem</span> <span class='ocrx_word' id='word_1_354' title='bbox 312 2895 353 2918; x_wconf 89' lang='lat' dir='ltr'>ex</span> <span class='ocrx_word' id='word_1_355' title='bbox 366 2885 448 2919; x_wconf 91' lang='lat' dir='ltr'>Sede</span> <span class='ocrx_word' id='word_1_356' title='bbox 459 2885 651 2922; x_wconf 68' lang='lat' dir='ltr'>Praefeaurae</span> <span class='ocrx_word' id='word_1_357' title='bbox 661 2913 668 2920; x_wconf 94' lang='lat'>.</span> 
     </span>
    </p>

    <p class='ocr_par' dir='ltr' id='par_1_10' title="bbox 229 2934 1115 3482">
     <span class='ocr_line' id='line_1_57' title="bbox 283 2934 1113 2982; baseline 0.006 -14"><span class='ocrx_word' id='word_1_358' title='bbox 283 2934 410 2969; x_wconf 77' lang='lat' dir='ltr'>Possint</span> <span class='ocrx_word' id='word_1_359' title='bbox 421 2938 627 2980; x_wconf 88' lang='lat' dir='ltr'>opponiduo</span> <span class='ocrx_word' id='word_1_360' title='bbox 640 2962 647 2970; x_wconf 91' lang='lat'>.</span> <span class='ocrx_word' id='word_1_361' title='bbox 676 2938 824 2973; x_wconf 89' lang='lat' dir='ltr'>Primum</span> <span class='ocrx_word' id='word_1_362' title='bbox 845 2939 911 2980; x_wconf 86' lang='lat' dir='ltr'>est,</span> <span class='ocrx_word' id='word_1_363' title='bbox 937 2939 1027 2982; x_wconf 91' lang='lat' dir='ltr'>quod</span> <span class='ocrx_word' id='word_1_364' title='bbox 1047 2950 1113 2974; x_wconf 88' lang='lat' dir='ltr'>non</span> 
     </span>
     <span class='ocr_line' id='line_1_58' title="bbox 229 2982 1114 3033; baseline 0.009 -18"><span class='ocrx_word' id='word_1_365' title='bbox 229 2982 298 3017; x_wconf 65' lang='lat' dir='ltr'>osoli</span> <span class='ocrx_word' id='word_1_366' title='bbox 310 2985 454 3030; x_wconf 88' lang='lat' dir='ltr'>vulgares</span> <span class='ocrx_word' id='word_1_367' title='bbox 467 2987 690 3032; x_wconf 75' lang='lat' dir='ltr'>Metropolitae</span> <span class='ocrx_word' id='word_1_368' title='bbox 702 3013 712 3029; x_wconf 89' lang='lat'>,</span> <span class='ocrx_word' id='word_1_369' title='bbox 739 2987 791 3023; x_wconf 89' lang='lat' dir='ltr'>sed</span> <span class='ocrx_word' id='word_1_370' title='bbox 805 2990 903 3023; x_wconf 86' lang='lat' dir='ltr'>etiam</span> <span class='ocrx_word' id='word_1_371' title='bbox 913 2990 1114 3033; x_wconf 88' lang='lat' dir='ltr'>quicumque</span> 
     </span>
     <span class='ocr_line' id='line_1_59' title="bbox 238 3030 1114 3083; baseline 0.011 -19"><span class='ocrx_word' id='word_1_372' title='bbox 238 3030 456 3078; x_wconf 84' lang='lat' dir='ltr'>Autocephali</span> <span class='ocrx_word' id='word_1_373' title='bbox 478 3038 641 3079; x_wconf 87' lang='lat' dir='ltr'>Exarchi,</span> <span class='ocrx_word' id='word_1_374' title='bbox 667 3051 705 3073; x_wconf 87' lang='lat' dir='ltr'>ac</span> <span class='ocrx_word' id='word_1_375' title='bbox 729 3039 785 3083; x_wconf 86' lang='lat' dir='ltr'>ipsi</span> <span class='ocrx_word' id='word_1_376' title='bbox 809 3039 910 3073; x_wconf 82' lang='lat' dir='ltr'>etiam</span> <span class='ocrx_word' id='word_1_377' title='bbox 922 3038 1114 3074; x_wconf 82' lang='lat' dir='ltr'>Patriarchae</span> 
     </span>
     <span class='ocr_line' id='line_1_60' title="bbox 235 3081 1113 3133; baseline 0.014 -20"><span class='ocrx_word' id='word_1_378' title='bbox 235 3081 355 3117; x_wconf 85' lang='lat' dir='ltr'>fuerint</span> <span class='ocrx_word' id='word_1_379' title='bbox 365 3085 502 3130; x_wconf 85' lang='lat' dir='ltr'>obligati</span> <span class='ocrx_word' id='word_1_380' title='bbox 515 3089 600 3123; x_wconf 87' lang='lat' dir='ltr'>circa</span> <span class='ocrx_word' id='word_1_381' title='bbox 613 3089 783 3124; x_wconf 87' lang='lat' dir='ltr'>Romanas</span> <span class='ocrx_word' id='word_1_382' title='bbox 796 3088 1043 3133; x_wconf 83' lang='lat' dir='ltr'>Appellationes</span> <span class='ocrx_word' id='word_1_383' title='bbox 1069 3102 1113 3125; x_wconf 90' lang='lat' dir='ltr'>re·</span> 
     </span>
     <span class='ocr_line' id='line_1_61' title="bbox 235 3131 1115 3186; baseline 0.013 -23"><span class='ocrx_word' id='word_1_384' title='bbox 235 3131 339 3186; x_wconf 67' lang='lat' dir='ltr'>vereri</span> <span class='ocrx_word' id='word_1_385' title='bbox 351 3143 387 3165; x_wconf 86' lang='lat' dir='ltr'>ac</span> <span class='ocrx_word' id='word_1_386' title='bbox 397 3135 563 3173; x_wconf 87' lang='lat' dir='ltr'>observare</span> <span class='ocrx_word' id='word_1_387' title='bbox 574 3137 795 3174; x_wconf 82' lang='lat' dir='ltr'>sardicensem</span> <span class='ocrx_word' id='word_1_388' title='bbox 818 3141 957 3174; x_wconf 78' lang='lat' dir='ltr'>formam</span> <span class='ocrx_word' id='word_1_389' title='bbox 970 3152 1008 3174; x_wconf 91' lang='lat' dir='ltr'>ac</span> <span class='ocrx_word' id='word_1_390' title='bbox 1020 3140 1115 3175; x_wconf 84' lang='lat' dir='ltr'>disci·</span> 
     </span>
     <span class='ocr_line' id='line_1_62' title="bbox 235 3179 1113 3237; baseline 0.005 -16"><span class='ocrx_word' id='word_1_391' title='bbox 235 3179 387 3237; x_wconf 73' lang='lat' dir='ltr'>plmam;</span> <span class='ocrx_word' id='word_1_392' title='bbox 412 3184 554 3229; x_wconf 69' lang='lat' dir='ltr'>adeoque</span> <span class='ocrx_word' id='word_1_393' title='bbox 574 3189 723 3224; x_wconf 85' lang='lat' dir='ltr'>Hilarius</span> <span class='ocrx_word' id='word_1_394' title='bbox 745 3201 786 3224; x_wconf 83' lang='lat' dir='ltr'>ex</span> <span class='ocrx_word' id='word_1_395' title='bbox 798 3200 883 3224; x_wconf 89' lang='lat' dir='ltr'>vano</span> <span class='ocrx_word' id='word_1_396' title='bbox 904 3188 1113 3234; x_wconf 78' lang='lat' dir='ltr'>Autocepha-</span> 
     </span>
     <span class='ocr_line' id='line_1_63' title="bbox 235 3230 1110 3283; baseline 0.001 -9"><span class='ocrx_word' id='word_1_397' title='bbox 235 3230 286 3263; x_wconf 70' lang='lat' dir='ltr'>1¹ae</span> <span class='ocrx_word' id='word_1_398' title='bbox 297 3239 451 3274; x_wconf 85' lang='lat' dir='ltr'>praetextu</span> <span class='ocrx_word' id='word_1_399' title='bbox 477 3246 543 3271; x_wconf 80' lang='lat' dir='ltr'>non</span> <span class='ocrx_word' id='word_1_400' title='bbox 567 3241 708 3283; x_wconf 87' lang='lat' dir='ltr'>potuerit</span> <span class='ocrx_word' id='word_1_401' title='bbox 727 3240 813 3276; x_wconf 83' lang='lat' dir='ltr'>istud</span> <span class='ocrx_word' id='word_1_402' title='bbox 836 3251 922 3275; x_wconf 92' lang='lat' dir='ltr'>onus</span> <span class='ocrx_word' id='word_1_403' title='bbox 939 3251 1090 3275; x_wconf 83' lang='lat' dir='ltr'>excutere</span> <span class='ocrx_word' id='word_1_404' title='bbox 1103 3265 1110 3273; x_wconf 86' lang='lat'><strong>.</strong></span> 
     </span>
     <span class='ocr_line' id='line_1_64' title="bbox 235 3278 1111 3336; baseline 0.014 -23"><span class='ocrx_word' id='word_1_405' title='bbox 235 3278 316 3336; x_wconf 75' lang='lat' dir='ltr'>Erat</span> <span class='ocrx_word' id='word_1_406' title='bbox 329 3291 470 3324; x_wconf 88' lang='lat' dir='ltr'>namque</span> <span class='ocrx_word' id='word_1_407' title='bbox 486 3284 596 3321; x_wconf 69' lang='lat' dir='ltr'>doctus</span> <span class='ocrx_word' id='word_1_408' title='bbox 619 3291 821 3334; x_wconf 79' lang='lat' dir='ltr'>Episcopus,</span> <span class='ocrx_word' id='word_1_409' title='bbox 848 3291 970 3334; x_wconf 88' lang='lat' dir='ltr'>peritus</span> <span class='ocrx_word' id='word_1_410' title='bbox 993 3290 1111 3325; x_wconf 87' lang='lat' dir='ltr'>Eccle-</span> 
     </span>
     <span class='ocr_line' id='line_1_65' title="bbox 234 3330 1111 3385; baseline 0.015 -23"><span class='ocrx_word' id='word_1_411' title='bbox 234 3330 364 3364; x_wconf 78' lang='lat' dir='ltr'>fiasticae</span> <span class='ocrx_word' id='word_1_412' title='bbox 375 3332 575 3368; x_wconf 73' lang='lat' dir='ltr'>Hierarchiae</span> <span class='ocrx_word' id='word_1_413' title='bbox 597 3360 603 3368; x_wconf 91' lang='lat'>.</span> <span class='ocrx_word' id='word_1_414' title='bbox 631 3339 816 3375; x_wconf 85' lang='lat' dir='ltr'>Secundum</span> <span class='ocrx_word' id='word_1_415' title='bbox 838 3340 906 3381; x_wconf 88' lang='lat' dir='ltr'>est,</span> <span class='ocrx_word' id='word_1_416' title='bbox 932 3341 1022 3385; x_wconf 89' lang='lat' dir='ltr'>quod</span> <span class='ocrx_word' id='word_1_417' title='bbox 1046 3342 1111 3384; x_wconf 90' lang='lat' dir='ltr'>ipse</span> 
     </span>
     <span class='ocr_line' id='line_1_66' title="bbox 234 3380 1110 3439; baseline 0.015 -26"><span class='ocrx_word' id='word_1_418' title='bbox 234 3380 402 3437; x_wconf 72' lang='lat' dir='ltr'>regulam,</span> <span class='ocrx_word' id='word_1_419' title='bbox 425 3392 497 3439; x_wconf 70' lang='lat' dir='ltr'>quat</span> <span class='ocrx_word' id='word_1_420' title='bbox 508 3384 615 3418; x_wconf 86' lang='lat' dir='ltr'>datam</span> <span class='ocrx_word' id='word_1_421' title='bbox 627 3388 722 3424; x_wconf 85' lang='lat' dir='ltr'>alicui</span> <span class='ocrx_word' id='word_1_422' title='bbox 744 3391 868 3425; x_wconf 85' lang='lat' dir='ltr'>civitati</span> <span class='ocrx_word' id='word_1_423' title='bbox 889 3401 945 3425; x_wconf 88' lang='lat' dir='ltr'>aut</span> <span class='ocrx_word' id='word_1_424' title='bbox 956 3390 1080 3434; x_wconf 85' lang='lat' dir='ltr'>regioni</span> <span class='ocrx_word' id='word_1_425' title='bbox 1093 3392 1110 3426; x_wconf 75' lang='lat' dir='ltr'>a</span> 
     </span>
     <span class='ocr_line' id='line_1_67' title="bbox 235 3429 1110 3482; baseline 0.011 -15"><span class='ocrx_word' id='word_1_426' title='bbox 235 3429 390 3477; x_wconf 76' lang='lat' dir='ltr'>Principe</span> <span class='ocrx_word' id='word_1_427' title='bbox 399 3431 594 3478; x_wconf 69' lang='lat' dir='ltr'>dig-nitatem</span> <span class='ocrx_word' id='word_1_428' title='bbox 606 3439 800 3476; x_wconf 80' lang='lat' dir='ltr'>transfundit</span> <span class='ocrx_word' id='word_1_429' title='bbox 811 3441 846 3476; x_wconf 86' lang='lat' dir='ltr'>in</span> <span class='ocrx_word' id='word_1_430' title='bbox 858 3440 950 3475; x_wconf 82' lang='lat' dir='ltr'>istius</span> <span class='ocrx_word' id='word_1_431' title='bbox 970 3441 1110 3482; x_wconf 80' lang='lat' dir='ltr'>civitatis</span> 
     </span>
    </p>
   </div>
   <div class='ocr_carea' id='block_1_8' title="bbox 1936 163 2027 209">
    <p class='ocr_par' dir='ltr' id='par_1_11' title="bbox 1936 163 2027 209">
     <span class='ocr_line' id='line_1_68' title="bbox 1936 163 2027 209; baseline 0.055 -28"><span class='ocrx_word' id='word_1_432' title='bbox 1936 163 2027 209; x_wconf 5' lang='grc' dir='ltr'>ξι,</span> 
     </span>
    </p>
   </div>
   <div class='ocr_carea' id='block_1_9' title="bbox 1193 240 2237 937">
    <p class='ocr_par' dir='ltr' id='par_1_12' title="bbox 1196 240 2075 287">
     <span class='ocr_line' id='line_1_69' title="bbox 1196 240 2075 287; baseline 0.002 -12"><span class='ocrx_word' id='word_1_433' title='bbox 1196 250 1253 277; x_wconf 87' lang='lat' dir='ltr'>aut</span> <span class='ocrx_word' id='word_1_434' title='bbox 1272 240 1418 286; x_wconf 87' lang='lat' dir='ltr'>regionis</span> <span class='ocrx_word' id='word_1_435' title='bbox 1440 240 1660 285; x_wconf 88' lang='lat' dir='ltr'>Episcopum,</span> <span class='ocrx_word' id='word_1_436' title='bbox 1688 243 1808 287; x_wconf 85' lang='lat' dir='ltr'>semper</span> <span class='ocrx_word' id='word_1_437' title='bbox 1827 243 1987 278; x_wconf 84' lang='lat' dir='ltr'>aversatus</span> <span class='ocrx_word' id='word_1_438' title='bbox 1999 242 2075 277; x_wconf 88' lang='lat' dir='ltr'>ode-</span> 
     </span>
    </p>

    <p class='ocr_par' dir='ltr' id='par_1_13' title="bbox 1197 289 2075 333">
     <span class='ocr_line' id='line_1_70' title="bbox 1197 289 2075 333; baseline 0.001 -8"><span class='ocrx_word' id='word_1_439' title='bbox 1197 292 1238 326; x_wconf 87' lang='lat' dir='ltr'>rit</span> <span class='ocrx_word' id='word_1_440' title='bbox 1247 315 1255 323; x_wconf 90' lang='lat'>.</span> <span class='ocrx_word' id='word_1_441' title='bbox 1281 293 1375 326; x_wconf 91' lang='lat' dir='ltr'>Hinc</span> <span class='ocrx_word' id='word_1_442' title='bbox 1390 292 1480 327; x_wconf 90' lang='lat' dir='ltr'>enim</span> <span class='ocrx_word' id='word_1_443' title='bbox 1492 290 1511 324; x_wconf 72' lang='lat' dir='ltr'>a</span> <span class='ocrx_word' id='word_1_444' title='bbox 1523 289 1685 325; x_wconf 87' lang='lat' dir='ltr'>Romanis</span> <span class='ocrx_word' id='word_1_445' title='bbox 1696 290 1943 333; x_wconf 80' lang='lat' dir='ltr'>Imperatoribus</span> <span class='ocrx_word' id='word_1_446' title='bbox 1955 294 2075 327; x_wconf 70' lang='lat' dir='ltr'>erectas</span> 
     </span>
    </p>

    <p class='ocr_par' dir='ltr' id='par_1_14' title="bbox 1195 339 2076 387">
     <span class='ocr_line' id='line_1_71' title="bbox 1195 339 2076 387; baseline -0.001 -10"><span class='ocrx_word' id='word_1_447' title='bbox 1195 341 1231 377; x_wconf 86' lang='lat' dir='ltr'>in</span> <span class='ocrx_word' id='word_1_448' title='bbox 1243 341 1451 378; x_wconf 78' lang='lat' dir='ltr'>Narbonensi</span> <span class='ocrx_word' id='word_1_449' title='bbox 1465 341 1575 376; x_wconf 81' lang='lat' dir='ltr'>Gallia</span> <span class='ocrx_word' id='word_1_450' title='bbox 1588 352 1688 375; x_wconf 87' lang='lat' dir='ltr'>novas</span> <span class='ocrx_word' id='word_1_451' title='bbox 1700 339 1892 378; x_wconf 86' lang='lat' dir='ltr'>Provincias</span> <span class='ocrx_word' id='word_1_452' title='bbox 1905 343 2076 387; x_wconf 87' lang='lat' dir='ltr'>pertinaci-</span> 
     </span>
    </p>

    <p class='ocr_par' dir='ltr' id='par_1_15' title="bbox 1195 389 2078 487">
     <span class='ocr_line' id='line_1_72' title="bbox 1196 389 2075 437; baseline -0.003 -10"><span class='ocrx_word' id='word_1_453' title='bbox 1196 401 1244 426; x_wconf 85' lang='lat' dir='ltr'>ter</span> <span class='ocrx_word' id='word_1_454' title='bbox 1276 390 1458 437; x_wconf 82' lang='lat' dir='ltr'>agnoscere</span> <span class='ocrx_word' id='word_1_455' title='bbox 1485 392 1520 426; x_wconf 90' lang='lat' dir='ltr'>in</span> <span class='ocrx_word' id='word_1_456' title='bbox 1555 390 1650 426; x_wconf 88' lang='lat' dir='ltr'>rebus</span> <span class='ocrx_word' id='word_1_457' title='bbox 1688 389 1920 426; x_wconf 74' lang='lat' dir='ltr'>Ecclesiasticis</span> <span class='ocrx_word' id='word_1_458' title='bbox 1946 393 2075 427; x_wconf 88' lang='lat' dir='ltr'>noluit:</span> 
     </span>
     <span class='ocr_line' id='line_1_73' title="bbox 1195 440 2078 487; baseline 0 -12"><span class='ocrx_word' id='word_1_459' title='bbox 1195 440 1317 478; x_wconf 87' lang='lat' dir='ltr'>Voluit</span> <span class='ocrx_word' id='word_1_460' title='bbox 1336 443 1371 478; x_wconf 74' lang='grc' dir='ltr'>ὅ(</span> <span class='ocrx_word' id='word_1_461' title='bbox 1392 441 1502 487; x_wconf 79' lang='lat' dir='ltr'>quoad</span> <span class='ocrx_word' id='word_1_462' title='bbox 1525 441 1818 480; x_wconf 80' lang='lat' dir='ltr'>Consecrationes‚</span> <span class='ocrx_word' id='word_1_463' title='bbox 1843 442 1878 474; x_wconf 73' lang='grc' dir='ltr'>δι</span> <span class='ocrx_word' id='word_1_464' title='bbox 1895 442 2002 485; x_wconf 81' lang='lat' dir='ltr'>quoad</span> <span class='ocrx_word' id='word_1_465' title='bbox 2026 443 2078 487; x_wconf 87' lang='lat' dir='ltr'>Ju-</span> 
     </span>
    </p>

    <p class='ocr_par' dir='ltr' id='par_1_16' title="bbox 1193 490 2078 589">
     <span class='ocr_line' id='line_1_74' title="bbox 1193 490 2076 537; baseline -0.002 -11"><span class='ocrx_word' id='word_1_466' title='bbox 1193 491 1279 527; x_wconf 79' lang='lat' dir='ltr'>dicia</span> <span class='ocrx_word' id='word_1_467' title='bbox 1314 504 1498 537; x_wconf 89' lang='lat' dir='ltr'>permanere</span> <span class='ocrx_word' id='word_1_468' title='bbox 1518 491 1642 527; x_wconf 88' lang='lat' dir='ltr'>solidus</span> <span class='ocrx_word' id='word_1_469' title='bbox 1664 502 1702 524; x_wconf 90' lang='lat' dir='ltr'>ac</span> <span class='ocrx_word' id='word_1_470' title='bbox 1726 490 1811 524; x_wconf 88' lang='lat' dir='ltr'>solus</span> <span class='ocrx_word' id='word_1_471' title='bbox 1842 490 2076 533; x_wconf 85' lang='lat' dir='ltr'>Metropolita.</span> 
     </span>
     <span class='ocr_line' id='line_1_75' title="bbox 1195 540 2078 589; baseline 0 -14"><span class='ocrx_word' id='word_1_472' title='bbox 1195 543 1378 589; x_wconf 69' lang='lat' dir='ltr'>Quomodo</span> <span class='ocrx_word' id='word_1_473' title='bbox 1389 542 1489 589; x_wconf 75' lang='lat' dir='ltr'>igitur</span> <span class='ocrx_word' id='word_1_474' title='bbox 1504 542 1591 576; x_wconf 89' lang='lat' dir='ltr'>credi</span> <span class='ocrx_word' id='word_1_475' title='bbox 1605 542 1721 585; x_wconf 78' lang='lat' dir='ltr'>possit,</span> <span class='ocrx_word' id='word_1_476' title='bbox 1748 540 1838 582; x_wconf 89' lang='lat' dir='ltr'>quod</span> <span class='ocrx_word' id='word_1_477' title='bbox 1864 541 1919 574; x_wconf 91' lang='lat' dir='ltr'>ille</span> <span class='ocrx_word' id='word_1_478' title='bbox 1937 551 1977 573; x_wconf 82' lang='lat' dir='ltr'>ex</span> <span class='ocrx_word' id='word_1_479' title='bbox 2000 540 2078 575; x_wconf 78' lang='lat' dir='ltr'>Prae·</span> 
     </span>
    </p>

    <p class='ocr_par' dir='ltr' id='par_1_17' title="bbox 1195 589 2081 679">
     <span class='ocr_line' id='line_1_76' title="bbox 1195 589 2081 640; baseline -0.003 -12"><span class='ocrx_word' id='word_1_480' title='bbox 1195 593 1268 628; x_wconf 72' lang='lat' dir='ltr'>fecti</span> <span class='ocrx_word' id='word_1_481' title='bbox 1278 589 1361 628; x_wconf 78' lang='lat' dir='ltr'>Sede</span> <span class='ocrx_word' id='word_1_482' title='bbox 1371 593 1504 629; x_wconf 85' lang='lat' dir='ltr'>tentarit</span> <span class='ocrx_word' id='word_1_483' title='bbox 1521 592 1580 629; x_wconf 84' lang='lat' dir='ltr'>fibi</span> <span class='ocrx_word' id='word_1_484' title='bbox 1603 592 1795 640; x_wconf 83' lang='lat' dir='ltr'>singularem</span> <span class='ocrx_word' id='word_1_485' title='bbox 1809 591 2007 638; x_wconf 85' lang='lat' dir='ltr'>dignitatem</span> <span class='ocrx_word' id='word_1_486' title='bbox 2028 591 2081 625; x_wconf 89' lang='lat' dir='ltr'>ad·</span> 
     </span>
     <span class='ocr_line' id='line_1_77' title="bbox 1200 645 1339 679; baseline 0 -3"><span class='ocrx_word' id='word_1_487' title='bbox 1200 653 1314 676; x_wconf 86' lang='lat' dir='ltr'>vocare</span> <span class='ocrx_word' id='word_1_488' title='bbox 1327 645 1339 679; x_wconf 73' lang='lat'>‚²</span> 
     </span>
    </p>

    <p class='ocr_par' dir='ltr' id='par_1_18' title="bbox 1246 692 2210 750">
     <span class='ocr_line' id='line_1_78' title="bbox 1246 692 2210 750; baseline -0.004 -22"><span class='ocrx_word' id='word_1_489' title='bbox 1246 693 1435 738; x_wconf 86' lang='lat' dir='ltr'>Respondet</span> <span class='ocrx_word' id='word_1_490' title='bbox 1449 694 1481 727; x_wconf 92' lang='lat' dir='ltr'>in</span> <span class='ocrx_word' id='word_1_491' title='bbox 1495 693 1610 729; x_wconf 88' lang='lat' dir='ltr'>litteris</span> <span class='ocrx_word' id='word_1_492' title='bbox 1621 693 1662 728; x_wconf 91' lang='lat' dir='ltr'>ad</span> <span class='ocrx_word' id='word_1_493' title='bbox 1674 694 1827 729; x_wconf 60' lang='lat' dir='ltr'>Sanctum</span> <span class='ocrx_word' id='word_1_494' title='bbox 1841 692 2082 733; x_wconf 84' lang='lat' dir='ltr'>Marinianum,</span> <span class='ocrx_word' id='word_1_495' title='bbox 2100 714 2161 747; x_wconf 81' lang='lat' dir='ltr'>Lib.</span> <span class='ocrx_word' id='word_1_496' title='bbox 2184 725 2210 750; x_wconf 85' lang='lat'>5·</span> 
     </span>
    </p>

    <p class='ocr_par' dir='ltr' id='par_1_19' title="bbox 1195 740 2237 886">
     <span class='ocr_line' id='line_1_79' title="bbox 1196 740 2237 794; baseline -0.001 -18"><span class='ocrx_word' id='word_1_497' title='bbox 1196 740 1361 779; x_wconf 70' lang='lat' dir='ltr'>Ravennae</span> <span class='ocrx_word' id='word_1_498' title='bbox 1382 744 1635 787; x_wconf 86' lang='lat' dir='ltr'>Metropolitam</span> <span class='ocrx_word' id='word_1_499' title='bbox 1659 769 1670 784; x_wconf 90' lang='lat'><em>,</em></span> <span class='ocrx_word' id='word_1_500' title='bbox 1696 744 1842 789; x_wconf 88' lang='lat' dir='ltr'>Magnus</span> <span class='ocrx_word' id='word_1_501' title='bbox 1873 741 2080 787; x_wconf 76' lang='lat' dir='ltr'>Gregorius:</span> <span class='ocrx_word' id='word_1_502' title='bbox 2102 754 2237 794; x_wconf 61' lang='lat' dir='ltr'>Epist,24‚</span> 
     </span>
     <span class='ocr_line' id='line_1_80' title="bbox 1195 791 2080 838; baseline -0.001 -13"><span class='ocrx_word' id='word_1_503' title='bbox 1195 792 1310 833; x_wconf 66' lang='lat' dir='ltr'>scripta</span> <span class='ocrx_word' id='word_1_504' title='bbox 1334 798 1556 829; x_wconf 74' lang='lat' dir='ltr'>Fratermtatis</span> <span class='ocrx_word' id='word_1_505' title='bbox 1577 793 1681 832; x_wconf 71' lang='lat' dir='ltr'>vestrae</span> <span class='ocrx_word' id='word_1_506' title='bbox 1689 792 1872 838; x_wconf 70' lang='lat' dir='ltr'>sufheplmus</span> <span class='ocrx_word' id='word_1_507' title='bbox 1889 818 1900 834; x_wconf 91' lang='lat'>‚</span> <span class='ocrx_word' id='word_1_508' title='bbox 1927 799 1959 826; x_wconf 83' lang='lat' dir='ltr'>in</span> <span class='ocrx_word' id='word_1_509' title='bbox 1972 791 2080 835; x_wconf 71' lang='lat' dir='ltr'>quibus</span> 
     </span>
     <span class='ocr_line' id='line_1_81' title="bbox 1195 842 2081 886; baseline -0.001 -11"><span class='ocrx_word' id='word_1_510' title='bbox 1195 842 1342 882; x_wconf 70' lang='lat' dir='ltr'>indicastis</span> <span class='ocrx_word' id='word_1_511' title='bbox 1366 842 1507 885; x_wconf 83' lang='lat' dir='ltr'>quosdam</span> <span class='ocrx_word' id='word_1_512' title='bbox 1528 845 1565 878; x_wconf 83' lang='lat' dir='ltr'>de</span> <span class='ocrx_word' id='word_1_513' title='bbox 1591 844 1676 878; x_wconf 77' lang='lat' dir='ltr'>clero</span> <span class='ocrx_word' id='word_1_514' title='bbox 1698 855 1732 876; x_wconf 85' lang='lat' dir='ltr'>ac</span> <span class='ocrx_word' id='word_1_515' title='bbox 1754 845 1865 886; x_wconf 84' lang='lat' dir='ltr'>Populo</span> <span class='ocrx_word' id='word_1_516' title='bbox 1890 842 2050 885; x_wconf 75' lang='lat' dir='ltr'>clamitaffe</span> <span class='ocrx_word' id='word_1_517' title='bbox 2068 865 2081 880; x_wconf 85' lang='lat'>‚</span> 
     </span>
    </p>

    <p class='ocr_par' dir='ltr' id='par_1_20' title="bbox 1194 893 2079 937">
     <span class='ocr_line' id='line_1_82' title="bbox 1194 893 2079 937; baseline 0.001 -13"><span class='ocrx_word' id='word_1_518' title='bbox 1194 901 1295 926; x_wconf 75' lang='lat' dir='ltr'>contra</span> <span class='ocrx_word' id='word_1_519' title='bbox 1304 894 1382 937; x_wconf 87' lang='lat' dir='ltr'>leges</span> <span class='ocrx_word' id='word_1_520' title='bbox 1399 895 1579 929; x_wconf 71' lang='lat' dir='ltr'>&amp;Canoms</span> <span class='ocrx_word' id='word_1_521' title='bbox 1602 893 1674 936; x_wconf 83' lang='lat' dir='ltr'>effe,</span> <span class='ocrx_word' id='word_1_522' title='bbox 1699 903 1731 927; x_wconf 77' lang='lat' dir='ltr'>ut</span> <span class='ocrx_word' id='word_1_523' title='bbox 1754 901 1832 927; x_wconf 78' lang='lat' dir='ltr'>inter</span> <span class='ocrx_word' id='word_1_524' title='bbox 1844 893 2002 935; x_wconf 76' lang='lat' dir='ltr'>Ecclesiam</span> <span class='ocrx_word' id='word_1_525' title='bbox 2030 903 2079 925; x_wconf 84' lang='lat' dir='ltr'>ve·</span> 
     </span>
    </p>
   </div>
   <div class='ocr_carea' id='block_1_10' title="bbox 1187 941 2079 987">
    <p class='ocr_par' dir='ltr' id='par_1_21' title="bbox 1187 941 2079 987">
     <span class='ocr_line' id='line_1_83' title="bbox 1187 941 2079 987; baseline -0.001 -12"><span class='ocrx_word' id='word_1_526' title='bbox 1187 941 1284 983; x_wconf 85' lang='lat' dir='ltr'>stram</span> <span class='ocrx_word' id='word_1_527' title='bbox 1305 945 1339 976; x_wconf 59' lang='grc' dir='ltr'>(τ</span> <span class='ocrx_word' id='word_1_528' title='bbox 1357 946 1519 978; x_wconf 85' lang='lat' dir='ltr'>Claudium</span> <span class='ocrx_word' id='word_1_529' title='bbox 1541 943 1685 978; x_wconf 64' lang='lat' dir='ltr'>abbatem</span> <span class='ocrx_word' id='word_1_530' title='bbox 1712 942 1801 987; x_wconf 76' lang='lat' dir='ltr'>eausa</span> <span class='ocrx_word' id='word_1_531' title='bbox 1834 942 1883 978; x_wconf 74' lang='lat' dir='ltr'>hic</span> <span class='ocrx_word' id='word_1_532' title='bbox 1904 947 2079 977; x_wconf 64' lang='lat' dir='ltr'>examinari</span> 
     </span>
    </p>
   </div>
   <div class='ocr_carea' id='block_1_11' title="bbox 1175 992 2081 3436">
    <p class='ocr_par' dir='ltr' id='par_1_22' title="bbox 1187 992 2081 2023">
     <span class='ocr_line' id='line_1_84' title="bbox 1194 992 2077 1038; baseline 0.002 -16"><span class='ocrx_word' id='word_1_533' title='bbox 1194 1001 1229 1023; x_wconf 82' lang='lat' dir='ltr'>ac</span> <span class='ocrx_word' id='word_1_534' title='bbox 1242 992 1377 1031; x_wconf 69' lang='lat' dir='ltr'>judicari</span> <span class='ocrx_word' id='word_1_535' title='bbox 1398 994 1503 1025; x_wconf 82' lang='lat' dir='ltr'>debeat</span> <span class='ocrx_word' id='word_1_536' title='bbox 1516 1020 1523 1027; x_wconf 90' lang='lat'><strong>.</strong></span> <span class='ocrx_word' id='word_1_537' title='bbox 1553 996 1618 1038; x_wconf 71' lang='lat' dir='ltr'>‚Qut</span> <span class='ocrx_word' id='word_1_538' title='bbox 1628 993 1659 1035; x_wconf 87' lang='lat' dir='ltr'><em>fi</em></span> <span class='ocrx_word' id='word_1_539' title='bbox 1668 993 1894 1036; x_wconf 76' lang='lat' dir='ltr'>Ecclefiasticum</span> <span class='ocrx_word' id='word_1_540' title='bbox 1920 994 2054 1026; x_wconf 82' lang='lat' dir='ltr'>ordinem</span> <span class='ocrx_word' id='word_1_541' title='bbox 2066 1015 2077 1031; x_wconf 93' lang='lat'>,</span> 
     </span>
     <span class='ocr_line' id='line_1_85' title="bbox 1195 1038 2081 1086; baseline -0.001 -11"><span class='ocrx_word' id='word_1_542' title='bbox 1195 1042 1246 1075; x_wconf 84' lang='lat' dir='ltr'>vel</span> <span class='ocrx_word' id='word_1_543' title='bbox 1256 1045 1333 1075; x_wconf 81' lang='lat' dir='ltr'>inter</span> <span class='ocrx_word' id='word_1_544' title='bbox 1353 1051 1424 1083; x_wconf 86' lang='lat' dir='ltr'>quos</span> <span class='ocrx_word' id='word_1_545' title='bbox 1438 1038 1585 1081; x_wconf 47' lang='lat' dir='ltr'>vertitur-⁷,</span> <span class='ocrx_word' id='word_1_546' title='bbox 1611 1045 1720 1085; x_wconf 82' lang='lat' dir='ltr'>noffent</span> <span class='ocrx_word' id='word_1_547' title='bbox 1743 1046 1902 1081; x_wconf 85' lang='lat' dir='ltr'>advertere</span> <span class='ocrx_word' id='word_1_548' title='bbox 1914 1069 1925 1086; x_wconf 93' lang='lat'>‚</span> <span class='ocrx_word' id='word_1_549' title='bbox 1947 1042 1980 1086; x_wconf 86' lang='lat' dir='ltr'>se</span> <span class='ocrx_word' id='word_1_550' title='bbox 2001 1040 2081 1084; x_wconf 63' lang='lat' dir='ltr'>‹isu-</span> 
     </span>
     <span class='ocr_line' id='line_1_86' title="bbox 1190 1091 2080 1136; baseline 0 -12"><span class='ocrx_word' id='word_1_551' title='bbox 1190 1091 1306 1133; x_wconf 84' lang='lat' dir='ltr'>perflua</span> <span class='ocrx_word' id='word_1_552' title='bbox 1322 1091 1440 1136; x_wconf 80' lang='lat' dir='ltr'>querela</span> <span class='ocrx_word' id='word_1_553' title='bbox 1464 1092 1560 1123; x_wconf 78' lang='lat' dir='ltr'>modis</span> <span class='ocrx_word' id='word_1_554' title='bbox 1580 1092 1713 1123; x_wconf 60' lang='lat' dir='ltr'>omnibus</span> <span class='ocrx_word' id='word_1_555' title='bbox 1724 1095 1917 1134; x_wconf 70' lang='lat' dir='ltr'>abstinerent:</span> <span class='ocrx_word' id='word_1_556' title='bbox 1949 1091 2080 1135; x_wconf 80' lang='lat' dir='ltr'>Praeser-</span> 
     </span>
     <span class='ocr_line' id='line_1_87' title="bbox 1195 1139 2078 1186; baseline 0 -10"><span class='ocrx_word' id='word_1_557' title='bbox 1195 1147 1251 1176; x_wconf 80' lang='lat' dir='ltr'>tim</span> <span class='ocrx_word' id='word_1_558' title='bbox 1261 1147 1334 1184; x_wconf 72' lang='lat' dir='ltr'>quia</span> <span class='ocrx_word' id='word_1_559' title='bbox 1345 1151 1393 1175; x_wconf 83' lang='lat' dir='ltr'>nec</span> <span class='ocrx_word' id='word_1_560' title='bbox 1413 1139 1501 1184; x_wconf 80' lang='lat' dir='ltr'>causa</span> <span class='ocrx_word' id='word_1_561' title='bbox 1513 1141 1570 1175; x_wconf 80' lang='lat' dir='ltr'>illie</span> <span class='ocrx_word' id='word_1_562' title='bbox 1594 1140 1652 1173; x_wconf 80' lang='lat' dir='ltr'>dici</span> <span class='ocrx_word' id='word_1_563' title='bbox 1670 1141 1751 1181; x_wconf 82' lang='lat' dir='ltr'>poffit</span> <span class='ocrx_word' id='word_1_564' title='bbox 1763 1165 1774 1180; x_wconf 93' lang='lat'>‚</span> <span class='ocrx_word' id='word_1_565' title='bbox 1800 1145 1847 1174; x_wconf 71' lang='lat' dir='ltr'>aba·</span> <span class='ocrx_word' id='word_1_566' title='bbox 1865 1143 1894 1184; x_wconf 79' lang='lat' dir='ltr'>se</span> <span class='ocrx_word' id='word_1_567' title='bbox 1911 1143 2078 1186; x_wconf 69' lang='lat' dir='ltr'>praedu‘luc</span> 
     </span>
     <span class='ocr_line' id='line_1_88' title="bbox 1197 1189 2079 1233; baseline -0.001 -8"><span class='ocrx_word' id='word_1_568' title='bbox 1197 1191 1298 1226; x_wconf 62' lang='lat' dir='ltr'>abbas·</span> <span class='ocrx_word' id='word_1_569' title='bbox 1307 1193 1327 1223; x_wconf 74' lang='grc' dir='ltr'><em>ἃ</em></span> <span class='ocrx_word' id='word_1_570' title='bbox 1341 1190 1485 1233; x_wconf 78' lang='lat' dir='ltr'>Decrffore</span> <span class='ocrx_word' id='word_1_571' title='bbox 1496 1190 1589 1231; x_wconf 82' lang='lat' dir='ltr'>vestro</span> <span class='ocrx_word' id='word_1_572' title='bbox 1600 1189 1716 1232; x_wconf 77' lang='lat' dir='ltr'>questus</span> <span class='ocrx_word' id='word_1_573' title='bbox 1738 1190 1774 1230; x_wconf 82' lang='lat' dir='ltr'>est</span> <span class='ocrx_word' id='word_1_574' title='bbox 1785 1190 1962 1231; x_wconf 60' lang='lat' dir='ltr'>injustitiam</span> <span class='ocrx_word' id='word_1_575' title='bbox 1980 1201 2079 1232; x_wconf 81' lang='lat' dir='ltr'>pertu-</span> 
     </span>
     <span class='ocr_line' id='line_1_89' title="bbox 1194 1241 2079 1284; baseline -0.002 -9"><span class='ocrx_word' id='word_1_576' title='bbox 1194 1242 1252 1284; x_wconf 76' lang='lat' dir='ltr'>lisse</span> <span class='ocrx_word' id='word_1_577' title='bbox 1263 1266 1274 1282; x_wconf 89' lang='lat'><em>,</em></span> <span class='ocrx_word' id='word_1_578' title='bbox 1301 1243 1335 1275; x_wconf 69' lang='grc' dir='ltr'>Θ</span> <span class='ocrx_word' id='word_1_579' title='bbox 1346 1253 1384 1275; x_wconf 84' lang='lat' dir='ltr'>ex</span> <span class='ocrx_word' id='word_1_580' title='bbox 1395 1253 1430 1275; x_wconf 80' lang='lat' dir='ltr'>ea</span> <span class='ocrx_word' id='word_1_581' title='bbox 1448 1241 1591 1275; x_wconf 60' lang='lat' dir='ltr'>hallensis</span> <span class='ocrx_word' id='word_1_582' title='bbox 1605 1241 1756 1275; x_wconf 79' lang='lat' dir='ltr'>laborare.</span> <span class='ocrx_word' id='word_1_583' title='bbox 1785 1243 1841 1274; x_wconf 79' lang='lat' dir='ltr'>Hoc</span> <span class='ocrx_word' id='word_1_584' title='bbox 1859 1246 1939 1274; x_wconf 76' lang='lat' dir='ltr'>enlm</span> <span class='ocrx_word' id='word_1_585' title='bbox 1959 1248 2079 1282; x_wconf 85' lang='lat' dir='ltr'>poterat</span> 
     </span>
     <span class='ocr_line' id='line_1_90' title="bbox 1188 1291 2079 1336; baseline 0 -11"><span class='ocrx_word' id='word_1_586' title='bbox 1188 1292 1318 1336; x_wconf 61' lang='lat' dir='ltr'>fortqffis</span> <span class='ocrx_word' id='word_1_587' title='bbox 1336 1298 1464 1335; x_wconf 77' lang='lat' dir='ltr'>opponi,</span> <span class='ocrx_word' id='word_1_588' title='bbox 1485 1291 1514 1332; x_wconf 88' lang='lat' dir='ltr'><em>fi</em></span> <span class='ocrx_word' id='word_1_589' title='bbox 1536 1301 1594 1324; x_wconf 79' lang='lat' dir='ltr'>non</span> <span class='ocrx_word' id='word_1_590' title='bbox 1613 1292 1659 1323; x_wconf 86' lang='lat' dir='ltr'>ad</span> <span class='ocrx_word' id='word_1_591' title='bbox 1666 1293 1813 1333; x_wconf 75' lang='lat' dir='ltr'>MaJorem</span> <span class='ocrx_word' id='word_1_592' title='bbox 1835 1300 1994 1324; x_wconf 80' lang='lat' dir='ltr'>recurreret</span> <span class='ocrx_word' id='word_1_593' title='bbox 2009 1315 2019 1331; x_wconf 93' lang='lat'>,</span> <span class='ocrx_word' id='word_1_594' title='bbox 2044 1292 2079 1325; x_wconf 68' lang='lat' dir='ltr'>o·</span> 
     </span>
     <span class='ocr_line' id='line_1_91' title="bbox 1194 1340 2075 1385; baseline -0.005 -9"><span class='ocrx_word' id='word_1_595' title='bbox 1194 1343 1281 1385; x_wconf 84' lang='lat' dir='ltr'>apud</span> <span class='ocrx_word' id='word_1_596' title='bbox 1298 1354 1366 1377; x_wconf 82' lang='lat' dir='ltr'>eum</span> <span class='ocrx_word' id='word_1_597' title='bbox 1389 1340 1485 1385; x_wconf 81' lang='lat' dir='ltr'>causae</span> <span class='ocrx_word' id='word_1_598' title='bbox 1516 1340 1581 1384; x_wconf 80' lang='lat' dir='ltr'>suae</span> <span class='ocrx_word' id='word_1_599' title='bbox 1602 1347 1740 1375; x_wconf 80' lang='lat' dir='ltr'>meritum</span> <span class='ocrx_word' id='word_1_600' title='bbox 1765 1349 1878 1383; x_wconf 83' lang='lat' dir='ltr'>peteret</span> <span class='ocrx_word' id='word_1_601' title='bbox 1899 1340 2075 1375; x_wconf 67' lang='lat' dir='ltr'>terminari.</span> 
     </span>
     <span class='ocr_line' id='line_1_92' title="bbox 1195 1390 2078 1438; baseline -0.008 -9"><span class='ocrx_word' id='word_1_602' title='bbox 1195 1394 1350 1436; x_wconf 71' lang='lat' dir='ltr'>Nunquad</span> <span class='ocrx_word' id='word_1_603' title='bbox 1360 1404 1417 1428; x_wconf 84' lang='lat' dir='ltr'>non</span> <span class='ocrx_word' id='word_1_604' title='bbox 1436 1390 1498 1438; x_wconf 79' lang='lat' dir='ltr'>ipse</span> <span class='ocrx_word' id='word_1_605' title='bbox 1509 1392 1581 1433; x_wconf 82' lang='lat' dir='ltr'>nosti</span> <span class='ocrx_word' id='word_1_606' title='bbox 1596 1416 1607 1432; x_wconf 91' lang='lat'>‚</span> <span class='ocrx_word' id='word_1_607' title='bbox 1632 1398 1703 1435; x_wconf 82' lang='lat' dir='ltr'>quta</span> <span class='ocrx_word' id='word_1_608' title='bbox 1721 1390 1833 1435; x_wconf 84' lang='lat' dir='ltr'>causa,</span> <span class='ocrx_word' id='word_1_609' title='bbox 1860 1404 1928 1435; x_wconf 87' lang='lat' dir='ltr'>quae</span> <span class='ocrx_word' id='word_1_610' title='bbox 1950 1394 2078 1436; x_wconf 54' lang='grc' dir='ltr'>ἄμπαυ-</span> 
     </span>
     <span class='ocr_line' id='line_1_93' title="bbox 1194 1442 2077 1488; baseline -0.002 -12"><span class='ocrx_word' id='word_1_611' title='bbox 1194 1455 1231 1477; x_wconf 79' lang='lat' dir='ltr'>ne</span> <span class='ocrx_word' id='word_1_612' title='bbox 1241 1443 1410 1484; x_wconf 72' lang='lat' dir='ltr'>Presbmro</span> <span class='ocrx_word' id='word_1_613' title='bbox 1434 1451 1536 1478; x_wconf 81' lang='lat' dir='ltr'>contra</span> <span class='ocrx_word' id='word_1_614' title='bbox 1541 1483 1543 1485; x_wconf 66' lang='lat'>‚</span> <span class='ocrx_word' id='word_1_615' title='bbox 1545 1445 1575 1488; x_wconf 92' lang='lat' dir='ltr'><em>J</em></span> <span class='ocrx_word' id='word_1_616' title='bbox 1577 1454 1701 1477; x_wconf 77' lang='lat' dir='ltr'>oannem</span> <span class='ocrx_word' id='word_1_617' title='bbox 1714 1442 2077 1484; x_wconf 76' lang='lat' dir='ltr'>constantinopolitanum</span> 
     </span>
     <span class='ocr_line' id='line_1_94' title="bbox 1188 1490 2079 1537; baseline -0.004 -9"><span class='ocrx_word' id='word_1_618' title='bbox 1188 1494 1322 1535; x_wconf 80' lang='lat' dir='ltr'>fratrem</span> <span class='ocrx_word' id='word_1_619' title='bbox 1343 1495 1378 1528; x_wconf 67' lang='grc' dir='ltr'>Θ·</span> <span class='ocrx_word' id='word_1_620' title='bbox 1395 1491 1635 1537; x_wconf 76' lang='lat' dir='ltr'>Co-Epifiopum</span> <span class='ocrx_word' id='word_1_621' title='bbox 1654 1492 1780 1535; x_wconf 78' lang='lat' dir='ltr'>nostrum</span> <span class='ocrx_word' id='word_1_622' title='bbox 1811 1502 1877 1528; x_wconf 83' lang='lat' dir='ltr'>orta</span> <span class='ocrx_word' id='word_1_623' title='bbox 1895 1492 1952 1534; x_wconf 88' lang='lat' dir='ltr'>est,</span> <span class='ocrx_word' id='word_1_624' title='bbox 1976 1490 2079 1535; x_wconf 86' lang='lat' dir='ltr'>secun-</span> 
     </span>
     <span class='ocr_line' id='line_1_95' title="bbox 1193 1543 2078 1586; baseline -0.002 -10"><span class='ocrx_word' id='word_1_625' title='bbox 1193 1545 1264 1577; x_wconf 69' lang='lat' dir='ltr'>dicm</span> <span class='ocrx_word' id='word_1_626' title='bbox 1274 1548 1413 1578; x_wconf 77' lang='lat' dir='ltr'>canones</span> <span class='ocrx_word' id='word_1_627' title='bbox 1423 1545 1468 1577; x_wconf 71' lang='lat' dir='ltr'>ad</span> <span class='ocrx_word' id='word_1_628' title='bbox 1479 1543 1668 1586; x_wconf 66' lang='lat' dir='ltr'>apostolicam</span> <span class='ocrx_word' id='word_1_629' title='bbox 1678 1545 1697 1577; x_wconf 88' lang='lat'><em>5</em></span> <span class='ocrx_word' id='word_1_630' title='bbox 1699 1545 1782 1578; x_wconf 85' lang='lat' dir='ltr'>edem</span> <span class='ocrx_word' id='word_1_631' title='bbox 1804 1548 1929 1578; x_wconf 77' lang='lat' dir='ltr'>recurrit</span> <span class='ocrx_word' id='word_1_632' title='bbox 1941 1568 1952 1583; x_wconf 93' lang='lat'><em>,</em></span> <span class='ocrx_word' id='word_1_633' title='bbox 1982 1544 2016 1576; x_wconf 61' lang='lat' dir='ltr'>&lt;a</span> <span class='ocrx_word' id='word_1_634' title='bbox 2027 1553 2078 1574; x_wconf 82' lang='lat' dir='ltr'>no·</span> 
     </span>
     <span class='ocr_line' id='line_1_96' title="bbox 1187 1591 2078 1636; baseline 0 -11"><span class='ocrx_word' id='word_1_635' title='bbox 1187 1591 1252 1630; x_wconf 80' lang='lat' dir='ltr'>stra</span> <span class='ocrx_word' id='word_1_636' title='bbox 1270 1592 1464 1634; x_wconf 78' lang='lat' dir='ltr'>estsententiae</span> <span class='ocrx_word' id='word_1_637' title='bbox 1485 1594 1634 1633; x_wconf 71' lang='lat' dir='ltr'>definita?</span> <span class='ocrx_word' id='word_1_638' title='bbox 1662 1597 1692 1626; x_wconf 76' lang='lat'>51·</span> <span class='ocrx_word' id='word_1_639' title='bbox 1715 1598 1783 1636; x_wconf 60' lang='lat' dir='ltr'>erg&amp;</span> <span class='ocrx_word' id='word_1_640' title='bbox 1804 1596 1841 1627; x_wconf 83' lang='lat' dir='ltr'>de</span> <span class='ocrx_word' id='word_1_641' title='bbox 1863 1595 1918 1627; x_wconf 68' lang='lat' dir='ltr'>illa</span> <span class='ocrx_word' id='word_1_642' title='bbox 1929 1598 2055 1627; x_wconf 76' lang='lat' dir='ltr'>civitate</span> <span class='ocrx_word' id='word_1_643' title='bbox 2067 1616 2078 1631; x_wconf 87' lang='lat'><em>‚</em></span> 
     </span>
     <span class='ocr_line' id='line_1_97' title="bbox 1192 1639 2079 1685; baseline 0.003 -15"><span class='ocrx_word' id='word_1_644' title='bbox 1192 1641 1243 1670; x_wconf 69' lang='lat' dir='ltr'>ubi</span> <span class='ocrx_word' id='word_1_645' title='bbox 1256 1644 1399 1679; x_wconf 72' lang='lat' dir='ltr'>Princeps</span> <span class='ocrx_word' id='word_1_646' title='bbox 1410 1641 1447 1676; x_wconf 78' lang='lat' dir='ltr'>est</span> <span class='ocrx_word' id='word_1_647' title='bbox 1459 1663 1470 1676; x_wconf 95' lang='lat'><strong>,</strong></span> <span class='ocrx_word' id='word_1_648' title='bbox 1496 1642 1540 1671; x_wconf 79' lang='lat' dir='ltr'>ad</span> <span class='ocrx_word' id='word_1_649' title='bbox 1558 1639 1685 1676; x_wconf 72' lang='lat' dir='ltr'>nostram</span> <span class='ocrx_word' id='word_1_650' title='bbox 1703 1641 1791 1683; x_wconf 85' lang='lat' dir='ltr'>causa</span> <span class='ocrx_word' id='word_1_651' title='bbox 1818 1647 2010 1685; x_wconf 74' lang='lat' dir='ltr'>cognitionem</span> <span class='ocrx_word' id='word_1_652' title='bbox 2029 1642 2079 1673; x_wconf 83' lang='lat' dir='ltr'>de-</span> 
     </span>
     <span class='ocr_line' id='line_1_98' title="bbox 1192 1686 2077 1730; baseline 0.001 -10"><span class='ocrx_word' id='word_1_653' title='bbox 1192 1687 1281 1720; x_wconf 54' lang='lat' dir='ltr'>duaa</span> <span class='ocrx_word' id='word_1_654' title='bbox 1289 1686 1348 1727; x_wconf 78' lang='lat' dir='ltr'>est,</span> <span class='ocrx_word' id='word_1_655' title='bbox 1376 1687 1488 1730; x_wconf 58' lang='lat' dir='ltr'>quant&amp;</span> <span class='ocrx_word' id='word_1_656' title='bbox 1506 1690 1602 1728; x_wconf 73' lang='lat' dir='ltr'>magis</span> <span class='ocrx_word' id='word_1_657' title='bbox 1629 1692 1794 1728; x_wconf 74' lang='lat' dir='ltr'>negotium,</span> <span class='ocrx_word' id='word_1_658' title='bbox 1820 1692 2009 1728; x_wconf 80' lang='lat' dir='ltr'>quodcontra</span> <span class='ocrx_word' id='word_1_659' title='bbox 2022 1701 2077 1722; x_wconf 77' lang='lat' dir='ltr'>vos</span> 
     </span>
     <span class='ocr_line' id='line_1_99' title="bbox 1190 1735 2077 1779; baseline 0 -9"><span class='ocrx_word' id='word_1_660' title='bbox 1190 1737 1229 1777; x_wconf 80' lang='lat' dir='ltr'>est</span> <span class='ocrx_word' id='word_1_661' title='bbox 1241 1761 1252 1777; x_wconf 92' lang='lat'><strong>,</strong></span> <span class='ocrx_word' id='word_1_662' title='bbox 1278 1735 1326 1769; x_wconf 67' lang='lat' dir='ltr'>hic</span> <span class='ocrx_word' id='word_1_663' title='bbox 1336 1736 1375 1777; x_wconf 86' lang='lat' dir='ltr'>est</span> <span class='ocrx_word' id='word_1_664' title='bbox 1398 1740 1529 1771; x_wconf 79' lang='lat' dir='ltr'>veritate</span> <span class='ocrx_word' id='word_1_665' title='bbox 1549 1739 1664 1779; x_wconf 75' lang='lat' dir='ltr'>cognita</span> <span class='ocrx_word' id='word_1_666' title='bbox 1684 1738 1927 1770; x_wconf 70' lang='lat' dir='ltr'>terminandum?</span> <span class='ocrx_word' id='word_1_667' title='bbox 1956 1741 2013 1770; x_wconf 86' lang='lat' dir='ltr'>Vos</span> <span class='ocrx_word' id='word_1_668' title='bbox 2025 1750 2077 1770; x_wconf 86' lang='lat' dir='ltr'>au-</span> 
     </span>
     <span class='ocr_line' id='line_1_100' title="bbox 1192 1784 2078 1830; baseline 0 -10"><span class='ocrx_word' id='word_1_669' title='bbox 1192 1796 1251 1821; x_wconf 80' lang='lat' dir='ltr'>tem</span> <span class='ocrx_word' id='word_1_670' title='bbox 1270 1786 1469 1828; x_wconf 71' lang='lat' dir='ltr'>ibissultorum</span> <span class='ocrx_word' id='word_1_671' title='bbox 1493 1784 1585 1819; x_wconf 75' lang='lat' dir='ltr'>verba</span> <span class='ocrx_word' id='word_1_672' title='bbox 1606 1796 1663 1819; x_wconf 83' lang='lat' dir='ltr'>non</span> <span class='ocrx_word' id='word_1_673' title='bbox 1687 1796 1851 1827; x_wconf 84' lang='lat' dir='ltr'>moveant,</span> <span class='ocrx_word' id='word_1_674' title='bbox 1880 1799 1932 1821; x_wconf 88' lang='lat' dir='ltr'>nec</span> <span class='ocrx_word' id='word_1_675' title='bbox 1943 1795 2000 1830; x_wconf 82' lang='lat' dir='ltr'>per</span> <span class='ocrx_word' id='word_1_676' title='bbox 2026 1796 2078 1822; x_wconf 66' lang='lat' dir='ltr'>nos</span> 
     </span>
     <span class='ocr_line' id='line_1_101' title="bbox 1191 1836 2077 1882; baseline 0 -11"><span class='ocrx_word' id='word_1_677' title='bbox 1191 1839 1321 1872; x_wconf 76' lang='lat' dir='ltr'>credatis</span> <span class='ocrx_word' id='word_1_678' title='bbox 1352 1836 1539 1881; x_wconf 58' lang='lat' dir='ltr'>dispendium</span> <span class='ocrx_word' id='word_1_679' title='bbox 1572 1836 1695 1879; x_wconf 65' lang='lat' dir='ltr'>aliquod</span> <span class='ocrx_word' id='word_1_680' title='bbox 1714 1836 1850 1878; x_wconf 86' lang='lat' dir='ltr'>Ecclefiae</span> <span class='ocrx_word' id='word_1_681' title='bbox 1868 1837 1972 1877; x_wconf 73' lang='lat' dir='ltr'>vestrae</span> <span class='ocrx_word' id='word_1_682' title='bbox 1989 1840 2077 1882; x_wconf 78' lang='lat' dir='ltr'>fieri.</span> 
     </span>
     <span class='ocr_line' id='line_1_102' title="bbox 1191 1885 2078 1932; baseline -0.001 -9"><span class='ocrx_word' id='word_1_683' title='bbox 1191 1892 1390 1923; x_wconf 81' lang='lat' dir='ltr'>Fraternltas</span> <span class='ocrx_word' id='word_1_684' title='bbox 1400 1896 1501 1921; x_wconf 83' lang='lat' dir='ltr'>autem</span> <span class='ocrx_word' id='word_1_685' title='bbox 1512 1885 1608 1926; x_wconf 84' lang='lat' dir='ltr'>vestra</span> <span class='ocrx_word' id='word_1_686' title='bbox 1614 1885 1770 1931; x_wconf 73' lang='lat' dir='ltr'>sapienter</span> <span class='ocrx_word' id='word_1_687' title='bbox 1794 1893 1853 1932; x_wconf 80' lang='lat' dir='ltr'>egit</span> <span class='ocrx_word' id='word_1_688' title='bbox 1865 1886 2010 1931; x_wconf 84' lang='lat' dir='ltr'>Personas</span> <span class='ocrx_word' id='word_1_689' title='bbox 2020 1897 2078 1931; x_wconf 84' lang='lat' dir='ltr'>pro</span> 
     </span>
     <span class='ocr_line' id='line_1_103' title="bbox 1190 1936 2081 1984; baseline 0.001 -13"><span class='ocrx_word' id='word_1_690' title='bbox 1190 1945 1302 1983; x_wconf 78' lang='lat' dir='ltr'>negotio</span> <span class='ocrx_word' id='word_1_691' title='bbox 1324 1937 1387 1984; x_wconf 75' lang='lat' dir='ltr'>ipso</span> <span class='ocrx_word' id='word_1_692' title='bbox 1406 1936 1627 1981; x_wconf 77' lang='lat' dir='ltr'>transmittere,</span> <span class='ocrx_word' id='word_1_693' title='bbox 1654 1936 1794 1972; x_wconf 65' lang='lat' dir='ltr'>&amp;verba</span> <span class='ocrx_word' id='word_1_694' title='bbox 1815 1944 1921 1971; x_wconf 78' lang='lat' dir='ltr'>inania</span> <span class='ocrx_word' id='word_1_695' title='bbox 1946 1950 2005 1972; x_wconf 79' lang='lat' dir='ltr'>non</span> <span class='ocrx_word' id='word_1_696' title='bbox 2027 1950 2081 1972; x_wconf 86' lang='lat' dir='ltr'>au·</span> 
     </span>
     <span class='ocr_line' id='line_1_104' title="bbox 1190 1991 1272 2023; baseline 0.012 -1"><span class='ocrx_word' id='word_1_697' title='bbox 1190 1991 1272 2023; x_wconf 74' lang='lat' dir='ltr'>dire.</span> 
     </span>
    </p>

    <p class='ocr_par' dir='ltr' id='par_1_23' title="bbox 1175 2038 2077 3436">
     <span class='ocr_line' id='line_1_105' title="bbox 1240 2038 2077 2083; baseline 0.001 -11"><span class='ocrx_word' id='word_1_698' title='bbox 1240 2039 1402 2074; x_wconf 88' lang='lat' dir='ltr'>Claudius</span> <span class='ocrx_word' id='word_1_699' title='bbox 1413 2038 1524 2077; x_wconf 82' lang='lat' dir='ltr'>Abbas</span> <span class='ocrx_word' id='word_1_700' title='bbox 1535 2051 1603 2074; x_wconf 91' lang='lat' dir='ltr'>non</span> <span class='ocrx_word' id='word_1_701' title='bbox 1614 2040 1632 2074; x_wconf 75' lang='lat' dir='ltr'>a</span> <span class='ocrx_word' id='word_1_702' title='bbox 1644 2039 1837 2075; x_wconf 89' lang='lat' dir='ltr'>Mariniano</span> <span class='ocrx_word' id='word_1_703' title='bbox 1848 2065 1860 2081; x_wconf 91' lang='lat'>‚</span> <span class='ocrx_word' id='word_1_704' title='bbox 1888 2039 1941 2075; x_wconf 89' lang='lat' dir='ltr'>sed</span> <span class='ocrx_word' id='word_1_705' title='bbox 1955 2039 1996 2074; x_wconf 87' lang='lat' dir='ltr'>ab</span> <span class='ocrx_word' id='word_1_706' title='bbox 2009 2039 2077 2083; x_wconf 77' lang='lat' dir='ltr'>ejus</span> 
     </span>
     <span class='ocr_line' id='line_1_106' title="bbox 1192 2088 2077 2136; baseline 0.001 -13"><span class='ocrx_word' id='word_1_707' title='bbox 1192 2088 1402 2124; x_wconf 82' lang='lat' dir='ltr'>Antecessore</span> <span class='ocrx_word' id='word_1_708' title='bbox 1417 2091 1545 2134; x_wconf 88' lang='lat' dir='ltr'>Joannc</span> <span class='ocrx_word' id='word_1_709' title='bbox 1558 2090 1592 2124; x_wconf 90' lang='lat' dir='ltr'>in</span> <span class='ocrx_word' id='word_1_710' title='bbox 1606 2091 1715 2125; x_wconf 89' lang='lat' dir='ltr'>neseio</span> <span class='ocrx_word' id='word_1_711' title='bbox 1735 2102 1802 2135; x_wconf 91' lang='lat' dir='ltr'>quo</span> <span class='ocrx_word' id='word_1_712' title='bbox 1816 2090 1953 2136; x_wconf 89' lang='lat' dir='ltr'>negotio</span> <span class='ocrx_word' id='word_1_713' title='bbox 1964 2101 2077 2135; x_wconf 89' lang='lat' dir='ltr'>grava-</span> 
     </span>
     <span class='ocr_line' id='line_1_107' title="bbox 1191 2139 2075 2186; baseline 0.001 -13"><span class='ocrx_word' id='word_1_714' title='bbox 1191 2149 1243 2173; x_wconf 91' lang='lat' dir='ltr'>tus</span> <span class='ocrx_word' id='word_1_715' title='bbox 1263 2139 1439 2183; x_wconf 86' lang='lat' dir='ltr'>appellarat</span> <span class='ocrx_word' id='word_1_716' title='bbox 1453 2140 1569 2175; x_wconf 89' lang='lat' dir='ltr'>Sedem</span> <span class='ocrx_word' id='word_1_717' title='bbox 1595 2141 1822 2185; x_wconf 85' lang='lat' dir='ltr'>Apostolicam</span> <span class='ocrx_word' id='word_1_718' title='bbox 1836 2155 1847 2174; x_wconf 90' lang='grc'>.·</span> <span class='ocrx_word' id='word_1_719' title='bbox 1875 2141 1918 2175; x_wconf 89' lang='lat' dir='ltr'>Et</span> <span class='ocrx_word' id='word_1_720' title='bbox 1927 2142 2075 2186; x_wconf 84' lang='lat' dir='ltr'>Magnus</span> 
     </span>
     <span class='ocr_line' id='line_1_108' title="bbox 1191 2188 2075 2235; baseline 0.001 -13"><span class='ocrx_word' id='word_1_721' title='bbox 1191 2190 1372 2233; x_wconf 83' lang='lat' dir='ltr'>Gregorius</span> <span class='ocrx_word' id='word_1_722' title='bbox 1407 2188 1676 2233; x_wconf 79' lang='lat' dir='ltr'>Appellationem</span> <span class='ocrx_word' id='word_1_723' title='bbox 1701 2192 1872 2226; x_wconf 86' lang='lat' dir='ltr'>admiserat</span> <span class='ocrx_word' id='word_1_724' title='bbox 1894 2216 1905 2232; x_wconf 93' lang='lat'>‚</span> <span class='ocrx_word' id='word_1_725' title='bbox 1932 2191 2075 2235; x_wconf 82' lang='lat' dir='ltr'>ideoque</span> 
     </span>
     <span class='ocr_line' id='line_1_109' title="bbox 1190 2238 2074 2285; baseline 0.002 -13"><span class='ocrx_word' id='word_1_726' title='bbox 1190 2238 1381 2273; x_wconf 87' lang='lat' dir='ltr'>Mariniano</span> <span class='ocrx_word' id='word_1_727' title='bbox 1392 2240 1561 2276; x_wconf 83' lang='lat' dir='ltr'>mandavit</span> <span class='ocrx_word' id='word_1_728' title='bbox 1571 2265 1582 2281; x_wconf 90' lang='lat'><strong>,</strong></span> <span class='ocrx_word' id='word_1_729' title='bbox 1604 2251 1639 2274; x_wconf 91' lang='lat' dir='ltr'>ut</span> <span class='ocrx_word' id='word_1_730' title='bbox 1652 2241 1866 2285; x_wconf 87' lang='lat' dir='ltr'>Responsales</span> <span class='ocrx_word' id='word_1_731' title='bbox 1876 2241 2074 2275; x_wconf 85' lang='lat' dir='ltr'>transmitte-</span> 
     </span>
     <span class='ocr_line' id='line_1_110' title="bbox 1189 2289 2074 2335; baseline 0.001 -12"><span class='ocrx_word' id='word_1_732' title='bbox 1189 2300 1256 2330; x_wconf 85' lang='lat' dir='ltr'>ret,</span> <span class='ocrx_word' id='word_1_733' title='bbox 1282 2290 1339 2332; x_wconf 89' lang='lat' dir='ltr'>qui</span> <span class='ocrx_word' id='word_1_734' title='bbox 1363 2289 1398 2323; x_wconf 85' lang='lat' dir='ltr'>in</span> <span class='ocrx_word' id='word_1_735' title='bbox 1410 2290 1630 2325; x_wconf 67' lang='lat' dir='ltr'>retradatotio</span> <span class='ocrx_word' id='word_1_736' title='bbox 1640 2290 1769 2334; x_wconf 82' lang='lat' dir='ltr'>Judicio</span> <span class='ocrx_word' id='word_1_737' title='bbox 1790 2299 1964 2335; x_wconf 84' lang='lat' dir='ltr'>purgarent</span> <span class='ocrx_word' id='word_1_738' title='bbox 1977 2292 2074 2334; x_wconf 88' lang='lat' dir='ltr'>Joan-</span> 
     </span>
     <span class='ocr_line' id='line_1_111' title="bbox 1190 2332 2072 2384; baseline 0 -12"><span class='ocrx_word' id='word_1_739' title='bbox 1190 2340 1240 2372; x_wconf 90' lang='lat' dir='ltr'>nis</span> <span class='ocrx_word' id='word_1_740' title='bbox 1260 2332 1454 2375; x_wconf 80' lang='lat' dir='ltr'>seutentiam</span> <span class='ocrx_word' id='word_1_741' title='bbox 1470 2364 1481 2379; x_wconf 91' lang='lat'><em>,</em></span> <span class='ocrx_word' id='word_1_742' title='bbox 1507 2351 1564 2374; x_wconf 85' lang='lat' dir='ltr'>aut</span> <span class='ocrx_word' id='word_1_743' title='bbox 1585 2340 1690 2384; x_wconf 87' lang='lat' dir='ltr'>ipsam</span> <span class='ocrx_word' id='word_1_744' title='bbox 1710 2338 1860 2375; x_wconf 86' lang='lat' dir='ltr'>audirent</span> <span class='ocrx_word' id='word_1_745' title='bbox 1880 2340 2047 2375; x_wconf 84' lang='lat' dir='ltr'>reformari</span> <span class='ocrx_word' id='word_1_746' title='bbox 2066 2365 2072 2372; x_wconf 87' lang='lat'>.</span> 
     </span>
     <span class='ocr_line' id='line_1_112' title="bbox 1191 2388 2073 2434; baseline 0.003 -12"><span class='ocrx_word' id='word_1_747' title='bbox 1191 2388 1425 2425; x_wconf 80' lang='lat' dir='ltr'>Atinterceffit</span> <span class='ocrx_word' id='word_1_748' title='bbox 1439 2389 1607 2425; x_wconf 78' lang='lat' dir='ltr'>Ravennae</span> <span class='ocrx_word' id='word_1_749' title='bbox 1628 2391 1745 2426; x_wconf 86' lang='lat' dir='ltr'>Clerus</span> <span class='ocrx_word' id='word_1_750' title='bbox 1768 2403 1805 2425; x_wconf 85' lang='lat' dir='ltr'>ac</span> <span class='ocrx_word' id='word_1_751' title='bbox 1817 2390 1982 2434; x_wconf 83' lang='lat' dir='ltr'>Populus,</span> <span class='ocrx_word' id='word_1_752' title='bbox 2009 2390 2073 2425; x_wconf 79' lang='lat' dir='ltr'>alte</span> 
     </span>
     <span class='ocr_line' id='line_1_113' title="bbox 1187 2439 2072 2485; baseline 0.002 -13"><span class='ocrx_word' id='word_1_753' title='bbox 1187 2439 1333 2474; x_wconf 86' lang='lat' dir='ltr'>clamans</span> <span class='ocrx_word' id='word_1_754' title='bbox 1353 2441 1416 2476; x_wconf 79' lang='lat' dir='ltr'>esse</span> <span class='ocrx_word' id='word_1_755' title='bbox 1438 2451 1555 2475; x_wconf 88' lang='lat' dir='ltr'>contra</span> <span class='ocrx_word' id='word_1_756' title='bbox 1581 2440 1668 2485; x_wconf 86' lang='lat' dir='ltr'>leges</span> <span class='ocrx_word' id='word_1_757' title='bbox 1692 2441 1728 2476; x_wconf 71' lang='grc' dir='ltr'>ὅ(</span> <span class='ocrx_word' id='word_1_758' title='bbox 1751 2441 1928 2481; x_wconf 88' lang='lat' dir='ltr'>Canones,</span> <span class='ocrx_word' id='word_1_759' title='bbox 1954 2451 1991 2475; x_wconf 88' lang='lat' dir='ltr'>ut</span> <span class='ocrx_word' id='word_1_760' title='bbox 2011 2441 2072 2475; x_wconf 84' lang='lat' dir='ltr'>iste</span> 
     </span>
     <span class='ocr_line' id='line_1_114' title="bbox 1188 2488 2072 2525; baseline 0.005 -4"><span class='ocrx_word' id='word_1_761' title='bbox 1188 2488 1390 2523; x_wconf 71' lang='lat' dir='ltr'>Retractatus</span> <span class='ocrx_word' id='word_1_762' title='bbox 1402 2490 1518 2524; x_wconf 75' lang='lat' dir='ltr'>Romae</span> <span class='ocrx_word' id='word_1_763' title='bbox 1541 2491 1650 2523; x_wconf 89' lang='lat' dir='ltr'>fieret.</span> <span class='ocrx_word' id='word_1_764' title='bbox 1679 2491 1873 2525; x_wconf 83' lang='lat' dir='ltr'>Clamarunt</span> <span class='ocrx_word' id='word_1_765' title='bbox 1898 2491 2072 2525; x_wconf 88' lang='lat' dir='ltr'>Ravenna-</span> 
     </span>
     <span class='ocr_line' id='line_1_115' title="bbox 1186 2537 2070 2584; baseline 0.002 -11"><span class='ocrx_word' id='word_1_766' title='bbox 1186 2539 1226 2573; x_wconf 88' lang='lat' dir='ltr'>tis</span> <span class='ocrx_word' id='word_1_767' title='bbox 1238 2537 1387 2572; x_wconf 82' lang='lat' dir='ltr'>Ecclesiae</span> <span class='ocrx_word' id='word_1_768' title='bbox 1408 2538 1626 2584; x_wconf 85' lang='lat' dir='ltr'>dignitatibus</span> <span class='ocrx_word' id='word_1_769' title='bbox 1649 2550 1702 2581; x_wconf 87' lang='lat' dir='ltr'>per</span> <span class='ocrx_word' id='word_1_770' title='bbox 1727 2540 1925 2575; x_wconf 83' lang='lat' dir='ltr'>Pontificem</span> <span class='ocrx_word' id='word_1_771' title='bbox 1957 2541 2070 2576; x_wconf 84' lang='lat' dir='ltr'>inferri</span> 
     </span>
     <span class='ocr_line' id='line_1_116' title="bbox 1185 2587 2069 2635; baseline 0.006 -14"><span class='ocrx_word' id='word_1_772' title='bbox 1185 2589 1252 2622; x_wconf 89' lang='lat' dir='ltr'>vim</span> <span class='ocrx_word' id='word_1_773' title='bbox 1274 2598 1374 2631; x_wconf 88' lang='lat' dir='ltr'>atquc</span> <span class='ocrx_word' id='word_1_774' title='bbox 1396 2587 1621 2633; x_wconf 85' lang='lat' dir='ltr'>dispendium.</span> <span class='ocrx_word' id='word_1_775' title='bbox 1649 2589 1751 2635; x_wconf 83' lang='lat' dir='ltr'>Qod</span> <span class='ocrx_word' id='word_1_776' title='bbox 1769 2590 1884 2633; x_wconf 71' lang='lat' dir='ltr'>nempe</span> <span class='ocrx_word' id='word_1_777' title='bbox 1908 2591 2069 2627; x_wconf 75' lang='lat' dir='ltr'>Ravenna</span> 
     </span>
     <span class='ocr_line' id='line_1_117' title="bbox 1184 2636 2064 2685; baseline 0.001 -11"><span class='ocrx_word' id='word_1_778' title='bbox 1184 2639 1260 2674; x_wconf 78' lang='lat' dir='ltr'>esset</span> <span class='ocrx_word' id='word_1_779' title='bbox 1280 2636 1424 2672; x_wconf 81' lang='lat' dir='ltr'>Exarchi</span> <span class='ocrx_word' id='word_1_780' title='bbox 1445 2661 1457 2678; x_wconf 85' lang='lat'>,</span> <span class='ocrx_word' id='word_1_781' title='bbox 1481 2638 1710 2673; x_wconf 87' lang='lat' dir='ltr'>Praetoriotum</span> <span class='ocrx_word' id='word_1_782' title='bbox 1731 2638 1890 2674; x_wconf 65' lang='lat' dir='ltr'>Praefectis</span> <span class='ocrx_word' id='word_1_783' title='bbox 1912 2641 2064 2685; x_wconf 86' lang='lat' dir='ltr'>aequalis,</span> 
     </span>
     <span class='ocr_line' id='line_1_118' title="bbox 1182 2688 2067 2735; baseline 0.007 -15"><span class='ocrx_word' id='word_1_784' title='bbox 1182 2688 1323 2733; x_wconf 83' lang='lat' dir='ltr'>gloriosa</span> <span class='ocrx_word' id='word_1_785' title='bbox 1341 2688 1438 2723; x_wconf 88' lang='lat' dir='ltr'>Sedes</span> <span class='ocrx_word' id='word_1_786' title='bbox 1450 2713 1462 2729; x_wconf 94' lang='lat'>‚</span> <span class='ocrx_word' id='word_1_787' title='bbox 1488 2688 1626 2734; x_wconf 76' lang='lat' dir='ltr'>idedque</span> <span class='ocrx_word' id='word_1_788' title='bbox 1637 2689 1706 2732; x_wconf 87' lang='lat' dir='ltr'>ejus</span> <span class='ocrx_word' id='word_1_789' title='bbox 1719 2690 1899 2734; x_wconf 85' lang='lat' dir='ltr'>Episcopus</span> <span class='ocrx_word' id='word_1_790' title='bbox 1910 2691 2067 2735; x_wconf 87' lang='lat' dir='ltr'>gauderet</span> 
     </span>
     <span class='ocr_line' id='line_1_119' title="bbox 1182 2736 2064 2787; baseline 0.005 -15"><span class='ocrx_word' id='word_1_791' title='bbox 1182 2736 1373 2774; x_wconf 88' lang='lat' dir='ltr'>eorumdem</span> <span class='ocrx_word' id='word_1_792' title='bbox 1393 2739 1478 2774; x_wconf 89' lang='lat' dir='ltr'>circa</span> <span class='ocrx_word' id='word_1_793' title='bbox 1492 2738 1730 2774; x_wconf 85' lang='lat' dir='ltr'>Ecclefiasticas</span> <span class='ocrx_word' id='word_1_794' title='bbox 1757 2741 1867 2775; x_wconf 85' lang='lat' dir='ltr'>causas</span> <span class='ocrx_word' id='word_1_795' title='bbox 1878 2740 2064 2787; x_wconf 81' lang='lat' dir='ltr'>Praerogati-</span> 
     </span>
     <span class='ocr_line' id='line_1_120' title="bbox 1184 2788 2062 2834; baseline 0.006 -12"><span class='ocrx_word' id='word_1_796' title='bbox 1184 2789 1231 2822; x_wconf 88' lang='lat' dir='ltr'>vis</span> <span class='ocrx_word' id='word_1_797' title='bbox 1244 2803 1255 2823; x_wconf 89' lang='lat'>.·</span> <span class='ocrx_word' id='word_1_798' title='bbox 1280 2790 1326 2823; x_wconf 85' lang='lat' dir='ltr'>Et</span> <span class='ocrx_word' id='word_1_799' title='bbox 1339 2790 1517 2832; x_wconf 78' lang='lat' dir='ltr'>imperator</span> <span class='ocrx_word' id='word_1_800' title='bbox 1533 2788 1732 2833; x_wconf 81' lang='lat' dir='ltr'>Iustinianus</span> <span class='ocrx_word' id='word_1_801' title='bbox 1751 2791 1935 2834; x_wconf 79' lang='lat' dir='ltr'>nuperrime</span> <span class='ocrx_word' id='word_1_802' title='bbox 1945 2792 2062 2827; x_wconf 75' lang='lat' dir='ltr'>sanxe-</span> 
     </span>
     <span class='ocr_line' id='line_1_121' title="bbox 1181 2838 2060 2883; baseline 0.005 -11"><span class='ocrx_word' id='word_1_803' title='bbox 1181 2849 1229 2873; x_wconf 82' lang='lat' dir='ltr'>rat</span> <span class='ocrx_word' id='word_1_804' title='bbox 1249 2863 1260 2879; x_wconf 92' lang='lat'>,</span> <span class='ocrx_word' id='word_1_805' title='bbox 1290 2839 1339 2873; x_wconf 89' lang='lat' dir='ltr'>uti</span> <span class='ocrx_word' id='word_1_806' title='bbox 1361 2838 1588 2874; x_wconf 71' lang='lat' dir='ltr'>Praefestorum</span> <span class='ocrx_word' id='word_1_807' title='bbox 1613 2864 1624 2880; x_wconf 95' lang='lat'><em>,</em></span> <span class='ocrx_word' id='word_1_808' title='bbox 1650 2840 1696 2874; x_wconf 85' lang='lat' dir='ltr'>ita</span> <span class='ocrx_word' id='word_1_809' title='bbox 1721 2841 1755 2876; x_wconf 75' lang='grc' dir='ltr'>ἀ</span> <span class='ocrx_word' id='word_1_810' title='bbox 1776 2840 2060 2883; x_wconf 87' lang='lat' dir='ltr'>Patriarcharum,</span> 
     </span>
     <span class='ocr_line' id='line_1_122' title="bbox 1179 2889 2060 2934; baseline 0.005 -12"><span class='ocrx_word' id='word_1_811' title='bbox 1179 2889 1324 2933; x_wconf 86' lang='lat' dir='ltr'>adeoque</span> <span class='ocrx_word' id='word_1_812' title='bbox 1343 2889 1540 2925; x_wconf 88' lang='lat' dir='ltr'>&amp;omnium</span> <span class='ocrx_word' id='word_1_813' title='bbox 1557 2889 1863 2934; x_wconf 84' lang='lat' dir='ltr'>Autocephalorum</span> <span class='ocrx_word' id='word_1_814' title='bbox 1880 2891 2060 2926; x_wconf 83' lang='lat' dir='ltr'>Primatum</span> 
     </span>
     <span class='ocr_line' id='line_1_123' title="bbox 1179 2939 2061 2984; baseline 0.002 -11"><span class='ocrx_word' id='word_1_815' title='bbox 1179 2940 1352 2974; x_wconf 87' lang='lat' dir='ltr'>sententias</span> <span class='ocrx_word' id='word_1_816' title='bbox 1372 2942 1435 2975; x_wconf 84' lang='lat' dir='ltr'>esse</span> <span class='ocrx_word' id='word_1_817' title='bbox 1458 2939 1713 2984; x_wconf 86' lang='lat' dir='ltr'>inappellabiles.</span> <span class='ocrx_word' id='word_1_818' title='bbox 1739 2940 1835 2974; x_wconf 87' lang='lat' dir='ltr'>Hinc</span> <span class='ocrx_word' id='word_1_819' title='bbox 1847 2940 1982 2975; x_wconf 82' lang='lat' dir='ltr'>Claudii</span> <span class='ocrx_word' id='word_1_820' title='bbox 1994 2941 2061 2975; x_wconf 84' lang='lat' dir='ltr'>Ab·</span> 
     </span>
     <span class='ocr_line' id='line_1_124' title="bbox 1179 2989 2061 3034; baseline 0.002 -10"><span class='ocrx_word' id='word_1_821' title='bbox 1179 2989 1261 3024; x_wconf 88' lang='lat' dir='ltr'>batis</span> <span class='ocrx_word' id='word_1_822' title='bbox 1272 3014 1283 3030; x_wconf 95' lang='lat'>,</span> <span class='ocrx_word' id='word_1_823' title='bbox 1309 2990 1523 3034; x_wconf 67' lang='lat' dir='ltr'>&amp;spectantis</span> <span class='ocrx_word' id='word_1_824' title='bbox 1533 2991 1573 3025; x_wconf 88' lang='lat' dir='ltr'>ad</span> <span class='ocrx_word' id='word_1_825' title='bbox 1586 2990 1691 3033; x_wconf 87' lang='lat' dir='ltr'>ipsum</span> <span class='ocrx_word' id='word_1_826' title='bbox 1704 2991 1802 3024; x_wconf 82' lang='lat' dir='ltr'>causae</span> <span class='ocrx_word' id='word_1_827' title='bbox 1821 2990 1974 3025; x_wconf 88' lang='lat' dir='ltr'>Romana</span> <span class='ocrx_word' id='word_1_828' title='bbox 1985 3002 2061 3026; x_wconf 79' lang='lat' dir='ltr'>evo-</span> 
     </span>
     <span class='ocr_line' id='line_1_125' title="bbox 1177 3039 2060 3086; baseline 0.003 -12"><span class='ocrx_word' id='word_1_829' title='bbox 1177 3040 1265 3074; x_wconf 85' lang='lat' dir='ltr'>catio</span> <span class='ocrx_word' id='word_1_830' title='bbox 1277 3040 1477 3075; x_wconf 86' lang='lat' dir='ltr'>clamabatur</span> <span class='ocrx_word' id='word_1_831' title='bbox 1485 3042 1548 3075; x_wconf 75' lang='lat' dir='ltr'>esse</span> <span class='ocrx_word' id='word_1_832' title='bbox 1561 3040 1659 3074; x_wconf 88' lang='lat' dir='ltr'>etiam</span> <span class='ocrx_word' id='word_1_833' title='bbox 1670 3050 1783 3074; x_wconf 83' lang='lat' dir='ltr'>contra</span> <span class='ocrx_word' id='word_1_834' title='bbox 1795 3039 1885 3084; x_wconf 87' lang='lat' dir='ltr'>leges</span> <span class='ocrx_word' id='word_1_835' title='bbox 1897 3066 1904 3073; x_wconf 92' lang='lat'>.</span> <span class='ocrx_word' id='word_1_836' title='bbox 1927 3041 2060 3086; x_wconf 84' lang='lat' dir='ltr'>Nequa-</span> 
     </span>
     <span class='ocr_line' id='line_1_126' title="bbox 1176 3088 2058 3134; baseline 0.003 -11"><span class='ocrx_word' id='word_1_837' title='bbox 1176 3101 1274 3132; x_wconf 83' lang='lat' dir='ltr'>quam</span> <span class='ocrx_word' id='word_1_838' title='bbox 1287 3090 1532 3134; x_wconf 86' lang='lat' dir='ltr'>Appellationis</span> <span class='ocrx_word' id='word_1_839' title='bbox 1545 3089 1753 3124; x_wconf 88' lang='lat' dir='ltr'>substantiam</span> <span class='ocrx_word' id='word_1_840' title='bbox 1765 3113 1777 3131; x_wconf 88' lang='lat'>‚</span> <span class='ocrx_word' id='word_1_841' title='bbox 1804 3088 1858 3124; x_wconf 87' lang='lat' dir='ltr'>sed</span> <span class='ocrx_word' id='word_1_842' title='bbox 1877 3090 1978 3125; x_wconf 89' lang='lat' dir='ltr'>solam</span> <span class='ocrx_word' id='word_1_843' title='bbox 1990 3091 2058 3134; x_wconf 81' lang='lat' dir='ltr'>ejus</span> 
     </span>
     <span class='ocr_line' id='line_1_127' title="bbox 1176 3139 2058 3186; baseline 0 -12"><span class='ocrx_word' id='word_1_844' title='bbox 1176 3141 1397 3175; x_wconf 88' lang='lat' dir='ltr'>Sardicensem</span> <span class='ocrx_word' id='word_1_845' title='bbox 1419 3142 1558 3175; x_wconf 83' lang='lat' dir='ltr'>formam</span> <span class='ocrx_word' id='word_1_846' title='bbox 1579 3139 1747 3174; x_wconf 88' lang='lat' dir='ltr'>tentabant</span> <span class='ocrx_word' id='word_1_847' title='bbox 1771 3141 1931 3186; x_wconf 85' lang='lat' dir='ltr'>effugere.-</span> <span class='ocrx_word' id='word_1_848' title='bbox 1959 3141 2058 3176; x_wconf 88' lang='lat' dir='ltr'>Vole—</span> 
     </span>
     <span class='ocr_line' id='line_1_128' title="bbox 1176 3187 2057 3234; baseline 0 -9"><span class='ocrx_word' id='word_1_849' title='bbox 1176 3190 1253 3225; x_wconf 85' lang='lat' dir='ltr'>bant</span> <span class='ocrx_word' id='word_1_850' title='bbox 1271 3192 1399 3225; x_wconf 88' lang='lat' dir='ltr'>causam</span> <span class='ocrx_word' id='word_1_851' title='bbox 1419 3189 1514 3224; x_wconf 88' lang='lat' dir='ltr'>istam</span> <span class='ocrx_word' id='word_1_852' title='bbox 1534 3187 1576 3224; x_wconf 92' lang='lat' dir='ltr'>ab</span> <span class='ocrx_word' id='word_1_853' title='bbox 1597 3190 1668 3233; x_wconf 82' lang='lat' dir='ltr'>ipso</span> <span class='ocrx_word' id='word_1_854' title='bbox 1678 3189 1870 3226; x_wconf 85' lang='lat' dir='ltr'>Mariniano</span> <span class='ocrx_word' id='word_1_855' title='bbox 1890 3201 1965 3226; x_wconf 90' lang='lat' dir='ltr'>cum</span> <span class='ocrx_word' id='word_1_856' title='bbox 1987 3192 2057 3234; x_wconf 88' lang='lat' dir='ltr'>qui-</span> 
     </span>
     <span class='ocr_line' id='line_1_129' title="bbox 1176 3240 2056 3286; baseline 0.001 -11"><span class='ocrx_word' id='word_1_857' title='bbox 1176 3241 1310 3276; x_wconf 90' lang='lat' dir='ltr'>busdam</span> <span class='ocrx_word' id='word_1_858' title='bbox 1336 3252 1389 3284; x_wconf 85' lang='lat' dir='ltr'>per</span> <span class='ocrx_word' id='word_1_859' title='bbox 1403 3241 1591 3275; x_wconf 87' lang='lat' dir='ltr'>Dominum</span> <span class='ocrx_word' id='word_1_860' title='bbox 1605 3240 1728 3283; x_wconf 90' lang='lat' dir='ltr'>Papam</span> <span class='ocrx_word' id='word_1_861' title='bbox 1748 3241 1905 3284; x_wconf 62' lang='lat' dir='ltr'>adjunctis</span> <span class='ocrx_word' id='word_1_862' title='bbox 1918 3240 2056 3286; x_wconf 83' lang='lat' dir='ltr'>Episco-</span> 
     </span>
     <span class='ocr_line' id='line_1_130' title="bbox 1180 3290 2055 3334; baseline 0.001 -10"><span class='ocrx_word' id='word_1_863' title='bbox 1180 3291 1227 3334; x_wconf 90' lang='lat' dir='ltr'>pis</span> <span class='ocrx_word' id='word_1_864' title='bbox 1248 3293 1309 3326; x_wconf 79' lang='lat' dir='ltr'>effe</span> <span class='ocrx_word' id='word_1_865' title='bbox 1330 3290 1539 3325; x_wconf 86' lang='lat' dir='ltr'>revidendam</span> <span class='ocrx_word' id='word_1_866' title='bbox 1564 3315 1572 3322; x_wconf 91' lang='lat'><strong><em>.</em></strong></span> <span class='ocrx_word' id='word_1_867' title='bbox 1601 3291 1644 3325; x_wconf 89' lang='lat' dir='ltr'>Et</span> <span class='ocrx_word' id='word_1_868' title='bbox 1666 3291 1802 3326; x_wconf 63' lang='lat' dir='ltr'>Sanetus</span> <span class='ocrx_word' id='word_1_869' title='bbox 1826 3292 2055 3333; x_wconf 86' lang='lat' dir='ltr'>Marinianus,</span> 
     </span>
     <span class='ocr_line' id='line_1_131' title="bbox 1175 3340 2054 3386; baseline -0.001 -11"><span class='ocrx_word' id='word_1_870' title='bbox 1175 3342 1250 3376; x_wconf 88' lang='lat' dir='ltr'>licet</span> <span class='ocrx_word' id='word_1_871' title='bbox 1264 3343 1297 3375; x_wconf 93' lang='lat' dir='ltr'>in</span> <span class='ocrx_word' id='word_1_872' title='bbox 1310 3342 1461 3375; x_wconf 88' lang='lat' dir='ltr'>Romana</span> <span class='ocrx_word' id='word_1_873' title='bbox 1473 3342 1604 3375; x_wconf 83' lang='lat' dir='ltr'>civitate</span> <span class='ocrx_word' id='word_1_874' title='bbox 1616 3365 1626 3381; x_wconf 93' lang='lat'><strong>,</strong></span> <span class='ocrx_word' id='word_1_875' title='bbox 1638 3353 1677 3376; x_wconf 88' lang='lat' dir='ltr'>ac</span> <span class='ocrx_word' id='word_1_876' title='bbox 1689 3340 1747 3375; x_wconf 88' lang='lat' dir='ltr'>sub</span> <span class='ocrx_word' id='word_1_877' title='bbox 1758 3341 1944 3376; x_wconf 80' lang='lat' dir='ltr'>Monaslica</span> <span class='ocrx_word' id='word_1_878' title='bbox 1959 3341 2054 3386; x_wconf 83' lang='lat' dir='ltr'>ipsius</span> 
     </span>
     <span class='ocr_line' id='line_1_132' title="bbox 1181 3390 2054 3436; baseline -0.001 -11"><span class='ocrx_word' id='word_1_879' title='bbox 1181 3392 1333 3436; x_wconf 84' lang='lat' dir='ltr'>Gregorii</span> <span class='ocrx_word' id='word_1_880' title='bbox 1346 3390 1515 3435; x_wconf 71' lang='lat' dir='ltr'>disciplina</span> <span class='ocrx_word' id='word_1_881' title='bbox 1527 3390 1709 3432; x_wconf 86' lang='lat' dir='ltr'>enutritus,</span> <span class='ocrx_word' id='word_1_882' title='bbox 1734 3402 1871 3427; x_wconf 87' lang='lat' dir='ltr'>necnon</span> <span class='ocrx_word' id='word_1_883' title='bbox 1885 3392 2054 3436; x_wconf 85' lang='lat' dir='ltr'>insigniter</span> 
     </span>
    </p>
   </div>
   <div class='ocr_carea' id='block_1_12' title="bbox 1173 3440 2052 3526">
    <p class='ocr_par' dir='ltr' id='par_1_24' title="bbox 1173 3440 2052 3526">
     <span class='ocr_line' id='line_1_133' title="bbox 1173 3440 2052 3497; baseline 0.001 -21"><span class='ocrx_word' id='word_1_884' title='bbox 1173 3442 1340 3483; x_wconf 87' lang='lat' dir='ltr'>eruditus,</span> <span class='ocrx_word' id='word_1_885' title='bbox 1364 3441 1504 3478; x_wconf 86' lang='lat' dir='ltr'>attendit</span> <span class='ocrx_word' id='word_1_886' title='bbox 1527 3442 1656 3485; x_wconf 68' lang='lat' dir='ltr'>adista,</span> <span class='ocrx_word' id='word_1_887' title='bbox 1682 3442 1797 3479; x_wconf 78' lang='lat' dir='ltr'>&amp;non</span> <span class='ocrx_word' id='word_1_888' title='bbox 1822 3453 1936 3488; x_wconf 86' lang='lat' dir='ltr'>parurn</span> <span class='ocrx_word' id='word_1_889' title='bbox 1954 3440 2052 3497; x_wconf 77' lang='lat' dir='ltr'>cespi-</span> 
     </span>
     <span class='ocr_line' id='line_1_134' title="bbox 1903 3500 2000 3526; baseline -0.041 0"><span class='ocrx_word' id='word_1_890' title='bbox 1903 3500 2000 3526; x_wconf 80' lang='lat' dir='ltr'>tavit.</span> 
     </span>
    </p>
   </div>
  </div>
 </body>
</html>
