2326 3718
55 2521 141 2562 Epist.
166 2527 210 2555 16.

62 3135 218 3177 zpistan.

835 99 1445 149 Eu'chHETIS.

214 182 284 226 bet,
310 188 342 218 in
364 194 416 226 quo
440 179 648 224 cognosceretur
663 206 673 221 ‚
697 181 808 214 redicne
820 182 992 215 Flavianus
1005 182 1035 212 E
1038 187 1095 216 ury-

211 234 323 268 chetem
332 229 494 274 depofiiiffet
508 257 518 272 ,
545 243 673 265 annon.
702 229 880 273 Universum
908 233 980 263 vero
997 228 1093 274 causae

214 290 400 328 cognitionem
413 280 546 323 Dioscoro
558 280 700 324 Episcopo
718 282 919 315 Alexandrino
939 281 1070 314 mandat
1088 304 1094 310 .

215 336 329 377 ltaque
352 329 540 374 Eutyches,
568 332 680 366 videns
700 331 887 366 Romanam
908 328 1098 373 appellatio-

214 393 291 418 nem
313 394 379 417 non
404 382 573 417 succedere
589 406 599 421 ‚
626 379 678 417 sed
690 382 837 415 Leonem
854 382 888 413 in
902 379 1032 414 adversa
1049 381 1095 413 in-

213 433 327 467 clinari
341 457 353 472 ,
378 432 418 467 ad
430 433 628 471 Dioscorum
639 430 719 466 abiit
732 456 742 470 ,
768 432 802 465 &
813 431 984 466 communi
999 429 1094 463 isthic

212 483 352 518 consilio
389 483 582 519 conclusum
619 480 665 515 est
701 480 801 515 deseri
839 480 1095 524 appellationem

211 532 305 567 istam
317 557 327 573 ,
354 533 388 566 ὃ(
400 534 505 577 urgeri
517 533 613 566 aliam
626 529 667 565 ad
681 531 840 566 Generale
856 530 1048 567 Concilium
1059 553 1067 560 .

260 583 335 617 Nec
348 582 394 618 ibi
405 583 492 617 stetit
503 582 640 616 istorum
654 604 664 620 ‚
688 582 745 624 qui
757 581 821 625 jam
835 581 960 625 pridem
974 590 1098 614 cornua

211 633 469 675 conjunxerant,
495 641 661 666 taurorum
686 631 864 675 iniquitas.
893 631 1004 664 Etiam
1027 630 1100 662 Ma-

213 694 317 729 gnum
329 684 476 719 Leonem
489 683 662 716 sanxerunt
678 681 905 716 infamandum
921 680 962 715 de
974 680 1100 714 Nesto·-

213 735 309 769 rianae
320 731 458 767 Haeresis
470 731 659 767 patrocinio
671 757 681 773 ‚
693 743 790 775 atque
801 732 847 765 ita
858 730 1101 765 excludendum

214 785 234 818 ὲ
247 782 446 827 postulandae
456 782 584 827 Synodi
601 782 826 823 Praefidentia,
853 792 925 825 quae
951 789 1031 815 tunc
1042 782 1101 814 suo

214 835 284 877 jure
309 831 445 868 cadebat
473 834 507 866 in
545 830 767 868 patriarcham
795 830 1001 866 Alexandriae
1025 856 1032 862 .
1058 831 1102 865 Et

214 884 361 927 ipsorum
378 883 521 916 rationes
534 881 699 927 cogebant
710 880 750 915 ad
766 882 861 917 istam
872 881 1087 916 temeritatem
1096 903 1103 911 .

217 933 354 969 Etenim
367 933 536 968 adversum
551 932 697 967 Romani
710 931 865 975 Episcopi
875 931 999 974 judicia
1012 954 1023 969 ‚
1049 938 1106 964 aut

215 984 401 1019 sanctiones
426 982 590 1024 interjecta
616 981 794 1025 appellatio
819 979 965 1017 devolvit
989 978 1105 1014 solum-

217 1031 319 1066 modo
330 1056 340 1071 ,
369 1043 429 1065 nec
442 1032 547 1074 ipsum
561 1031 709 1067 excludit
728 1031 747 1068 a
759 1029 973 1066 retractatorii
985 1027 1105 1064 exami-

214 1083 270 1116 nis
283 1081 510 1117 Praefidentia:
540 1080 634 1115 Hinc
645 1078 712 1122 quo
729 1079 957 1114 excluderetur
968 1103 980 1120 ,
1003 1078 1110 1114 omni·

215 1130 262 1165 no
273 1138 339 1165 erat
366 1130 568 1163 accusandus
589 1128 629 1164 de
639 1129 744 1164 haerefi
761 1154 768 1161 .
797 1129 841 1164 Et
856 1128 1030 1168 consilium
1043 1130 1112 1166 suc-

215 1180 319 1216 cessit.
336 1180 460 1213 Omnia
472 1179 641 1216 Postulata
652 1179 783 1217 fuerunt
797 1180 967 1225 impetrata
978 1204 986 1216 .
999 1180 1112 1218 Leon·

215 1231 282 1265 tius
305 1229 436 1263 videtur
455 1229 586 1267 asserere
604 1255 617 1272 ‚
642 1229 733 1273 quod
767 1228 936 1275 Eutyches
959 1240 1030 1264 non
1054 1228 1112 1263 nisi

211 1279 288 1324 «post
305 1279 414 1317 Sancti
428 1279 578 1316 Flaviani
590 1280 819 1317 confirmatam
830 1280 848 1314 a
862 1280 982 1315 Sancto
993 1279 1111 1318 Leone

215 1330 391 1374 synodum
416 1329 626 1373 appellaverit
646 1329 688 1368 ad
710 1328 873 1364 Generale
896 1329 1092 1367 Concilium
1106 1353 1113 1360 .

216 1378 435 1423 Compendio
458 1379 606 1423 loquitur
621 1402 633 1423 ,
660 1377 801 1423 ideoque
828 1379 874 1414 est
894 1379 1039 1426 benigne
1059 1378 1114 1416 in-

216 1428 416 1476 telligendus
438 1453 446 1461 .
474 1429 610 1469 Etenim
634 1429 781 1474 Magnus
803 1429 875 1465 Leo
898 1427 932 1464 in
956 1430 1027 1475 ipso
1054 1430 1114 1468 suo

215 1479 423 1526 Dogmatico
433 1478 577 1522 Tom0‚
602 1490 670 1524 quo
695 1478 791 1516 istam
812 1479 987 1518 confirmat
1008 1479 1114 1523 Syno-

215 1529 298 1567 dum
312 1553 324 1570 ,
351 1528 463 1566 laudat
478 1530 553 1568 suos
575 1530 617 1564 ad
632 1527 832 1574 Ephefinum
845 1529 1040 1569 Concilium
1053 1529 1116 1567 Lep

215 1588 312 1625 gatos
326 1603 337 1620 ‚
362 1579 397 1614 δι
411 1578 551 1615 affirmat
559 1579 625 1626 jam
638 1579 778 1618 directos
789 1604 797 1612 .
823 1579 972 1620 Proinde
983 1580 1109 1616 clarum

219 1630 267 1664 est
280 1628 469 1675 Eutychem
491 1639 570 1664 ante
588 1628 700 1666 datam
712 1653 724 1673 ‚
749 1630 945 1670 &adversus
968 1629 1113 1669 dandam

221 1678 513 1714 confirmationem
540 1678 742 1724 appellafler
762 1680 810 1715 At
841 1680 962 1726 Magni
988 1680 1117 1715 Leonis

218 1728 405 1765 constantia
430 1729 551 1773 sprevit
575 1728 634 1765 ista
657 1729 918 1766 terriculamenta
933 1756 940 1763 .
966 1730 1048 1764 Haec
1067 1730 1114 1763 est

220 1779 314 1815 radix
327 1779 361 1816 δε
372 1779 491 1816 modus
506 1779 726 1827 Eutychiana:
737 1781 983 1829 provocationis
999 1779 1040 1817 ad
1050 1778 1114 1817 Ge-

221 1828 331 1864 nerale
342 1826 536 1863 Concilium
550 1856 557 1863 .

274 1879 425 1927 Qintus
441 1888 530 1912 error
550 1875 595 1914 est
608 1881 642 1915 in
662 1875 714 1915 his
737 1881 861 1916 verbis:
891 1883 986 1925 ,Quod
1001 1886 1115 1916 evincit

220 1935 335 1964 certum
348 1930 435 1970 apud
444 1930 611 1962 Orientale:
625 1930 717 1972 suiffe
727 1953 739 1970 ‚
765 1932 823 1965 &a
851 1931 1039 1965 Continent
1051 1931 1115 1963 du-

222 1978 343 2023 plicem
370 1989 513 2013 errorem
527 2003 534 2011 .
561 1978 692 2014 Primus
713 1980 760 2014 est
783 2004 793 2020 ‚
819 1980 910 2025 quod
932 1981 1117 2016 Orientales

224 2028 383 2071 Episcopi
410 2026 611 2071 Ephesinum
648 2028 880 2063 Latrocinium
916 2030 1117 2063 crediderint

224 2077 406 2121 provenisse
426 2087 467 2111 ex
481 2076 683 2111 clandestina
707 2078 906 2121 Eutychetis
924 2078 1117 2121 appellatio·

224 2137 267 2161 ne
287 2126 328 2161 ad
344 2125 571 2162 auresPatritii
587 2126 768 2161 Florentii.
796 2128 931 2163 Etenim
944 2127 1028 2163 istud
1042 2128 1120 2161 Hae·

230 2175 394 2211 refiarchae
418 2186 588 2212 tentamen
612 2188 728 2213 omnes
755 2176 938 2214 habuerunt
961 2189 1019 2223 pro
1039 2178 1118 2215 fuco

228 2227 354 2260 nullius
366 2226 519 2269 ponderis
533 2253 539 2258 .
566 2226 705 2261 Istorum
717 2227 856 2264 Patrum
870 2229 911 2263 de
924 2228 989 2263 hoc
1001 2229 1120 2262 articu·

223 2276 260 2319 lo
272 2275 402 2310 sensum
416 2276 507 2318 supra
519 2275 674 2319 exposui.
702 2277 797 2311 Alter
810 2279 845 2311 in
858 2277 1004 2313 adduciis
1015 2277 1119 2311 verbis

226 2334 316 2359 error
327 2325 374 2358 est
387 2348 398 2364 ,
426 2326 515 2370 quod
528 2326 714 2360 orientales
727 2324 881 2371 Episcopi
905 2326 945 2361 ad
959 2327 1120 2364 finiendas

225 2373 427 2417 Eutychetis
440 2374 513 2409 lites
546 2375 743 2410 crediderint
758 2379 965 2414 necessariam
976 2375 1121 2412 Genera-

226 2426 292 2458 lem
303 2424 475 2465 synodum
486 2448 493 2456 .
523 2424 656 2459 Etenim
671 2426 712 2459 de
725 2424 787 2460 hac
799 2426 963 2470 Ephesina
979 2427 1119 2470 Synodo

227 2475 268 2509 ad
282 2474 433 2517 Ireneum
443 2473 533 2517 Tyri
549 2474 868 2520 Archi-Episcopum
878 2478 996 2523 scripsit
1006 2477 1121 2512 Theo-

227 2526 360 2559 doretus
381 2524 562 2569 Episcopus
587 2523 757 2571 Cyrenfis:
787 2531 860 2560 Non
880 2527 941 2571 est,
967 2535 1001 2560 ut
1024 2535 1120 2569 appa-

227 2583 272 2608 ret
289 2598 299 2614 ‚
324 2576 402 2618 quod
425 2575 493 2608 boni
515 2576 679 2618 quidquam
703 2575 919 2619 exspecJemus.
951 2581 1025 2610 Non
1035 2578 1121 2613 modo

234 2632 314 2659 enim
325 2637 382 2658 non
389 2623 516 2668 sedatur
528 2625 661 2667 Ecclefiae
681 2627 814 2668 procella
826 2652 837 2668 ‚
858 2626 1098 2672 sedfastigiatur
1108 2652 1120 2668 ‚

230 2686 264 2717 ut
288 2677 332 2708 itii
359 2676 459 2710 dicam
472 2700 482 2717 ,
507 2676 541 2712 ζ’]
560 2682 592 2708 in
622 2687 758 2711 cacumen
777 2679 939 2713 attollitur.
970 2682 1120 2712 Venerunt

229 2734 329 2759 autem
351 2727 386 2762 (st
407 2731 458 2769 qui
483 2727 623 2765 synodum
642 2736 861 2768 convocarunt,
889 2729 923 2764 (τ
941 2733 1121 2764 evocatorias

230 2779 349 2810 litteras
370 2785 435 2810 tum
460 2777 531 2810 aliis
554 2775 732 2821 quibusdam
752 2780 989 2820 Metropolitanis
1020 2801 1032 2820 ‚
1057 2788 1122 2813 tum

233 2825 324 2865 nostro
348 2827 563 2862 reddiderunt.
593 2831 778 2863 Litterarum
797 2831 887 2870 porro
905 2830 1060 2872 exemplar
1079 2829 1124 2864 ad

234 2884 264 2909 te
275 2874 339 2915 mist
348 2898 359 2915 ‚
381 2885 414 2911 ut
426 2875 576 2922 cognoscas
588 2879 700 2911 malum
726 2879 803 2914 malo
816 2903 827 2919 ‚
851 2880 933 2923 quod
950 2883 996 2912 ait
1007 2881 1098 2914 Poeta
1109 2903 1121 2922 ,

235 2924 439 2965 confirmatum
462 2927 513 2970 effe
524 2952 534 2968 ,
557 2925 681 2971 solaque*
701 2928 784 2962 nobi:
794 2936 867 2971 opus
880 2929 933 2976 effe
943 2931 1062 2964 Divina
1075 2929 1121 2963 bo-

237 2974 333 3007 nitate
343 2997 355 3013 ,
380 2984 413 3008 ut
417 2973 505 3017 sedet
521 2977 736 3019 tempestatem.
764 2979 867 3013 Facile
879 2991 1007 3023 namque
1018 2978 1121 3016 bacilli

237 3023 276 3063 est
290 3048 301 3065 ‚
321 3021 380 3066 sed
398 3036 452 3059 nos
473 3029 692 3068 tranquillitate
710 3027 814 3074 sumus
833 3029 969 3075 indigni.
996 3027 1122 3067 Eadem

236 3073 280 3108 de
291 3074 428 3117 synodo
441 3073 674 3114 Theodoretus
685 3079 804 3122 scripsit
814 3079 855 3115 ad
867 3080 1043 3117 Domuum
1052 3079 1124 3117 An·

238 3123 371 3160 tiochiae
386 3123 633 3163 patriarcham:
659 3129 776 3172 ceffaffe
798 3128 895 3170 tristia
908 3128 1099 3176 speramus
1110 3153 1125 3171 ,

239 3186 306 3209 cum
317 3175 494 3219 indicaffent
517 3175 599 3212 nobis
610 3178 737 3218 quidam
755 3179 920 3216 extinti‘am
938 3180 990 3224 effe
999 3180 1124 3223 vilioris

238 3229 434 3268 Imperatoris
445 3225 720 3267 pufillaenimitatem
729 3251 741 3268 ,
750 3228 929 3275 faBamque
938 3237 1017 3268 mser
1026 3228 1124 3277 ipsm

238 3276 274 3309 (7
296 3279 358 3308 Dco
379 3276 548 3317 carifflmum
574 3275 753 3323 Episcopum
776 3282 1034 3318 reconciliationem
1054 3305 1066 3324 ,
1091 3291 1126 3314 ac

240 3327 345 3365 synodi·
369 3328 492 3369 quidem
517 3331 751 3363 convocationem
775 3328 907 3375 defiffe5
933 3330 1127 3374 Ecclessaerum

241 3378 315 3411 vero
324 3384 430 3420 pacem
443 3376 572 3422 rediiffe.
600 3377 662 3412 Sed
678 3388 746 3423 quae
755 3380 843 3415 modo
858 3382 881 3416 ei
889 3379 1050 3426 Ιῖυιᾶὶιιει·
1060 3383 1127 3416 Tua

1882 115 1972 156 311

1158 175 1272 221 scripta
1277 175 1351 218 sunt
1363 199 1374 215 ‚
1394 182 1534 222 graviter
1544 189 1596 212 nos
1608 180 1814 222 contristarunt
1825 205 1833 214 .
1858 179 1955 218 Nihil
1961 187 2041 218 enim

1162 227 1229 261 boni
1251 238 1287 260 cx
1306 225 1428 268 jaciam
1442 227 1549 264 synodo
1570 228 1736 271 exspee‘lare
1755 233 1823 267 licet
1834 256 1847 275 ,
1868 229 2047 276 ’,ψη-[ηιμ.

1161 289 1221 312 cors
1234 281 1377 310 Dominus
1389 300 1399 316 ‚
1420 274 1508 319 solita
1521 286 1607 310 utens
1623 283 1819 319 providentia
1827 305 1840 323 ,
1864 282 2047 319 turbulento-

1162 340 1229 362 rum
1240 331 1413 362 Doemonum
1423 325 1578 361 machinas
1589 327 1720 368 destruat
1732 355 1740 364 .
1766 331 1830 367 Per
1839 331 2048 373 turbulentos

1164 379 1346 413 Doemones
1354 377 1496 413 omnino
1509 377 1666 422 intelligit
1676 377 1873 417 Dioscorum
1893 383 1928 418 δε
1941 383 2050 431 Euty·

1163 426 1290 464 chetem
1303 452 1314 468 ‚
1340 428 1397 469 qui
1409 428 1563 464 Sant'tum
1575 427 1772 465 Flavianum
1783 428 1822 464 de
1833 432 1929 468 variis
1940 457 1953 476 ‚
1971 442 2047 477 prae-

1165 479 1273 512 sertim
1294 479 1336 512 de
1347 477 1544 513 Nestoriana
1565 476 1670 515 haereti
1682 501 1694 519 2
1717 479 1898 515 accusando
1908 505 1919 521 ‚
1944 483 2049 531 Impe-

1166 529 1280 565 ratoris
1300 527 1483 564 Theodosii
1504 527 1653 564 animum
1676 526 1718 565 ab
1739 528 1811 575 ipso
1825 527 2049 575 dimiserant,

1165 578 1265 622 atque
1283 578 1328 612 ita
1352 578 1605 622 impetraverant
1626 576 1823 623 Ephefinam
1849 580 2022 623 synodum
2035 606 2051 627 ‚

1166 640 1236 670 quae
1248 628 1434 674 gravissima
1445 628 1579 665 vulnera
1589 627 1655 665 toti
1669 628 1819 666 Eceiefiae
1837 628 2027 664 minabatur
2039 654 2052 665 .

1169 680 1211 714 Et
1223 689 1291 713 non
1302 690 1343 714 ex
1356 679 1402 713 sui
1415 678 1515 713 solius
1528 702 1540 719 ,
1553 678 1607 713 sed
1619 679 1721 715 etiam
1729 689 1772 716 ex
1783 679 1914 717 Domni
1926 679 1975 716 sui
1987 678 2051 717 Pa-

1168 727 1310 764 triatchae
1335 753 1347 769 ‚
1372 740 1410 763 ac
1421 728 1573 763 omnium
1587 730 1814 767 orientalium
1834 729 2053 777 collegarum

1168 778 1291 822 judicio
1313 777 1551 814 Theodoretus
1569 778 1628 814 ista
1647 780 1788 823 scripsit.
1816 779 1874 817 Ad
1892 779 2055 819 &mnan-

1169 830 1243 865 dam
1255 853 1266 869 ,
1277 841 1314 863 ac
1325 829 1544 872 sepeliendam
1552 829 1750 875 Eutychetis
1761 829 1963 874 impietatem
1973 841 2055 868 eun·

1169 880 1210 913 sti
1223 877 1398 916 censebant
1417 879 1561 916 sufficere
1570 880 1678 915 Sancti
1690 879 1840 915 Flaviani
1857 880 2055 926 synodum,

1169 930 1396 963 confirmatam
1416 930 1436 966 a
1455 929 1612 967 Romana
1634 929 1791 968 Ecclesia.
1817 930 1972 967 sufficere
1980 927 2056 968 ‘rw

1170 990 1263 1015 mum
1278 979 1386 1015 sancti
1397 975 1523 1017 Leonis
1533 1005 1541 1013 .
1566 979 1649 1016 Hoc
1661 977 1838 1024 postmodo
1857 989 1973 1017 omnes
1984 987 2056 1016 nou

1172 1028 1272 1062 solius
1281 1028 1431 1063 Orientis
1440 1052 1452 1074 ‚
1478 1028 1532 1067 sed
1551 1030 1654 1066 totius
1667 1029 1817 1068 Ecclesiae
1829 1030 1986 1074 Episcopi
2009 1031 2058 1068 so·

1171 1076 1364 1115 lemniffime
1377 1079 1510 1117 fuerunt
1530 1080 1659 1123 profeffi
1675 1081 1711 1117 iu
1723 1079 1986 1118 chalcedonensi
1997 1080 2059 1127 Sy-

1172 1125 1262 1164 nodo
1271 1152 1283 1167 ‚
1309 1128 1350 1163 ad
1362 1128 1481 1164 lectum
1492 1130 1645 1165 Tomum
1655 1140 1721 1165 uua
1732 1141 1815 1165 voce
1826 1131 2059 1168 exclamantes:

1174 1183 1245 1213 Haec
1263 1180 1393 1211 Patrum
1414 1176 1516 1223 fides,
1541 1178 1605 1213 baec
1615 1179 1809 1220 Apostolorum
1822 1179 1900 1222 fides
1913 1205 1921 1213 .
1947 1185 2060 1218 omnes

1172 1229 1218 1264 ini
1229 1228 1400 1268 credimus,
1426 1225 1592 1262 orthodoxi
1600 1228 1648 1261 ita
1657 1229 1802 1263 credunt.
1829 1229 1997 1265 anathema
2007 1235 2060 1273 ei,

1174 1283 1227 1322 qui
1248 1288 1307 1311 non
1328 1277 1374 1310 1τᾶ
1391 1277 1506 1313 credit.
1537 1279 1648 1314 Petrus
1662 1285 1721 1320 per
1734 1281 1865 1311 Leonem
1881 1280 1929 1311 ira
1949 1280 2062 1316 Iocutus

1174 1327 1230 1369 est.
1260 1326 1383 1370 Apostoli
1398 1327 1444 1361 ita
1465 1327 1645 1362 docuerunt.
1674 1329 1731 1364 Pi?
1746 1327 1860 1361 <vvere
1872 1330 1932 1362 Leo
1944 1328 2063 1364 docuit.

1176 1378 1302 1417 cyrillus
1328 1378 1374 1412 ita
1397 1378 1512 1416 docuit.
1540 1380 1600 1413 Leo
1618 1377 1790 1420 &Cyrinus
1806 1375 1943 1418 fimiliter
1964 1380 2065 1413 decue,

1175 1437 1266 1464 runt.
1293 1426 1464 1461 anathema
1484 1432 1531 1468 ei,
1556 1431 1610 1469 qui
1622 1426 1662 1472 fic
1671 1438 1729 1462 non
1751 1428 1864 1462 credit.
1891 1433 1966 1462 Haec
1987 1439 2064 1464 vera

1171 1477 1249 1526 fides
1276 1503 1283 1510 .
1311 1476 1457 1515 Catholici
1475 1479 1521 1510 iia
1537 1475 1699 1520 sapimus.
1726 1482 1800 1513 Haec
1820 1480 1949 1513 Parrum
1969 1477 2065 1518 fides.

1177 1533 1250 1563 Haec
1270 1533 1304 1562 in
1314 1526 1436 1575 Epheso
1450 1538 1504 1563 cur
1523 1526 1601 1565 lec‘Ia
1621 1539 1679 1561 non
1689 1525 1786 1575 sunt?
1810 1531 1885 1565 Haec
1907 1526 2066 1574 Dioscorus

1175 1580 1333 1614 occultavit
1357 1603 1364 1611 .
1391 1575 1518 1615 Lucide
1541 1577 1669 1621 profeffi
1696 1579 1773 1616 sunt
1793 1577 1835 1614 ad
1857 1578 2066 1615 damnandas

1179 1627 1374 1672 Eutychetis
1393 1625 1610 1672 blasphemias
1628 1639 1688 1663 nec
1701 1626 1901 1672 Ephefinum
1912 1628 2064 1666 Latroci-

1176 1678 1269 1716 nium
1281 1703 1292 1722 ‚
1321 1689 1381 1713 nec
1402 1677 1672 1712 Chalcedonense
1685 1677 1879 1713 Concilium
1902 1679 1997 1713 fuiffe
2009 1689 2066 1714 ne-

1176 1730 1344 1765 cessarium
1356 1753 1367 1770 .
1395 1726 1449 1763 sed
1461 1728 1565 1762 solum
1580 1728 1702 1762 Leonis
1714 1728 1868 1764 Tomum
1881 1739 1935 1771 per
1946 1729 2064 1763 omnia

1176 1779 1333 1818 suffecisse
1347 1803 1355 1811 .
1380 1777 1605 1827 Qodipsum
1629 1778 1740 1812 omnis
1749 1779 1871 1813 Oriens
1881 1777 2067 1822 nuperrime

1177 1829 1327 1869 adversus
1338 1828 1531 1866 Nestorium
1543 1828 1678 1865 senserat
1688 1829 1773 1867 circa
1785 1829 1908 1865 litteras
1919 1852 1930 1870 ‚
1952 1830 1987 1867 ὅς
1999 1829 2067 1867 De-

1177 1891 1262 1915 creta
1273 1879 1381 1913 Sansti
1393 1878 1568 1913 Pontificis
1579 1878 1745 1913 Caelestini
1758 1905 1765 1912 .

1229 1927 1414 1962 Paschasius
1426 1928 1624 1974 Qesnellus
1635 1929 1840 1972 prosequitur
1852 1941 1859 1960 ε
1887 1933 1942 1962 Ex
1953 1927 2066 1973 consen·

1174 1978 1211 2022 su
1233 1987 1331 2011 autem
1355 1981 1466 2011 Leonis
1488 1976 1625 2019 requifito
1650 1989 1687 2011 nc
1707 1984 1773 2020 quis
1784 1979 1951 2012 cavillandi
1960 1978 2067 2022 ansam

1179 2033 1309 2068 arripiat
1319 2051 1330 2066 ‚
1358 2038 1439 2059 nemo
1459 2027 1497 2065 est
1509 2031 1559 2068 qui
1571 2027 1710 2069 nesciatci
1721 2026 1838 2070 summo
1849 2034 1939 2062 etlam
1957 2032 2068 2064 Ponti-

1176 2078 1229 2120 fice
1251 2077 1378 2109 aliorum
1397 2073 1609 2117 Episcoporum
1629 2075 1797 2121 consensum
1816 2084 1930 2119 requiri
1944 2078 2068 2121 solitum

1173 2126 1261 2169 fuisse
1265 2124 1410 2166 fimilibus
1436 2130 1469 2158 in
1480 2123 1589 2165 caufis.
1617 2127 1696 2159 Sicut
1706 2125 1745 2159 ab
1755 2124 1818 2168 ipso
1838 2129 1935 2161 Leone
1943 2126 2067 2170 sallum

1153 2216 1159 2222 Ι
1181 2177 1217 2218 est
1237 2175 1299 2218 post
1324 2173 1503 2217 Ephcfinum
1514 2178 1741 2216 Latrocinium,
1767 2176 1878 2211 litteris
1897 2177 1932 2212 ob
1943 2188 2010 2211 eam
2019 2189 2068 2213 ra·

1181 2233 1289 2261 tionem
1311 2231 1344 2260 in
1364 2222 1536 2269 univer-fiam
1550 2227 1628 2267 pene*
1639 2225 1748 2260 Orbem
1758 2226 1881 2263 direclis
1895 2251 1902 2262 .
1930 2227 1988 2263 Est
2008 2227 2070 2263 ob-

1183 2278 1290 2311 scurus
1305 2277 1408 2310 sermo
1421 2300 1428 2308 .
1457 2276 1599 2309 Videtur
1618 2275 1779 2319 persistere
1799 2277 1835 2311 in
1855 2289 1984 2320 errore,
2008 2277 2068 2326 qui

1184 2323 1400 2370 Eutychianae
1421 2323 1629 2368 blasphemiae
1647 2326 1841 2372 quaestiones
1855 2328 1972 2372 censet
1996 2339 2069 2362 non

1181 2377 1198 2409 a
1211 2377 1282 2410 solo
1307 2375 1471 2410 Pontifice
1492 2375 1652 2418 potuisse,
1676 2374 1731 2410 sed
1745 2374 1890 2412 debuiffe
1910 2376 2070 2413 definiria

1182 2425 1336 2463 Generali
1359 2423 1499 2470 Synodo
1522 2449 1531 2457 .
1559 2424 1703 2461 Videtur
1722 2426 1831 2468 ipsum
1851 2426 1996 2463 stabilire
2025 2438 2069 2462 ex

1182 2474 1391 2521 quorundam
1410 2472 1644 2519 Romanorum
1667 2473 1871 2511 Pontificum
1894 2476 2071 2520 exemplo,

1182 2528 1239 2570 qui
1252 2525 1292 2560 ad
1304 2523 1420 2559 ssmiles
1429 2521 1639 2560 definitiones
1648 2523 1851 2568 postularunt
1871 2527 2070 2561 consensum

1182 2589 1220 2612 ac
1241 2574 1490 2612 instructionem
1509 2573 1551 2609 ab
1578 2573 1652 2610 aliia
1685 2573 1857 2619 Episcopis
1881 2600 1887 2607 .
1914 2575 2071 2611 Affirmae

1184 2625 1270 2663 istud
1281 2625 1386 2669 ipsum
1396 2624 1518 2662 factum
1537 2624 1556 2659 ὲ
1569 2623 1702 2670 Magno
1712 2624 1827 2661 Leone
1840 2626 1874 2659 in
1894 2625 2069 2669 Eutyche-

1183 2677 1225 2713 tis
1235 2676 1327 2711 causa
1339 2699 1351 2719 ,
1378 2674 1518 2719 ideoque
1536 2674 1636 2712 etiam
1657 2675 1763 2720 ipsum
1781 2675 1872 2710 fuisse
1885 2677 2069 2712 confessum

1184 2729 1246 2766 suae
1257 2726 1333 2762 Sedi
1343 2736 1418 2761 non
1425 2725 1488 2760 effe
1500 2724 1596 2760 istam
1615 2724 1850 2763 authoritatem
1863 2751 1870 2758 .

1235 2777 1294 2813 Est
1315 2774 1505 2812 manifestus
1526 2786 1630 2810 error.
1658 2775 1794 2810 Etenim
1816 2776 1997 2814 Pontifices
2014 2775 2070 2813 isti

1183 2838 1253 2864 non
1265 2824 1445 2863 definiendi
1457 2826 1650 2861 consensum
1664 2849 1675 2867 ,
1701 2837 1756 2863 aut
1768 2827 1957 2863 facultatem
1970 2828 2069 2870 petie.

1184 2888 1261 2914 runt
1270 2888 1286 2918 ς
1307 2876 1362 2913 sed
1376 2877 1524 2914 fecerunt
1535 2875 1622 2922 quod
1634 2876 1653 2911 ὲ
1666 2876 1788 2913 Sancto
1795 2877 1971 2912 Bonifacio
1984 2876 2071 2910 Pon-

1183 2928 1272 2963 tifice
1281 2926 1366 2964 circ}
1384 2926 1577 2972 Pelagianas
1588 2927 1821 2961 controversias
1842 2927 1936 2964 fuisse
1946 2927 2069 2963 fastum

1184 2977 1293 3013 scribit
1315 2977 1350 3012 in
1371 2976 1459 3013 libro
1478 2987 1593 3012 contra
1605 2975 1810 3014 Collatorem
1821 2977 1955 3014 Sanctus
1975 2976 2068 3014 Pros-

1185 3039 1259 3073 per:
1287 3026 1406 3062 sanci'ae
1426 3032 1574 3061 memoria·
1594 3028 1685 3068 Papa
1709 3027 1904 3072 Bonifatius,
1929 3037 1994 3063 cum
2002 3027 2068 3073 effer
2085 3026 2158 3066 Cap·
2175 3036 2222 3062 υ-

1184 3078 1380 3121 ᾰοθῌῇηιω,
1407 3077 1574 3112 adversam
1597 3076 1688 3111 libros
1712 3087 1814 3113 tamen
1840 3079 2070 3122 pelagianarum

1186 3132 1278 3165 Beati
1290 3126 1442 3174 Augufflm'
1452 3124 1592 3171 Episcopi
1604 3125 1753 3172 Responsa
1760 3126 1898 3172 poscebat
1909 3153 1917 3163 .
1943 3126 2069 3164 Roma-

1186 3190 1248 3214 nus
1259 3177 1418 3215 Pontifex
1428 3200 1440 3220 ,
1467 3177 1517 3213 uti
1528 3175 1629 3214 bodie
1642 3179 1714 3213 suos
1724 3178 1924 3223 Theologos
1933 3175 2068 3211 adhibet

1186 3231 1220 3266 &
1233 3226 1483 3276 inifieatotes
1502 3251 1514 3270 ,
1540 3225 1584 3261 it&
1604 3227 1690 3265 olim
1699 3227 1904 3276 dogmaticas
1924 3227 2069 3272 quaestio·

1186 3291 1244 3317 nes
1254 3279 1417 3315 decisurus
1426 3276 1618 3315 consulebat
1627 3276 1962 3328 doaiorqssynodos
1975 3302 1987 3319 ,
2011 3285 2069 3312 aut

1187 3331 1337 3367 clariores
1359 3327 1540 3373 Episcopus
1559 3353 1569 3361 .
1594 3327 1754 3364 Attamen
1775 3326 1969 3364 Bonifacius
1995 3336 2066 3364 non

1187 3381 1228 3419 ad
1250 3377 1499 3422 definiendum,
1523 3377 1578 3416 sed
1598 3378 1640 3417 sd
1655 3379 1779 3416 facins
1788 3379 1854 3416 suis
1874 3377 2069 3460 Ληςίσοίῒο·

1922 3438 1950 3462 tl
1977 3435 2015 3463 US
