2326 3718
691 126 971 173 RoMAms
1005 118 1588 170 APPEL'LATIONmus'.

276 211 440 250 Secundus
461 214 548 246 er'ror
568 211 613 245 est
633 236 644 252 ‚
670 211 759 256 quod
783 209 898 244 harum
920 208 1105 254 appellatio-

228 273 306 297 num
332 262 379 305 jus
400 261 546 296 dicamus
560 260 745 302 stabilitum,
771 261 824 295 seu
849 260 1066 295 introductum
1087 258 1104 291 a

229 312 401 347 Sardicensi
414 312 569 355 Synodo.
597 311 698 360 Qod
712 311 803 345 enim
816 322 880 345 vox
891 336 901 352 ‚
926 310 1107 352 stabilitum,

226 360 312 395 hanc
330 362 376 396 ibi
391 364 614 406 acceptionem
636 361 774 401 habeat,
801 362 933 397 suadent
954 359 1021 394 haee
1042 370 1106 392 ver·

233 410 275 445 ba
288 422 300 442 .·
325 413 401 449 ‚Inde
413 414 642 454 appellationum
662 409 725 453 usui
735 416 811 444 ratio
822 411 941 454 quaefita
957 408 993 449 est
1014 410 1034 440 ἃ
1045 412 1108 441 Ro·-

228 467 329 495 manis
353 462 540 504 Pontficibux
553 487 567 496 „
597 461 652 495 Est
673 472 761 495 error
783 462 949 506 insigniter
970 458 1085 494 craffus
1100 483 1107 490 .

227 511 362 557 Qippe
372 523 448 547 ante
461 512 680 547 Sardicensem
691 512 861 555 Synodum
881 511 921 546 ad
933 509 963 544 A
968 508 1109 552 postoli·-

226 572 298 595 cam
316 562 430 596 Sedem
443 561 647 606 appellarunt
658 562 788 600 Sanctus
803 560 996 596 Athanasius
1007 583 1018 599 ,
1033 559 1110 591 San-

225 612 291 645 uus
328 610 449 646 Paulus
471 611 860 655 Constantinopolitanus
883 635 894 651 ‚
932 609 1108 643 Marcellus

226 661 423 703 Ancyranus
435 685 447 702 ,
474 661 628 705 Asclepas
650 663 825 701 Gazensis,
852 659 973 695 Lucius
995 658 1109 692 Adria·

227 710 480 750 no-Politanus,
506 711 626 754 aliique
653 713 757 755 plures
769 722 824 755 per
845 709 1035 744 Eusebianae
1052 709 1112 741 Fa·

228 761 348 795 &ionis
357 762 510 804 Synodos
530 761 694 805 degradati
721 771 777 795 aut
798 760 905 794 vexati
928 759 1112 794 orientales

227 810 405 855 Episcopi:
434 812 501 846 Eos
512 812 640 845 audivit
653 810 755 854 Julius
766 810 924 845 Pontifex
936 834 947 853 ,
972 808 1112 844 absolvit

227 859 248 894 ὲ
260 860 423 905 perperam
436 861 559 904 injediis
570 862 710 895 vinculis
720 884 732 905 ,
758 860 914 903 reparavit
926 861 959 893 in
971 860 1111 903 priorem

228 910 367 955 gradum
388 935 401 951 ,
427 923 464 945 ac
486 922 540 954 per
560 911 692 944 interim
718 911 836 942 remisit
857 911 892 943 in
914 910 984 942 suas
999 908 1112 942 Sedes.

229 959 395 994 Videlicet
403 960 510 993 donec
520 959 609 992 fieret
623 959 725 993 totius
735 960 835 992 causae
858 959 1113 993 retradiatorium

229 1009 393 1052 Judicium
406 1032 414 1039 .
441 1007 533 1041 Hinc
553 1018 630 1042 nata
653 1009 698 1042 est
722 1009 832 1043 omnis
845 1010 930 1042 inter
942 1008 1036 1042 istam
1057 1008 1114 1042 Fa·

226 1058 370 1091 &ionem
396 1057 628 1092 &Romanam
643 1058 820 1093 Ecclesiam
841 1059 1014 1093 contentio
1030 1068 1116 1101 ;,et-

226 1108 294 1143 iam
314 1104 534 1142 Antiochenae
553 1109 681 1151 Synodi
703 1109 840 1144 audacia
860 1133 871 1149 ‚
895 1110 928 1143 δε
953 1107 1115 1143 horrenda

225 1169 265 1192 ac
277 1157 423 1192 inaudita
447 1157 593 1192 facinora
606 1158 801 1194 Conventus
823 1158 1116 1202 Philippo-polita·

225 1207 283 1242 ni.
308 1207 403 1255 de
414 1208 502 1242 enim
513 1206 706 1244 horrendius
720 1234 731 1249 ‚
759 1208 857 1253 quam
871 1209 1025 1243 damnare
1047 1210 1117 1243 Ro-

226 1268 365 1307 manum
384 1257 604 1299 Pontificem,
631 1259 664 1294 ὃς
690 1258 944 1294 Monarchicum
967 1259 1117 1294 Ecclesiae

226 1307 394 1352 Regimen
414 1309 626 1343 transmutare
650 1309 685 1343 in
699 1310 992 1350 Aristocraticum,
1018 1320 1117 1354 atque

222 1357 274 1398 vita
285 1357 459 1392 manifesto
479 1357 650 1393 schismate
665 1359 805 1394 lacerare
829 1360 1005 1394 Ecclesiam
1019 1360 1036 1391 ἒ
1063 1361 1118 1393 Et-

225 1407 294 1442 iam
314 1408 497 1443 Donatistae
519 1407 642 1444 dudum
665 1418 742 1445 ante
767 1410 992 1445 Sardicensem
1014 1410 1119 1453 Syno-

226 1458 308 1493 dum
321 1457 339 1492 a
351 1458 576 1494 Constantino
591 1459 748 1505 Augusto
760 1459 906 1506 integros
917 1460 1046 1503 Iudices
1066 1472 1119 1503 po-

226 1507 388 1542 stularunt
409 1518 523 1542 contra
536 1509 698 1550 Ceciliani
725 1509 992 1551 Carthagineufis
1003 1506 1120 1542 Archi-

229 1555 389 1600 Episcopi
400 1557 655 1591 Ordinationem
670 1570 677 1590 ε
707 1556 751 1591 Et
762 1556 988 1599 Apostolicam
1001 1555 1122 1590 Tradi-

228 1605 356 1637 tionern
378 1603 420 1635 ab
440 1606 550 1636 Hofio
573 1604 775 1636 Cordubensi
803 1606 968 1646 Episcopo
990 1603 1122 1638 edoctus

231 1651 388 1694 Princeps
398 1650 484 1693 ipsos
492 1650 610 1684 remisit
621 1651 660 1684 ad
674 1650 900 1686 Melchiadem
912 1652 1122 1692 Pontificem,

229 1702 266 1736 δε
282 1700 463 1745 proaliquo
475 1699 610 1734 istorum
625 1700 832 1735 factiosorum
855 1701 971 1736 solatio
993 1702 1121 1745 rogavit

223 1746 284 1786 ‘illi
303 1749 433 1785 affidere
442 1749 569 1794 aliquot
582 1750 773 1786 Gallicanos
797 1751 999 1796 Episcopos.
1025 1751 1122 1786 Plura

230 1800 418 1836 istiusmodi
427 1800 577 1844 exempla
590 1801 665 1835 sunt
686 1801 752 1844 jam
768 1801 925 1843 adducta,
951 1814 989 1836 ac
1012 1803 1047 1836 in
1068 1803 1120 1837 de·

230 1851 327 1886 cursu
340 1848 558 1885 adducentur.
586 1849 732 1886 Proinde
753 1850 947 1887 Sardicenfis
968 1852 1122 1895 synodus

230 1901 402 1937 Romanas
425 1900 675 1945 Appellationes
699 1901 1122 1945 nequaquamintroduxit‚

229 1950 286 1986 fed
307 1950 476 1985 adversum
506 1951 697 1986 Eusebianae
716 1952 882 1988 Fastionis
906 1965 1028 1994 novas,
1055 1953 1120 1987 vio

231 2001 338 2037 lentas
359 2023 372 2041 ,
399 2000 615 2036 schismaticas
636 2024 648 2041 ,
672 2011 770 2045 atque
788 2000 954 2038 haereticas
978 2004 1121 2047 praesum·

231 2051 366 2095 ptiones
379 2051 590 2086 solummodo
604 2052 759 2087 stabilivit
785 2054 819 2087 ἀ
844 2054 1052 2087 confirmavit
1064 2075 1079 2086 .-

285 2101 423 2137 Tertius
444 2112 532 2135 error
552 2102 618 2141 est,
647 2103 737 2146 quod
751 2103 943 2137 sardicenfis
969 2103 1122 2146 synodus

233 2146 321 2184 nihil
332 2149 373 2183 de
385 2150 655 2193 appellationibus
667 2152 845 2187 decreverit
855 2175 865 2191 ‚
893 2152 946 2187 sed
963 2153 1065 2187 solam
1077 2164 1123 2187 re-

232 2200 437 2233 tractationis
464 2202 515 2233 seu
530 2201 698 2235 revisionis
710 2202 921 2236 decernendae
934 2203 1123 2245 potestatem

232 2249 346 2283 fecerit
359 2248 520 2285 Romanis
533 2250 771 2285 Pontificibus.
799 2252 843 2285 Et
865 2253 954 2296 quod
975 2252 1060 2286 istud
1082 2263 1123 2286 ex

233 2299 303 2342 ipsa
316 2297 495 2333 Canonum
522 2299 905 2335 Sardicensiumlerstione
930 2302 966 2336 sit
987 2302 1123 2336 manife-

233 2347 319 2384 ssum
331 2373 338 2380 .
366 2348 462 2382 Certe
474 2351 657 2392 oppositum
670 2351 715 2385 est
728 2351 1017 2387 manifestissimum
1032 2378 1039 2385 .
1067 2352 1123 2387 Et-

235 2399 325 2431 enim
337 2398 388 2432 issi
401 2399 556 2433 Canones
569 2399 742 2444 interjectis
761 2401 801 2436 ad
815 2401 1009 2436 Romanum
1031 2402 1123 2437 Pon-

237 2447 362 2482 tificem
388 2448 698 2491 proclamationibus
719 2451 847 2486 donant
858 2463 927 2486 non
950 2452 1055 2488 solum
1072 2452 1124 2486 de·

236 2497 424 2532 volutivum
447 2498 594 2534 effessum
609 2524 620 2540 ,
647 2499 702 2534 sed
729 2501 763 2534 &
788 2502 1022 2544 suspensivum.
1050 2502 1121 2536 Do-

237 2558 319 2581 nant
330 2547 520 2590 potestatem
533 2572 545 2588 ‚
570 2560 634 2592 qua
646 2549 832 2584 istiusmodi
844 2552 952 2585 causas
962 2554 1124 2587 retradiare

235 2596 334 2642 possit
363 2597 414 2631 vel
427 2608 481 2640 per
492 2598 709 2642 semet-ipsum
733 2600 768 2634 in
780 2600 865 2634 alma
879 2600 998 2643 Urbe,
1025 2602 1121 2636 velin

235 2645 381 2691 partibus
393 2658 446 2690 per
456 2647 623 2693 delegatos
643 2648 661 2683 ὲ
683 2650 742 2685 suo
762 2650 879 2685 Latere
891 2650 1101 2695 Presbyteros
1113 2675 1125 2693 ‚

236 2697 291 2732 vel
303 2708 358 2740 per
370 2696 542 2741 Synodum
557 2699 672 2734 vicinae
681 2722 691 2739 ‚
717 2710 774 2735 aut
787 2701 886 2735 etiam
897 2701 1039 2745 ejusdem
1048 2702 1125 2738 Pro·

236 2747 371 2781 vinciae.
399 2747 501 2782 Prout
515 2749 616 2783 visum
629 2750 727 2785 fuerit
737 2751 806 2794 ejus
825 2751 1058 2795 sapientiffimo
1077 2764 1126 2786 ar—

235 2796 356 2834 bitrio.
384 2797 493 2832 Immo
506 2796 591 2834 hanc
612 2800 804 2844 potestatem
825 2813 893 2836 non
915 2800 1042 2844 donat,
1070 2802 1124 2839 sed

236 2846 257 2882 ὃ,
270 2845 404 2881 Christo
416 2849 567 2884 Domino
584 2850 762 2891 donatam,
791 2862 846 2895 per
867 2852 1048 2895 Apostolos
1074 2865 1124 2888 or-

238 2894 382 2932 dinatam
410 2921 422 2938 ,
449 2901 676 2935 confirmatam
697 2900 716 2934 a
741 2900 876 2936 Nicaena
899 2902 1038 2946 Synodo
1052 2927 1064 2944 ,
1089 2904 1124 2938 ἃ

239 2944 385 2987 plurimis
400 2948 575 2984 stabilitam
590 2951 769 2996 exemplis,
798 2952 1006 2987 solummodo
1028 2953 1124 2988 inno·

240 3002 318 3034 vat,
342 2998 374 3032 ὃς
398 2998 565 3034 adversum
588 3003 732 3045 praefatas
753 3002 915 3036 novitates
926 3004 1063 3046 exponit
1088 3003 1122 3038 ἀ

240 3054 362 3079 armat.
390 3048 491 3096 Qiod
507 3050 564 3084 ista
576 3051 711 3092 omnia,
737 3051 837 3086 etiarn
860 3053 1055 3096 suspenfivus
1079 3055 1122 3088 ef·

241 3094 340 3127 fefflls
363 3118 374 3134 2
400 3099 461 3133 sint
486 3099 503 3133 ὲ
530 3099 663 3136 Christo
685 3101 836 3136 Domino
865 3103 899 3136 &
921 3101 1122 3146 Apostolicis

243 3142 459 3198 CJ⁰0¹¹ib1182
485 3161 565 3185 mox
589 3163 631 3186 ex
644 3150 843 3187 authenticis
864 3151 1057 3188 Christianae
1077 3154 1122 3188 di·

241 3192 383 3236 sciplinae
405 3195 549 3234 fontibus
569 3201 843 3238 demonstrabitur
859 3227 866 3236 .
897 3201 946 3237 At
968 3203 1045 3238 vero
1065 3203 1120 3238 ista

240 3243 315 3276 sunt
338 3244 525 3281 manifestus
559 3251 591 3284 dc
612 3253 842 3296 propriisiimus
863 3251 1025 3289 charaster
1045 3266 1122 3289 verae

241 3292 470 3336 ²P90112t50⁰i⁵
487 3320 494 3327 -
545 3298 589 3331 Et
607 3301 648 3335 de
668 3302 729 3338 hac
750 3314 805 3347 per
831 3303 1036 3339 sardicenses
1062 3305 1121 3338 Ca-

243 3352 346 3376 nones
370 3343 514 3378 stabilita
545 3347 675 3384 veritate
700 3363 800 3388 nemo
832 3353 1025 3389 Catholicus
1050 3364 1120 3388 am—

238 3390 362 3437 begit:
403 3393 571 3431 Dominus
613 3397 725 3434 Petrus
749 3403 790 3436 de
815 3403 929 3439 Marca
957 3405 1001 3439 est
1028 3405 1120 3439 forfi-

342 3440 540 3488 cbrss.Lup1·
552 3451 649 3488 opera
672 3451 793 3484 T.V111.
1108 3452 1113 3456 ’

1913 137 1969 182 53

1164 217 1221 242 tan
1247 205 1400 241 omnium
1426 205 1565 248 primus.
2030 216 2037 223 ·

1215 256 1313 290 Error
1333 266 1464 299 quartus
1486 256 1531 289 est
1545 279 1556 294 ,
1584 256 1673 298 quod
1685 257 1802 293 Hosius
1825 258 2044 295 Cordubensis

1169 307 1372 350 Episcopus,
1398 305 1613 350 Apostolicus
1627 306 1771 350 Legatus
1796 322 1832 344 ac
1853 310 1967 345 Praeses
1978 310 2046 343 Sar-

1166 357 1303 391 dicensis
1315 356 1441 399 Synodi
1454 380 1466 397 ,
1493 354 1743 389 Retrasiationis
1754 358 1787 389 in
1802 359 1975 394 Provincia
1995 360 2047 393 de-

1168 406 1334 441 cernendae
1355 407 1405 449 jus
1429 417 1614 449 proponens
1632 430 1643 446 ‚
1669 406 1795 441 sciverit
1816 408 1834 441 a
1855 410 1886 442 se
1907 409 2047 454 proponi

1169 468 1236 492 rem
1249 468 1368 491 novam
1381 479 1391 495 ,
1420 456 1565 490 Nicaenis
1577 454 1770 491 Canonibus
1781 458 1918 491 minime
1935 461 2049 493 conso-

1171 519 1246 541 nam
1261 531 1272 547 ,
1299 506 1530 549 constantique
1551 506 1715 541 adversam
1733 507 1985 542 consuetudini.
2014 509 2049 543 Si

1172 557 1276 592 solum
1288 557 1498 591 decernendae
1517 557 1772 591 Retrastationis
1781 557 1832 600 jus
1843 559 2051 600 proposuerit,

1173 609 1276 642 fateor
1287 607 1344 641 ista
1357 608 1419 641 effe
1430 606 1585 641 veriffima
1597 633 1604 640 .
1634 607 1735 642 Addo
1746 607 1841 642 illum
1863 607 2051 652 longissime

1174 656 1326 692 recesfiffe
1336 656 1355 690 ὲ
1366 657 1502 691 Nicaena
1512 657 1651 701 Synodo
1661 683 1671 699 ‚
1700 670 1768 702 quae
1779 659 1869 701 super
1879 658 1986 692 Sancti
1995 657 2053 691 Pe-

1175 708 1215 740 tri
1238 708 1425 742 Romanam
1447 706 1648 743 Cathedram
1670 706 1754 742 nihil
1775 708 1838 742 fuit
1851 709 1923 742 ausa
1935 707 2054 742 consti-

1176 766 1264 790 tuere
1274 782 1285 798 ,
1313 758 1416 791 sciens
1427 756 1475 790 illi
1488 758 1599 792 omnia
1612 760 1759 793 concessa
1771 759 1789 793 a
1800 758 1951 793 Domino
1963 783 1971 790 .
1997 758 2056 792 Et-

1176 806 1262 841 enim
1276 807 1460 851 Apostolici
1470 806 1549 849 juris
1559 807 1599 841 ad
1613 808 1710 841 solius
1733 809 1982 843 Retraetationis
2003 807 2057 842 de-

1177 857 1343 891 cernendae
1365 857 1558 900 potestatem
1580 857 1737 891 restriffio
1762 859 1807 892 est
1827 859 1972 893 omnino
1998 869 2056 892 no·

1177 919 1252 941 vum
1266 932 1276 947 ‚
1303 907 1337 941 N
1342 907 1450 942 icaenis
1461 907 1656 943 Canonibus
1665 906 1834 943 adversum
1846 933 1858 949 ,
1870 918 2058 952 perpetuam

1177 956 1327 991 Ecclefiae
1339 958 1612 993 consuetudinem
1622 969 1768 993 evertens
1780 983 1791 999 ,
1818 970 1855 993 ac
1879 960 1970 1002 supra
1982 959 2062 992 San-

1174 1007 1215 1040 ἑὶί
1238 1005 1327 1039 Petri
1351 1006 1552 1041 Cathedram
1574 1009 1714 1044 statuere
1734 1019 1900 1044 attentans
1925 1009 2062 1053 figmen-

1176 1067 1247 1090 tum
1271 1080 1282 1095 ,
1308 1057 1327 1089 a
1348 1055 1548 1089 Confessoris
1572 1057 1666 1092 Hofii
1690 1060 1785 1094 sacris
1803 1058 2063 1105 cogitationibus

1176 1105 1425 1140 alienissimum.
1453 1105 1663 1152 Qapropter
1686 1109 1752 1149 ipse
1773 1111 1808 1143 in
1830 1111 1885 1144 sua
1904 1110 1946 1145 ad
1957 1108 2064 1144 Sardi-

1178 1157 1308 1191 censem
1331 1154 1507 1198 Synodum
1530 1155 1709 1190 Relatione
1733 1155 1987 1201 haudquaquam
2005 1159 2067 1193 εῖτ·

1178 1205 1409 1250 cumscriptam
1437 1206 1470 1239 δε
1490 1204 1690 1240 diminutam
1714 1205 1922 1241 decernendae
1950 1209 2068 1242 Retra-

1181 1256 1354 1296 erationis,
1380 1255 1433 1290 sed
1445 1255 1659 1299 pleniffimam
1671 1255 1903 1297 admittendae,
1928 1256 1963 1290 δε
1984 1266 2067 1298 quo·-

1182 1308 1231 1341 vis
1241 1306 1331 1350 juxta
1343 1307 1438 1340 suum
1449 1305 1715 1350 sapientissimum
1726 1306 1894 1342 arbitrium
1905 1305 2008 1341 modo
2019 1306 2067 1349 ju-

1181 1356 1332 1391 dicandae
1358 1367 1455 1400 atque
1464 1356 1664 1400 exequenda
1684 1357 1912 1402 appellationis
1933 1356 2069 1401 potesta-

1183 1418 1251 1442 tem
1269 1406 1431 1451 adscripsit
1455 1406 1758 1451 SediApostolicae.
1787 1408 1866 1442 Erat
1892 1419 1942 1441 res
1962 1407 2070 1441 omni.

1184 1458 1245 1492 bus
1254 1456 1505 1500 exploratissima
1517 1483 1524 1489 .
1552 1458 1737 1505 Qomodo
1749 1458 1843 1492 aliter
1856 1458 1960 1501 Julius
1983 1458 2070 1492 Pon-

1184 1508 1266 1542 tifex
1279 1507 1507 1542 Orientalibus
1520 1506 1740 1542 Antiochenae
1757 1508 1887 1551 Synodi
1900 1508 2070 1552 Episcopis

1184 1556 1285 1598 ipsam
1305 1558 1495 1591 refricuisset
1519 1558 1555 1590 in
1580 1557 1738 1593 barbam?
1765 1558 1863 1593 Certe
1888 1558 2071 1592 issiomnes

1184 1604 1354 1641 adfuerant
1367 1605 1508 1639 Nicaenae
1528 1606 1683 1648 Synodo.
1711 1608 1831 1641 Eidem
1854 1609 1978 1641 Hosius
1999 1619 2072 1649 pra*-

1185 1652 1306 1685 sederat
1329 1675 1340 1691 ,
1367 1654 1525 1687 habuerat
1564 1666 1641 1688 cum
1662 1655 1851 1690 Relationis
1873 1655 2072 1690 authoritate

1186 1701 1435 1745 Praerogativam
1446 1701 1613 1745 suffragii,
1641 1702 1781 1745 ideoque
1792 1704 1860 1744 ejus
1877 1716 1993 1738 arcana
2007 1707 2074 1748 ple-

1185 1749 1227 1785 ne
1239 1759 1390 1784 noverat.
1420 1749 1567 1785 Proinde
1577 1751 1656 1785 dum
1669 1752 1731 1785 isto
1756 1763 1815 1795 pro
1829 1753 1994 1787 Romanis
2007 1755 2074 1798 Ap-

1185 1800 1417 1845 pellationibus
1438 1801 1551 1835 officio
1573 1802 1701 1836 funerus
1711 1802 1774 1836 fuit
1786 1803 1872 1847 apud
1885 1803 2047 1838 Sardicam
2061 1831 2073 1846 ‚

1185 1851 1308 1894 optime
1321 1852 1414 1885 novit
1427 1852 1456 1884 se
1471 1863 1540 1886 non
1555 1853 1671 1886 referre
1686 1864 1752 1887 rem
1766 1865 1886 1887 novam
1898 1880 1908 1894 ‚
1937 1865 1991 1888 aut
2005 1855 2072 1888 Ni*

1185 1901 1282 1936 caenis
1299 1899 1494 1935 Canonibus
1517 1912 1584 1935 non
1598 1903 1778 1940 consonam
1793 1927 1804 1944 ,
1830 1915 1886 1938 aut
1906 1904 2073 1941 constanti

1185 1952 1352 1986 adversam
1375 1952 1624 1986 consuetudini.

1236 2001 1385 2048 Qintus
1396 2013 1483 2037 error
1493 2003 1539 2036 est
1553 2027 1564 2043 ,
1590 2003 1679 2045 quod
1691 2003 1814 2039 Hofius
1825 2003 1994 2040 Romanas
2008 2005 2074 2049 Ap-

1188 2052 1382 2095 pellationes
1408 2052 1529 2097 trepide
1552 2064 1590 2087 ac
1609 2053 1798 2089 dubitanter
1809 2055 1989 2090 admodum
2003 2082 2013 2098 ,
2039 2059 2072 2092 ὃς

1187 2102 1271 2146 quafi
1284 2102 1417 2146 supplex
1431 2103 1607 2137 Sardicenfi
1622 2104 1761 2146 Synodo
1774 2106 1920 2141 retulerit
1931 2131 1942 2147 ,
1970 2107 2003 2141 &
2014 2105 2073 2141 ho·

1189 2150 1365 2186 norandam
1391 2154 1498 2188 Sanffl
1533 2153 1622 2188 Petri
1646 2156 1836 2190 memoriam
1870 2158 2072 2199 praetendens

1187 2202 1385 2235 exoraverit:
1413 2205 1445 2235 51
1463 2202 1549 2236 vobis
1567 2205 1666 2245 placet
1687 2206 1884 2239 sanchetri
1900 2213 2070 2241 memoriam

1186 2250 1379 2284 honoremus.
1407 2252 1464 2285 Est
1490 2253 1625 2287 effraenis
1645 2255 1678 2288 in
1703 2255 1884 2299 gloriosum
1899 2257 2074 2291 Confesso-

1188 2312 1276 2341 rem,
1305 2298 1562 2336 Abrahamicum
1586 2304 1692 2338 senem
1716 2329 1727 2344 ,
1754 2307 1788 2339 &
1811 2309 1963 2340 omnium
1990 2317 2071 2340 tune

1187 2349 1397 2395 Synodorum
1410 2352 1539 2387 Patrem
1551 2355 1771 2389 contumelia.
1802 2356 1854 2389 De
1878 2356 2071 2393 Eusebianis

1189 2402 1357 2446 Episcopis
1380 2402 1488 2437 scribit
1509 2403 1550 2438 ad
1562 2415 1696 2440 omnem
1711 2405 1766 2439 sub
1779 2406 1877 2440 Coelo
1892 2407 2071 2442 Ecclesiam

1188 2451 1317 2485 laudata
1329 2453 1350 2486 S
1351 2453 1482 2495 ynodus
1494 2466 1502 2487 :
1524 2458 1560 2486 In
1568 2460 1676 2488 itinere
1688 2456 1856 2497 sardicenfi
1861 2463 1948 2490 certis
1957 2462 1989 2489 in
2001 2459 2071 2491 locis

1187 2501 1391 2534 Concillabula
1403 2507 1435 2534 in
1444 2503 1563 2535 modum
1574 2505 1675 2540 synoda·
1687 2510 1765 2537 inter
1773 2504 1807 2547 se
1817 2505 1987 2539 habuerunt
1999 2531 2009 2546 ‚
2034 2509 2069 2540 Θ

1181 2550 1300 2593 foedera
1320 2562 1386 2584 cum
1405 2553 1699 2587 interminationibus
1720 2554 1923 2595 conflaverunt
1936 2581 1947 2596 ,
1972 2565 2005 2589 ut
2015 2558 2069 2592 ubi

1189 2600 1341 2635 sardicam
1353 2600 1548 2643 perveniffent
1558 2626 1568 2642 ‚
1582 2605 1703 2636 minime
1711 2603 1744 2646 se
1753 2610 1786 2636 in
1792 2606 1822 2647 J
1825 2606 1918 2638 udicio
1921 2606 2067 2648 sisterent,

1187 2661 1242 2685 aut
1262 2657 1295 2684 in
1317 2651 1439 2685 eundem
1460 2653 1551 2685 locum
1560 2663 1624 2685 cum
1633 2651 1722 2695 sacra
1733 2656 1840 2692 synodo
1848 2662 2038 2694 convenirent
2054 2683 2066 2698 ‚

1183 2700 1243 2745 sod
1266 2713 1336 2735 mox
1358 2701 1408 2735 ubl
1430 2704 1461 2735 eo
1471 2703 1670 2745 perveniffent
1683 2728 1694 2745 ,
1722 2706 1756 2738 (st
1761 2705 1967 2747 perfunlloria
1972 2698 2066 2750 specie

1188 2753 1355 2786 adventum
1371 2749 1458 2795 suum
1480 2751 1660 2794 ostentaffent
1673 2778 1685 2796 ‚
1712 2761 1826 2797 raptim
1851 2758 1924 2790 inde
1944 2757 2066 2801 aufuge-

1187 2810 1274 2835 rent.
1303 2803 1348 2836 Et
1365 2801 1434 2845 quo
1455 2801 1515 2837 ista
1537 2802 1722 2846 conjuratio
1742 2806 1819 2840 esset
1831 2807 1935 2851 magis
1947 2808 2038 2841 firma
2052 2832 2063 2849 ‚

1186 2861 1328 2887 curarunt
1340 2860 1372 2886 ut
1383 2864 1482 2886 omnes
1494 2854 1592 2887 eodem
1604 2877 1615 2893 ,
1640 2854 1675 2888 ὅ(
1688 2866 1742 2898 per
1755 2857 1842 2890 viam
1855 2858 1889 2890 δε
1900 2857 1983 2898 apud
1996 2857 2065 2891 Sar-

1187 2902 1315 2943 dicam,
1340 2903 1482 2936 domicilio
1493 2913 1644 2938 uterentur
1657 2928 1669 2944 ,
1695 2916 1731 2938 ne
1753 2906 1807 2939 vel
1826 2908 1978 2940 tantillum
1989 2906 2065 2951 quis·

1187 2957 1272 2994 piam
1283 2952 1321 2985 ab
1336 2954 1396 2987 illis
1420 2951 1534 2997 seorsim
1546 2965 1631 2998 agere
1638 2955 1739 2997 poffet.
1765 2954 2066 2999 Palmarislquaestio

1187 3013 1254 3037 erat
1279 3003 1320 3041 de
1341 3002 1531 3045 Athanasii,
1559 3004 1653 3038 Pauli
1673 3005 1848 3046 Marcelli,
1874 3004 2064 3044 &aliorum

1188 3052 1384 3087 Antistitum
1401 3078 1412 3094 ,
1439 3053 1481 3089 ab
1513 3054 1586 3097 ipsis
1615 3055 1843 3089 damnatorum
1867 3079 1879 3096 ,
1907 3056 2063 3092 Romana.

1188 3103 1419 3146 Appellatione
1431 3128 1442 3144 ,
1464 3104 1499 3138 δε
1511 3115 1564 3146 per
1578 3103 1699 3148 qulium
1711 3103 1908 3140 Pontificem
1918 3108 2062 3150 imparti-

1187 3164 1218 3188 ta
1238 3154 1304 3188 illis
1314 3153 1540 3189 revestitione.
1570 3154 1792 3197 Conjurarunt
1805 3154 1872 3190 haec
1891 3168 2062 3202 nunquam

1186 3203 1380 3244 admittere,
1405 3203 1441 3237 ec
1464 3203 1575 3246 potius
1597 3215 1721 3247 patrare
1742 3206 1934 3249 quidlibet,
1960 3219 2062 3251 quam

1186 3254 1262 3289 istos
1273 3255 1346 3288 suos
1361 3252 1532 3288 damnatos
1547 3257 1722 3298 agnoscere
1743 3256 1778 3289 in
1801 3257 1999 3301 Episcopos,
2025 3259 2062 3294 ὃς

1183 3316 1260 3338 cum
1289 3303 1361 3347 ipsis
1390 3303 1597 3346 synodaliter
1630 3305 1796 3341 confidere
1819 3331 1826 3339 .
1855 3308 2060 3341 Intraverunt

1185 3355 1346 3388 Sardicam
1359 3377 1369 3393 ‚
1395 3354 1428 3389 ὃς
1439 3355 1539 3388 multa
1551 3355 1592 3388 de
1604 3354 1654 3390 his
1677 3368 1754 3391 cum
1768 3356 1875 3391 Hosio
1887 3383 1898 3398 ,
1924 3358 2059 3400 aliisque

1185 3404 1311 3441 Latinis
1329 3403 1498 3448 Episcopis
1520 3405 1743 3449 disputarunt.
1772 3407 1814 3442 Et
1828 3408 1910 3451 ipsos
1923 3417 1988 3439 tam
2001 3415 2059 3448 pro

1609 3457 1638 3491 E
1691 3468 1710 3504 3
1913 3455 2008 3489 dieto-
