2326 3718
159 2708 161 2710 ,
222 2670 444 2705 Haerefiarchae
470 2669 646 2704 violentias
672 2670 764 2703 fuisse
791 2671 994 2704 necessariam

52 2946 143 2986 Epist,
161 2956 208 2984 23-

829 145 1436 189 EuchH.1÷Tls.

213 234 296 277 quod
302 242 350 267 res
361 229 400 271 est
409 229 543 262 dicamus
554 251 564 268 ‚
587 227 685 268 'vestra
695 229 804 271 quoque
815 230 1019 259 Dominatione
1021 225 1089 267 fre·

215 294 267 318 tus
284 283 346 316 baec
363 279 467 321 facit.-
496 282 627 313 Petimus
649 303 659 318 ‚
687 279 812 320 inquAm
834 301 844 316 ‚
871 288 904 309 ne
925 277 1090 319 quidquam

215 336 348 372 deinceps
361 331 404 363 illi
424 332 528 371 liceat,
555 328 746 371 nisiprtmum
758 326 938 360 orthodoxa.-
961 325 1031 367 fidet
1041 337 1090 358 ve-

214 389 290 415 ritas
312 381 494 420 enucleetur,
522 390 559 413 ne
578 380 657 422 quod
665 377 783 412 enixius
789 377 907 417 studet,
936 376 991 410 hac
1000 381 1090 418 pent-

212 433 265 465 eus
284 431 440 473 diffipata,
466 441 502 464 ac
523 427 628 472 eversa
651 453 662 470 ,
682 426 771 470 suam
786 429 937 469 paulatim
961 426 1092 461 introdu-

212 490 264 516 Bat
275 507 281 514 .

264 533 346 565 Haec
370 530 464 565 verba
486 555 497 570 ,
525 528 626 569 Vestra
649 529 853 561 Dominatione
864 528 967 569 fretus
985 526 1091 569 palam

213 582 374 616 evincunt
390 579 481 617 hunc
502 579 672 618 libellum,
699 589 735 612 ac
761 580 795 612 in
820 580 890 621 ipso
913 575 1091 620 expressam

215 631 362 666 Nestorii
382 629 588 673 tyrannidem
609 628 761 672 prodiisse
773 628 842 671 post
856 627 925 670 ejus
944 625 1090 670 appella·-

214 682 362 717 tionem.
388 679 479 723 Ipsa,
505 679 578 712 &ei
604 690 659 720 per
679 677 907 712 Theodosium
931 676 1093 710 violenter

214 731 384 776 impartito
394 729 571 771 suspensivo
583 728 697 762 effectu
722 728 820 761 fretus
834 727 1006 761 Nestorius
1024 724 1093 758 nul·

213 782 284 815 lum
295 780 418 815 curavit
432 779 647 822 Episcopum:
676 778 863 821 Nequidem
877 777 1069 811 Romanum
1084 797 1091 806 -

213 832 307 865 Hinc
317 840 437 864 errores
447 839 597 863 revocare
611 829 718 862 noluit
728 851 739 868 ‚
759 828 811 862 sed
824 827 940 870 majori
951 836 1026 860 cum
1037 825 1094 858 im·

213 890 292 925 petu
303 880 444 924 perrexit
455 879 622 922 praedicare
634 900 641 908 -
670 877 877 922 Degradatos
888 878 906 911 ὲ
918 878 948 910 se
959 875 1093 917 Presby-

213 941 299 966 teros
309 956 319 971 ,
346 941 429 974 quos
440 929 594 963 Pontifex
606 938 762 971 repararat
775 951 786 967 ‚
813 928 888 961 loco
913 926 971 960 suo
986 926 1095 959 noluit

213 992 387 1024 reponere.
415 981 508 1012 Hinc
527 978 714 1013 Dalmatius
738 976 894 1019 supplicat
914 975 1001 1009 duo.
1029 974 1095 1007 Pri·

213 1032 272 1064 πιό
284 1056 294 1071 ,
322 1042 358 1064 ut
369 1030 424 1072 ipfi
436 1028 587 1072 promissa
598 1026 751 1068 synodus
762 1026 857 1068 quam
868 1026 1007 1068 primum
1021 1026 1091 1057 fiat.

214 1079 369 1118 Deinde,
396 1076 541 1120 utusque
558 1077 711 1117 adipsam
734 1086 801 1109 non
815 1076 880 1108 sola
895 1075 1047 1108 Romana
1061 1075 1095 1107 in

214 1127 405 1163 Nestorium
426 1127 585 1165 Decreta,
606 1126 661 1160 sed
682 1126 781 1158 etiam
805 1125 902 1168 ipsius
915 1125 948 1158 in
963 1124 1096 1158 Clerum

213 1179 249 1213 δε
272 1176 437 1220 Populum
459 1176 634 1218 tyrannica
658 1176 827 1208 Attentata
854 1176 916 1208 fint
933 1174 1096 1218 suspensa:

214 1229 260 1262 Et
272 1226 460 1270 praesertim,
488 1236 523 1259 ut
545 1225 563 1259 ὲ
577 1226 634 1258 suae
646 1223 790 1259 haerefios
800 1225 1027 1268 praedicatione
1045 1236 1098 1258 co·

213 1287 312 1322 gatur
337 1279 469 1311 cessare.
500 1276 543 1309 Et
558 1274 741 1309 conclusit:
769 1279 838 1308 Nos
864 1276 900 1308 de
911 1274 1098 1308 (Ecumenica

214 1329 324 1366 synodo
345 1327 471 1370 cogenda
490 1336 545 1358 vos
572 1336 708 1368 rogamus
733 1350 743 1365 ‚
768 1337 836 1367 quae
858 1325 998 1367 aptiffime'
1017 1326 1098 1366 poffir

213 1377 395 1417 constabilire
412 1378 447 1409 ό·
458 1381 567 1417 erigere
581 1375 762 1414 titubantia,
783 1374 847 1416 sive
866 1380 957 1408 etiam
976 1375 1099 1416 confra-

214 1427 265 1460 c‘la
276 1450 284 1459 .
311 1427 506 1470 ,Quamquam
512 1433 568 1466 per
580 1428 636 1458 Dei
640 1431 778 1469 gratiam
790 1450 800 1464 ,
825 1423 1010 1468 eiusdemque
1024 1433 1100 1458 tute·

215 1479 277 1511 lam
288 1499 299 1515 ‚
327 1489 393 1519 quae
406 1482 438 1508 in
448 1475 534 1509 vobis
546 1484 684 1517 operatur
694 1500 704 1516 ,
730 1475 892 1518 inferorum
897 1484 994 1517 portae
1008 1500 1018 1515 ,
1032 1486 1100 1518 quae

212 1525 287 1570 sunt
313 1525 512 1568 baereticorum
538 1537 590 1558 ora
616 1550 627 1565 ‚
653 1526 803 1559 adversus
826 1526 918 1567 fidem
948 1527 1100 1567 nunquam

211 1577 426 1620 praevalebunt
438 1599 449 1615 ,
475 1584 528 1608 aut
548 1585 679 1609 evertere
701 1577 786 1609 illam
800 1580 940 1618 poterunt
954 1601 961 1608 .
991 1577 1103 1619 Expo-

215 1627 315 1661 stulat
336 1626 398 1669 jam
419 1625 580 1660 addictam
603 1626 775 1667 Synodum
798 1638 865 1660 non
890 1626 1101 1660 solummodo

215 1687 277 1720 pto
302 1677 461 1710 Nestorio
484 1676 574 1715 fieri,
602 1675 655 1710 sed
678 1676 712 1710 &
732 1687 846 1710 contra
866 1677 988 1719 ipsum.
1020 1676 1100 1710 Non

215 1725 348 1761 admitti
362 1725 582 1759 Haeresiarchae
594 1726 730 1766 fastum,
758 1737 823 1769 quo
836 1726 978 1769 sperabat
999 1727 1102 1761 &mi-

215 1775 354 1810 nabatur
380 1776 518 1818 Synodo
543 1775 695 1808 adverssis
730 1777 882 1810 Sanstum
909 1777 1076 1819 Cyrillum
1092 1801 1101 1815 ,

215 1825 358 1867 ideoque
379 1827 413 1860 <Sc
426 1825 576 1858 adversus
590 1826 799 1860 Caelestinum
814 1826 1012 1861 Pontificem
1030 1838 1102 1870 prae-

216 1877 336 1910 sidere.
366 1875 410 1909 Et
423 1875 507 1909 istud
519 1875 732 1910 Theodosius
747 1887 812 1909 non
830 1877 937 1919 potuit
966 1889 1034 1911 non
1051 1875 1104 1910 ad-

215 1928 349 1960 mittere
377 1950 383 1956 .
418 1924 579 1958 Adduciis
607 1937 661 1966 per
688 1926 893 1959 Dalmatiam
920 1926 1104 1959 rationibus

214 1986 382 2020 permotus
393 1974 551 2008 Pontifex
573 1974 672 2008 etiam
684 1975 844 2009 consensit
859 1977 890 2007 in
907 1975 1080 2018 Synodum
1095 1999 1102 2006 .

214 2023 351 2059 Etenim
372 2023 452 2058 dum
471 2022 697 2059 Haerefiarchae
719 2025 808 2058 furor
823 2025 995 2059 sustinetur
1007 2037 1044 2058 ac
1057 2026 1104 2057 fo-

215 2085 333 2113 vetur,
361 2074 500 2113 ideoque
524 2085 582 2106 nec
606 2074 716 2106 Deum
739 2085 898 2107 reveretur
918 2084 973 2106 aut
1000 2073 1105 2105 horni-

217 2134 275 2157 nes
286 2147 297 2163 ‚
328 2123 497 2157 Generalis
508 2122 661 2164 Synodus
673 2122 718 2155 est
736 2135 802 2156 non
819 2120 1026 2156 solummodo
1042 2122 1106 2155 uti-

217 2174 280 2214 lis,
306 2174 360 2207 sed
380 2173 413 2206 &
426 2172 608 2206 necessaria.
642 2172 779 2206 Easdem
792 2172 837 2206 ob
851 2174 960 2206 causas
974 2170 1102 2215 Synodi

218 2223 407 2260 postulator
420 2223 592 2256 Nestorius
604 2222 705 2264 ipsam
716 2223 798 2256 adeo
810 2224 965 2256 extimuit
977 2247 986 2262 ‚
1014 2233 1049 2255 ut
1064 2222 1106 2255 de

217 2273 289 2315 ipso
303 2273 371 2315 post
397 2273 551 2314 pera&am
573 2271 747 2312 Synodum
771 2273 926 2306 Pontifex
949 2272 1106 2314 scripserit

218 2324 260 2356 ad
271 2322 677 2362 constantinopolitanam
701 2321 876 2355 Ecclesiam
893 2334 899 2352 :
929 2325 1010 2365 ,Quis
1025 2324 1104 2353 Pett-

219 2382 312 2406 torem
330 2372 431 2408 synodi
452 2372 580 2402 crederet
597 2372 704 2408 synodo
731 2371 927 2411 abfuturum?
957 2376 1107 2412 Campum

219 2422 263 2454 ad
272 2429 421 2454 certamen
434 2418 582 2462 exposcit3
609 2421 792 2453 Sacerdotula·
807 2422 955 2461 postulat,
982 2429 1028 2453 cui
1050 2433 1106 2452 non

220 2481 286 2506 erat
298 2469 461 2511 adfuturus
477 2493 487 2509 ,
514 2480 638 2502 examen
649 2494 656 2501 .
686 2469 728 2502 Et
740 2470 894 2512 Synodus
918 2470 1001 2503 nihil
1016 2472 1082 2514 egit
1097 2494 1106 2509 ‚

221 2523 281 2555 nisi
295 2520 457 2554 Caelestini
478 2520 512 2553 in
534 2521 638 2562 ipsum
653 2521 784 2553 Sancita
806 2521 962 2563 probare,
989 2520 1107 2553 stabili-

221 2583 255 2605 re
277 2595 286 2611 ‚
312 2571 524 2604 confirmare.
554 2569 801 2603 Demonstravit
820 2571 850 2603 se
876 2582 943 2603 non
967 2571 1007 2603 ad
1031 2561 1124 2606 defi-'3

221 2622 380 2656 niendam
408 2620 506 2654 fidem
529 2644 539 2659 ‚
566 2620 618 2653 sed
645 2620 818 2653 dumtaxat
845 2619 886 2653 ad
914 2620 1123 2662 superandas,

1023 2695 1030 2702 .
1061 2670 1104 2704 Et

222 2721 301 2754 hinc
313 2721 379 2763 ejus
395 2721 473 2754 Asta
488 2746 497 2760 ,
523 2719 656 2754 tandem
674 2720 810 2754 meliora
823 2721 955 2754 edoistus
967 2745 978 2760 ,
1003 2720 1106 2762 Impe-

225 2782 312 2806 rator
322 2770 533 2804 Theodosius
545 2770 739 2813 amplissime
749 2771 956 2804 confirmavit
968 2795 975 2802 .
991 2772 1033 2803 Et
1043 2770 1107 2803 huc

224 2820 367 2855 omnino
378 2820 494 2854 alludit
520 2821 552 2853 in
568 2820 651 2853 datis
664 2821 704 2854 ad
718 2822 822 2863 ipsum
835 2845 845 2861 ‚
871 2821 949 2855 dum
971 2819 1106 2854 similem

225 2870 445 2905 Haerefiarcbae
458 2868 652 2911 Eutychetis
664 2871 917 2913 appellationem
929 2870 1037 2904 denuo
1050 2872 1107 2902 cit-

224 2921 436 2962 cumscriptus
456 2919 605 2960 admisit,
635 2921 747 2954 litteris
760 2921 903 2964 Magnus
926 2920 1016 2955 Leo:
1039 2925 1105 2952 Nos

226 2969 405 3004 venerabili:
416 2973 578 3009 Imperator
590 2996 599 3010 ,
621 2970 694 3012 ficut
718 2970 847 3010 Nestorii
870 2972 976 3014 dogma
984 2979 1105 3011 perver-

225 3020 292 3064 sum
301 3022 402 3051 merito
414 3017 737 3054 anathematizavimus
748 3046 756 3060 ,
785 3021 910 3060 itajuste³
931 3020 1034 3053 borum
1056 3026 1106 3052 im·
1121 3050 1124 3054 .

224 3078 369 3114 pietatem
380 3092 391 3108 ,
417 3075 466 3111 qul
477 3074 635 3101 veritatem
654 3077 753 3103 carnis
778 3072 880 3110 nostrae
891 3080 1000 3114 negant
1013 3073 1033 3103 ἃ
1051 3074 1108 3103 Do*

227 3126 308 3156 mino
320 3118 409 3158 nostro
413 3121 445 3162 J
447 3116 623 3160 esu-Christo
629 3118 797 3162 susceptam
810 3123 861 3163 esse
872 3147 882 3161 ‚
907 3123 1085 3154 damnamus
1099 3146 1106 3153 .

228 3172 309 3205 Hoc
322 3170 386 3207 est,
413 3169 489 3202 sicut
513 3180 616 3210 nuper
627 3169 816 3204 Caelestinus
840 3171 918 3205 reste
939 3170 1106 3205 damnavit

229 3219 421 3255 Nestorium
434 3242 444 3257 ‚
472 3218 516 3251 ita
534 3218 640 3262 &ego
662 3220 742 3252 reste
762 3232 849 3255 nunc
866 3222 988 3256 damno
1008 3222 1107 3264 Euty-

230 3269 359 3305 chetem
373 3293 382 3307 ‚
410 3266 547 3310 ideoque
568 3268 648 3301 ficut
662 3278 739 3302 tunc
752 3281 819 3303 non
839 3271 922 3310 fuit,
948 3272 991 3306 ita
1003 3282 1107 3314 neque

229 3330 320 3355 nunc
343 3318 512 3352 Generalis
543 3316 696 3360 synodus
720 3318 765 3351 est
792 3322 959 3356 necessaria
982 3347 987 3353 .
1017 3322 1106 3355 Sicut

230 3379 310 3404 tunc
321 3380 389 3402 non
412 3369 473 3402 fuit
486 3367 661 3402 Nestorius
673 3391 683 3407 ,
710 3369 755 3402 ita
769 3380 871 3413 neque
894 3383 982 3404 nunc
1005 3372 1104 3414 Euty-

228 3417 306 3455 ches
315 3419 359 3452 est
375 3429 488 3452 comta
500 3418 726 3461 Apostolicam
739 3418 856 3455 Sedem
868 3418 1104 3457 defendendus.

332 3467 440 3510 Christ.
450 3472 529 3511 Lupi
539 3472 639 3511 Opera
651 3471 683 3502 Τ.
699 3473 782 3503 Vm.

1875 158 1897 201 3
1913 160 1930 190 1
1947 161 1968 202 5

1153 225 1234 258 Haec
1243 223 1380 258 breviter
1390 222 1475 258 dista
1486 226 1546 258 lint
1557 251 1568 266 ‚
1594 229 1660 271 qu&
1674 226 1858 264 Paschasius
1874 230 2035 277 Qesnel-

1154 276 1203 308 lus
1215 274 1453 309 demonstretur
1464 274 1549 309 circa
1559 277 1665 313 Sancti
1680 279 1769 315 Petri
1781 280 1952 327 privilegia
1965 281 2035 327 plu-

1155 323 1274 362 timum
1298 324 1433 362 deviare
1448 350 1456 360 .

1157 670 1419 738 Discutiuntur
1446 672 1657 731 Reverendi
1696 679 1825 722 Patris
1850 674 2047 744 Paschaſsi

1239 741 1429 810 Qefhelli
1476 740 1624 806 Affirta
1674 761 1801 792 contra
1850 745 1964 813 neseio

1332 831 1438 882 quem
1471 817 1617 861 exi-miae
1667 814 1873 864 eruditionis

1521 884 1681 933 Virum.

1268 1022 1337 1057 AEc
1358 1025 1432 1058 sunt
1445 1022 1603 1059 Paschafii
1628 1024 1797 1071 Qesnelli
1811 1026 1908 1062 verba
1921 1039 1929 1060 ε
1958 1029 2052 1072 ,Quod

1291 1081 1390 1107 autem
1410 1075 1449 1107 ab
1460 1078 1578 1108 eximtae
1588 1078 1762 1110 eruditionis
1776 1082 1842 1111 viro
1857 1076 2023 1122 suggeritur
2037 1103 2050 1120 ,

1155 1122 1239 1156 leffls
1247 1121 1357 1166 scilicet
1370 1123 1702 1166 constantinopolitana
1714 1128 1816 1167 synodi·
1828 1127 1918 1167 Gestis
1933 1129 2050 1162 adver-

1158 1174 1209 1207 sus
1220 1172 1371 1211 Eutychen
1382 1197 1393 1212 ,
1419 1179 1518 1206 omnia
1525 1173 1562 1213 fic
1573 1176 1593 1205 ἃ
1603 1176 1710 1208 SanHo
1721 1179 1816 1210 Leone
1819 1177 1909 1219 fuisse
1918 1179 2049 1219 probata

1159 1225 1192 1258 θ
1202 1223 1375 1264 confirmata
1385 1247 1395 1262 ,
1421 1229 1454 1255 ut
1463 1222 1504 1255 ab
1517 1224 1676 1256 indicenda
1688 1226 1793 1260 smodo
1807 1229 1950 1261 Gener-ali
1963 1228 2052 1268 abst:-

1161 1279 1224 1306 neri
1235 1272 1338 1306 debere
1359 1271 1497 1315 censuerit
1509 1280 1572 1304 tam
1594 1272 1720 1306 sanctus
1744 1275 1915 1308 Flavianus
1927 1299 1937 1314 ‚
1964 1288 2054 1318 quam

1158 1322 1282 1356 SanHus
1305 1325 1364 1355 Leo
1376 1346 1386 1361 ‚
1408 1329 1483 1363 pace
1501 1327 1604 1362 optimi
1630 1328 1692 1355 viri
1715 1324 1846 1356 dixerim
1858 1349 1868 1364 ,
1894 1326 2051 1369 longtffim3

1159 1375 1181 1406 a
1192 1384 1260 1406 vero
1279 1372 1357 1410 abes}
1368 1397 1376 1405 .
1406 1373 1627 1405 Removendum
1636 1374 1754 1414 quidem
1765 1373 1949 1413 existimavit
1978 1377 2055 1409 Fla-

1161 1429 1274 1458 vianus
1287 1423 1449 1455 Concilium
1460 1447 1471 1462 ‚
1496 1423 1578 1464 quod
1583 1422 1649 1464 fieri
1659 1423 1873 1466 divulgabatur
1888 1449 1898 1464 ‚
1925 1434 1959 1457 ut
1967 1424 2047 1468 scri«

1160 1473 1204 1506 bit
1227 1475 1271 1505 ad
1283 1477 1406 1507 Leonem
1418 1496 1428 1511 ,
1450 1470 1507 1514 sed
1514 1483 1604 1514 quam
1615 1473 1650 1506 ob
1660 1473 1803 1516 causam?
1830 1479 1879 1507 An
1900 1480 1972 1517 quta
1984 1500 1994 1515 ,
2020 1482 2054 1509 ut

1153 1527 1224 1566 jam
1235 1524 1355 1556 laudato
1365 1527 1435 1557 Vtro
1443 1523 1563 1555 videtur
1573 1547 1584 1563 ‚
1612 1531 1734 1565 accepta
1747 1524 1909 1565 Pontificir
1921 1527 2051 1559 Romani

1160 1573 1378 1615 confirmatione
1384 1572 1476 1614 finita
1486 1582 1552 1606 erat
1564 1571 1674 1615 eausa?
1701 1578 1740 1606 At
1751 1575 1870 1608 tantum
1890 1575 1970 1614 abest
1983 1599 1994 1615 ,
2019 1583 2055 1609 ue

1161 1624 1301 1658 sanetum
1313 1627 1440 1656 Leonem
1452 1622 1666 1665 approbantem
1677 1632 1729 1657 aut
1741 1623 1964 1666 confirmantem
1984 1635 2057 1659 tunc

1162 1674 1283 1708 haberet
1296 1676 1469 1707 Flavianus
1479 1698 1490 1714 ,
1516 1682 1548 1706 ut
1555 1679 1654 1714 potius
1665 1699 1676 1714 ‚
1697 1668 1776 1716 pene
1786 1681 1899 1708 tratum
1910 1680 2057 1717 experire·

1163 1736 1212 1759 tur
1224 1749 1235 1764 ‚
1259 1726 1415 1766 propterea
1428 1724 1506 1766 quod
1514 1722 1665 1761 Eutychen
1673 1722 1816 1766 severiori
1824 1723 1974 1767 firmentIa
1985 1749 1995 1764 ‚
2022 1733 2055 1758 ut

1159 1774 1291 1817 putabat
1307 1774 1472 1815 perculerat
1482 1798 1493 1814 ,
1520 1778 1569 1814 qui
1592 1774 1718 1806 statutis
1731 1778 1870 1807 Ntcaenae
1881 1777 1901 1807 5
1896 1776 1985 1812 ynodt
2005 1779 2059 1808 in,

1163 1825 1275 1859 haerere
1287 1825 1449 1857 videbatur
1462 1847 1469 1854 .
1498 1829 1575 1858 Cum
1585 1829 1664 1856 enim
1675 1823 1737 1857 baec
1745 1823 1894 1866 scribebat
1911 1828 1947 1858 de
1973 1827 2058 1858 Con-

1163 1877 1226 1908 cilio
1249 1875 1592 1915 Constantinopolitanus
1605 1874 1730 1915 Antistes
1741 1900 1752 1915 ‚
1781 1875 1928 1913 Gestorum
1951 1876 2055 1909 contra

1164 1924 1312 1962 Eutychen
1324 1925 1509 1963 exemplaria
1521 1925 1653 1956 nondum
1664 1932 1814 1965 acceperat
1826 1926 1951 1957 sunaus
1971 1928 2031 1958 Leo
2047 1950 2059 1965 ,

1164 1983 1218 2006 aut
1224 1971 1335 2016 saltem
1349 1974 1476 2005 nondum
1490 1975 1540 2014 effe
1555 1974 1574 2004 ἃ
1581 1970 1612 2013 se
1621 1981 1740 2014 accepta
1752 1975 1786 2006 et
1796 1975 1961 2015 approbata
1971 1999 1981 2014 ,
2008 1977 2060 2009 vel

1165 2024 1324 2064 reprobata
1345 2021 1537 2065 rescripserat
1548 2047 1559 2063 ‚
1581 2020 1638 2064 sed
1653 2022 1725 2066 solae
1750 2024 1893 2062 Eutychis
1908 2026 2018 2058 litterae
2028 2030 2058 2060 el

1158 2072 1288 2113 fuerant
1300 2073 1428 2104 reddita·
1439 2094 1446 2102 .

1216 2122 1285 2154 Hic
1297 2122 1425 2154 eximiae
1438 2120 1635 2155 eruditionis
1645 2122 1693 2154 vir
1707 2121 1786 2155 reete
1797 2123 1935 2157 affirmat
1958 2124 2061 2165 Euty-

1166 2171 1269 2206 chetis
1292 2172 1418 2204 causam
1432 2181 1563 2214 accepta
1577 2171 1723 2205 Romani
1738 2173 1910 2206 Pontificis
1921 2173 1962 2206 ad
1982 2174 2059 2207 San-

1167 2225 1207 2256 ἑὶι
1226 2221 1376 2255 Flaviani
1401 2221 1572 2262 Synodum
1595 2223 1848 2256 confirmatione
1872 2223 1963 2258 fuiffe
1986 2224 2060 2257 fini-

1168 2283 1233 2306 tam
1247 2296 1254 2304 .
1285 2271 1417 2304 Etenim
1442 2272 1588 2313 loquitur
1609 2282 1684 2305 cum
1706 2274 1826 2306 saneto
1847 2273 2057 2318 Augustino,

1167 2323 1222 2365 qui
1245 2322 1314 2364 post
1343 2320 1635 2364 Carthaginensem
1649 2334 1685 2354 ac
1699 2322 1930 2356 Milevitanam
1943 2334 2059 2361 contra

1168 2373 1343 2414 pelagiana
1355 2372 1511 2414 dogmata
1524 2371 1721 2410 celebratam,
1748 2373 1782 2405 <Sc
1805 2372 2059 2408 ablnuocentio

1168 2423 1273 2464 primo
1284 2421 1450 2453 Pontifice
1463 2421 1673 2453 confirmatas
1686 2421 1841 2462 synodos
1855 2423 1888 2455 in
1903 2423 2060 2457 Sermone

1166 2471 1307 2505 secundo
1332 2470 1373 2503 de
1398 2469 1500 2502 verbis
1524 2470 1882 2511 Apostolideclamavit
1903 2471 1943 2504 ad
1967 2474 2059 2508 suum

1166 2520 1349 2563 Populum:
1375 2522 1470 2551 Roma
1493 2518 1648 2560 Rescripta
1669 2530 1816 2552 venerunt
1831 2545 1840 2559 ,
1868 2521 1955 2563 causa
1963 2521 2056 2562 finita

1164 2572 1219 2611 est.
1248 2570 1380 2611 Propter
1397 2568 1510 2603 eadem
1535 2569 1698 2612 Rescripta
1717 2595 1725 2608 ,
1749 2571 1909 2613 simulque
1928 2582 2057 2615 propter

1167 2623 1321 2655 famoiam
1343 2620 1474 2653 Zozimi
1500 2618 1669 2653 Pontificis
1682 2619 1910 2659 Tmstoriam,
1937 2623 1971 2655 in
1995 2624 2058 2664 pri-

1167 2684 1222 2705 mo
1248 2670 1287 2703 ad
1300 2670 1453 2704 Sanctum
1474 2668 1595 2713 Papam
1609 2670 1820 2704 Bonifacium
1835 2670 1918 2704 libro
1938 2672 2057 2714 scripsit

1166 2722 1285 2755 eisdem
1309 2720 1495 2764 Pelagianis
1519 2732 1586 2753 non
1600 2721 1660 2753 effe
1672 2720 1859 2762 sperandam
1873 2730 1929 2755 aut
1949 2723 2058 2765 postu-

1169 2772 1297 2805 landam
1309 2770 1479 2804 Generalis
1493 2768 1616 2812 Synodi
1631 2770 1833 2804 audientiam
1848 2796 1859 2811 ‚
1887 2771 1939 2805 sed
1953 2772 2057 2808 solam

1168 2823 1280 2856 restare
1303 2821 1550 2863 poenitentiam.
1581 2819 1683 2854 Porro
1706 2832 1757 2856 an,
1776 2822 1917 2855 eximius
1940 2822 1995 2856 ille
2008 2824 2056 2856 vir

1167 2874 1276 2906 afferat
1293 2895 1303 2910 ‚
1331 2870 1419 2913 quod
1444 2872 1576 2905 Sanstus
1596 2870 1770 2904 Flavianus
1794 2895 1805 2910 ‚
1833 2871 1911 2905 dum
1935 2874 2055 2907 Sansto

1168 2923 1272 2955 Leoni
1288 2920 1425 2963 priorem
1438 2920 1632 2954 relationem
1643 2921 1740 2959 fecit,
1768 2919 1920 2955 habuerit
1943 2934 2056 2964 appro-

1169 2973 1300 3005 bantem
1324 2980 1380 3003 aut
1391 2971 1642 3004 confirmantem
1666 2970 1883 3011 Pontificem,
1914 2971 2052 3015 ignoro.

1169 3024 1198 3055 Si
1215 3023 1325 3056 asserat
1340 3044 1350 3059 ‚
1376 3021 1421 3054 est
1436 3021 1558 3063 lapsus.
1584 3019 1718 3053 Interim
1740 3021 1840 3055 etiam
1868 3021 2054 3060 Reverendi

1169 3072 1272 3104 Patris
1282 3069 1440 3103 paschasii
1466 3071 1639 3118 Qesnelli
1665 3070 1789 3104 Asterta
1806 3082 1872 3104 non
1885 3082 2057 3106 carenter·

1168 3122 1294 3156 roribus
1319 3145 1327 3152 .
1357 3120 1485 3154 Primus
1508 3121 1552 3153 est
1575 3145 1585 3160 ‚
1613 3122 1701 3163 quod
1724 3121 1858 3155 Sanctus
1879 3123 2053 3156 Flavianus

1170 3184 1235 3205 non
1250 3171 1409 3205 censuerit
1431 3181 1485 3214 per
1499 3170 1653 3212 Papalem
1669 3171 1729 3204 suae
1741 3172 1866 3214 Synodi
1880 3173 2054 3206 confirma·

1170 3222 1294 3256 tionem
1320 3222 1406 3263 posse
1417 3232 1473 3255 aut
1495 3220 1610 3254 debere
1621 3220 1772 3255 abstineri
1796 3223 2053 3264 aGeneraliSy-

1171 3272 1258 3306 nodo
1279 3298 1285 3304 .
1316 3270 1451 3304 Etenim
1475 3271 1570 3304 verba
1598 3270 1664 3313 ejus
1689 3272 1760 3305 sunt
1784 3272 1892 3310 lucida
1919 3285 1925 3304 :
1952 3270 2051 3314 Causa

1167 3331 1227 3364 eget
1235 3321 1412 3365 solummodo
1425 3320 1517 3359 vestro
1526 3319 1632 3362 solatio
1640 3345 1651 3361 ,
1679 3323 1770 3363 atque
1794 3321 1976 3363 defenfione.
2003 3324 2051 3354 sic

1167 3372 1362 3405 removebitur
1384 3372 1418 3405 <5
1437 3372 1601 3404 Concilium
1622 3394 1633 3410 ‚
1662 3372 1739 3412 quod
1763 3371 1831 3414 fieri
1852 3371 2028 3414 divulgatur
2042 3394 2050 3402 .

1167 3422 1298 3458 Sanstus
1308 3421 1481 3457 Flavianus
1493 3420 1615 3456 viderat
1626 3431 1760 3461 omnem
1775 3420 1919 3455 Nestorii
1935 3429 2052 3462 tragoe-

1590 3470 1624 3505 D
1650 3469 1670 3503 d
1721 3482 1744 3508 2
1894 3468 2001 3504 diam.
