2326 3718
686 132 971 179 Romanis
1006 122 1587 177 Appmmnomnus.
1891 144 1987 189 139

230 204 517 261 ietnitanus3'Leo
530 215 683 254 Nolenfis
697 229 755 259 ‚ac
767 215 921 252 Rusticus
935 215 1112 251 Fesulanus
1129 229 1133 235 ·
1169 212 1325 249 conditos
1338 235 1349 252 ,
1371 212 1406 249 δε
1424 211 1444 246 a
1466 212 1660 247 Gaudentio
1682 215 1872 261 Illyriciano
1892 214 2059 261 Episcopo

234 273 434 317 Episcopus.
460 270 531 318 Qi
542 270 641 304 etiam
653 281 729 304 cum
742 268 811 312 ipso
821 265 910 310 Papa
922 268 1125 312 manserunt·
1173 263 1372 309 postulatos,
1399 262 1540 310 ideoque
1560 263 1602 297 de
1623 275 1773 308 perpetua
1798 269 1941 311 ipsorum
1964 268 2060 302 isthic

234 321 552 364 Constantinopoli,
563 321 596 355 ὃς
609 319 679 364 post
691 320 759 363 ejus
769 326 909 351 mortem
921 317 1113 351 adsederunt
1172 314 1379 350 observantia
1403 324 1471 348 non
1498 313 1587 357 posie
1608 313 1768 349 dubitari.

233 371 371 416 Synodo
389 371 525 406 Mennae
535 367 748 408 Patriarchae,
768 369 897 402 executi
921 366 1112 405 sententiam

232 421 380 467 Agapeti
411 431 527 457 contra
564 418 694 456 Pseudo
704 437 717 446 -
727 416 948 454 Patriarcham
989 417 1113 452 Anthi-

232 483 324 509 mum
337 497 348 504 .
375 472 420 506 Et
442 471 522 507 hinc
539 472 695 507 discimus
706 469 852 514 Legatos
873 469 952 503 istos
962 478 1029 501 non
1041 478 1114 511 pro-

231 533 305 567 pter
313 521 518 559 Anthitnum
531 521 620 556 ivisse
631 521 667 554 in
678 520 821 564 Regiam
834 520 1000 554 civitatem
1011 540 1021 551 .
1045 516 1116 553 Ive—

231 584 308 610 runt
318 574 409 608 enim
423 572 530 608 adhuc
541 571 671 605 vivente
683 569 871 614 Epiphanio
883 594 893 602 .

267 625 320 658 in
332 621 721 666 eademadJustinianum
730 620 865 664 epistola
876 619 1044 665 Agapetus
1055 627 1115 651 nos
1126 609 1128 613 ⁵

227 673 332 709 *docet
350 675 387 713 ,δε
396 667 694 709 πΙὶεισιῙζοτηεηειιη
706 682 747 704 ex
759 671 900 714 Illyrico.
914 667 1112 713 appellatio-

231 736 310 760 nem
334 748 345 765 ‚
371 733 507 768 pergens
527 722 567 756 de
588 731 772 756 memorato
796 719 953 754 Achille:
980 723 1019 751 At
1042 719 1117 751 vero

232 776 272 809 de
280 774 446 810 sacerdotio
452 772 637 817 perfruendo
645 795 656 813 ‚
677 780 745 808 cum
754 771 799 804 ad
805 781 856 802 nos
868 767 1013 812 universa
1024 793 1034 809 ,
1048 779 1116 810 quae

232 828 341 868 Legati
357 823 446 865 nostri
463 827 674 867 cognoverint,
699 822 861 865 plonifflma
881 830 980 854 eorum
994 818 1116 861 fuerint

231 876 373 908 relatione
388 872 536 919 perlata,
557 871 749 914 confideratis
766 869 938 914 fimi‘lorum
962 874 1118 902 Canonum

233 926 357 968 Regalis
369 947 381 964 ‚
403 935 483 966 quas
488 924 609 966 servari
621 926 789 965 praecipitis
803 944 819 960 5
836 919 991 962 sequenda
1003 917 1119 959 firmius

226 973 428 1016 tens'ebuntur
438 989 459 1006 ..=
470 973 567 1014 ,Quod
579 979 682 1003 autem
691 972 861 1004 Clementia
882 967 982 1008 vestra
995 971 1120 1003 Fratris

232 1027 268 1058 Θ·
280 1021 477 1064 Co-Eptscopi
498 1019 588 1066 nostrl
597 1019 771 1062 Epiphanit‘
780 1020 909 1062 dignata
930 1017 970 1057 est
981 1015 1119 1059 excusare
1133 1055 1135 1057 Ι

227 1070 406 1115 personam,
431 1076 505 1112 qula
513 1076 548 1105 in
553 1070 699 1114 praedic‘lt
715 1068 840 1103 Achillis
850 1066 1063 1112 consecratione
1074 1079 1123 1100 ve·

225 1120 485 1163 firapotiusjufflo
494 1144 506 1160 ‚
529 1131 623 1163 quam
642 1121 724 1154 illius
735 1120 887 1155 ordinatio
904 1118 1097 1161 praevensffet
1111 1140 1121 1156 ‚

229 1172 376 1206 oredimus
386 1171 468 1213 quod
488 1172 525 1206 ὠ·
535 1169 598 1213 ipse
607 1169 777 1214 cognoveris
786 1171 857 1210 jure
871 1169 1021 1211 culpatum
1036 1191 1047 1209 ,
1074 1172 1125 1210 qui

229 1230 345 1264 praetcr
362 1222 429 1255 alta
438 1232 509 1264 quae
532 1222 656 1263 deliquit
666 1244 677 1259 ,
700 1219 753 1254 hoc
763 1221 840 1253 certe
858 1218 994 1262 excuſsare
1005 1224 1063 1251 vix
1073 1226 1125 1259 po-

230 1278 306 1308 vterit
317 1295 328 1312 ,
353 1273 434 1314 quod
450 1279 514 1304 tam
536 1272 657 1313 pixffimo
679 1272 713 1304 eb·
722 1271 941 1311 Clementisfimo
967 1272 1102 1310 Princtpr
1114 1292 1124 1307 ‚

231 1324 327 1357 Beati
347 1333 460 1364 quoque
482 1324 567 1355 Petri
586 1322 752 1365 privilegia
774 1320 968 1364 defensanti,
994 1329 1052 1352 non
1076 1318 1129 1352 vel

231 1373 399 1414 opportune
409 1369 579 1414 suggeffbrit
588 1395 598 1411 ,
624 1373 700 1413 quid
709 1377 743 1405 tn
753 1370 810 1403 bac
816 1378 910 1412 parte
920 1373 940 1402 5
941 1370 1005 1402 edis
1016 1368 1126 1410 Apollo-

231 1422 299 1456 chae
321 1427 499 1455 reverentiae
520 1420 693 1455 deberetur.
722 1417 902 1464 Epiphanii
924 1419 1041 1454 delicta
1061 1418 1126 1452 huc

228 1473 334 1512 usque
347 1471 572 1515 ignoravimus
584 1495 591 1503 .
620 1470 669 1504 Ea
679 1470 900 1507 addidicimus
911 1481 952 1504 ex
963 1467 1127 1504 Bonifacii

227 1519 373 1555 :secundi
392 1519 569 1555 Pontificis
591 1520 746 1556 Romana
767 1520 905 1561 synodo
925 1544 936 1559 ,
964 1517 1128 1561 publicata

231 1581 295 1614 per
307 1570 495 1611 Dominum
507 1571 635 1604 Lucam
653 1570 871 1605 Holsienium
883 1594 890 1601 .
917 1570 1063 1602 Fuerunt
1074 1578 1128 1601 ex·

233 1620 338 1654 cessus
359 1621 396 1653 in
407 1619 578 1662 myricum
591 1633 602 1652 :
630 1620 664 1653 in
686 1618 920 1655 patriarchalia
944 1615 1041 1651 isthic
1061 1618 1127 1660 jura

234 1669 400 1704 Romanae
422 1668 589 1703 Ecclesiae.
619 1667 826 1711 Epiphanius
847 1669 958 1711 itaque
970 1666 1043 1703 sola
1052 1666 1130 1700 isto-

235 1729 314 1753 -rum
325 1718 564 1763 Episcoporum
578 1719 693 1763 praevia
705 1717 960 1752 confirmatione
971 1727 1039 1751 non
1053 1726 1132 1750 con-

235 1777 350 1803 tentus
369 1769 484 1803 invasit
510 1769 612 1802 etiam
638 1768 922 1802 consecrationem
948 1791 956 1799 .
985 1767 1030 1801 Et
1060 1764 1129 1810 qud

235 1818 407 1853 obtineret
430 1840 442 1858 ,
466 1818 486 1852 a
506 1817 757 1862 circumscripto
782 1818 968 1863 Justiniano
993 1816 1129 1851 extorsit

235 1869 362 1904 sacram
372 1868 543 1913 juffionem
557 1893 564 1901 .
587 1868 666 1911 Ejus
676 1870 793 1913 vigore
802 1867 1004 1903 consecravit
1018 1867 1129 1900 nescio

238 1920 297 1954 cui
317 1918 501 1955 Provinciae
528 1918 701 1953 &civitati
723 1916 893 1953 Achillem
908 1944 915 1952 .
942 1917 1012 1950 Hic
1034 1916 1129 1961 poffit

236 1969 335 2006 ruisse
356 1979 440 2004 unus
457 1981 500 2003 ex
525 1979 667 2013 quatuor
677 1968 820 2012 Scythiae
839 1965 1041 2006 Monachis,
1071 1967 1128 2010 qui

244 2020 308 2053 tria
328 2020 452 2054 famosa
465 2019 622 2063 Capitula
644 2018 832 2053 detulerunt
851 2019 892 2052 ad
915 2017 1130 2052 Hormisdam

244 2066 469 2109 Pontificem,
492 2069 528 2102 dc
548 2069 690 2111 ipsorum
717 2069 948 2112 Apostolicam
973 2066 1131 2110 approba·

238 2118 371 2151 sionem
388 2118 522 2151 tandem
543 2117 758 2151 obtinuerunt
779 2119 798 2151 ὲ
819 2118 946 2161 Joanne
966 2117 1130 2151 secundo,

239 2165 349 2202 Erant
370 2166 459 2201 enim
480 2167 565 2211 grati
592 2168 626 2201 δε
650 2166 831 2209 Iustiniano
860 2167 894 2201 ἀ
917 2165 1108 2209 Epiphanio
1122 2190 1130 2197 .

244 2215 403 2262 Qisquis
413 2218 512 2251 fuerit
524 2240 535 2256 ‚
561 2216 780 2259 Metropolim
792 2226 848 2250 aut
859 2215 1132 2252 Thessalonicen-

239 2265 282 2298 fis
302 2264 455 2300 Vicarius
474 2276 545 2301 non
566 2264 707 2299 dormiit
726 2279 739 2299 .·
766 2267 933 2300 lntrusum
955 2265 1130 2299 hominem

239 2314 451 2358 Synodaliter
461 2315 824 2349 excommunicavitac
844 2314 1053 2359 degradavit.
1084 2315 1134 2348 Et.

241 2364 299 2398 ille
321 2365 467 2399 Romam
484 2364 613 2399 accessit
635 2377 712 2399 cum
740 2365 855 2410 Regiis
877 2364 996 2400 litteris
1021 2388 1032 2405 ,
1059 2375 1130 2408 quae

241 2425 378 2450 ornnem
399 2415 562 2449 excessum
577 2414 619 2449 ab
637 2413 827 2458 Epiphanio
846 2413 1081 2449 transferebant
1095 2415 1129 2449 in

241 2464 431 2508 Principem
442 2483 460 2505 ,2
479 2464 667 2508 allegabant
686 2464 926 2507 simplicitatem
950 2465 984 2498 δε
996 2465 1130 2499 circum·

242 2515 477 2558 scriptionem3
500 2514 690 2558 reparabant
700 2513 769 2557 jura
780 2515 941 2549 Romanae
954 2514 1103 2549 Ecclefiae
1118 2538 1130 2556 ‚

242 2566 279 2599 ὅ(
292 2563 421 2599 Achilli
447 2564 578 2598 veniam
591 2588 602 2605 ,
628 2565 902 2599 communionem
915 2589 925 2605 ‚
951 2564 1130 2609 &gradum

241 2626 284 2649 ex
295 2614 400 2662 gratia
411 2614 654 2658 supplicabant.
682 2613 808 2648 Verum
821 2614 992 2660 Agapetus
1003 2615 1132 2649 intelle-

242 2665 294 2699 xit
306 2663 494 2699 machinam
507 2679 521 2698 .·
531 2664 882 2711 Propterlmperatoris
896 2676 1006 2709 preces
1017 2663 1132 2700 Achil·

244 2716 269 2751 li
289 2715 562 2749 communionem
584 2715 747 2756 reddidit,
773 2715 891 2760 gradus
909 2715 1131 2759 causamjussit

244 2764 375 2810 plenius
393 2766 557 2800 reerastari
581 2776 635 2809 per
663 2766 735 2799 suos
757 2766 899 2811 Legatos
920 2789 929 2798 .
957 2764 1132 2801 Adducere

223 2851 230 2855 ,
245 2816 361 2859 poffim
377 2815 479 2850 etiam
495 2814 631 2858 Joannis
641 2815 872 2858 Nicopolitani
890 2816 1066 2861 Episcopi,
1077 2827 1132 2860 per

250 2874 392 2901 veterem
403 2867 553 2910 Epyrum
564 2866 807 2909 Metropolitae,
836 2865 1000 2908 Thomae,
1029 2867 1133 2902 Nico-

248 2913 358 2956 strati,
379 2917 419 2950 ὅ(
432 2916 565 2950 alterius
587 2916 723 2960 joannis
743 2915 783 2950 ad
799 2916 1031 2957 Hormisdam,
1055 2916 1133 2951 alio·

250 2974 386 3008 rumque
399 2967 432 3000 in
446 2966 582 3010 Illyrico
595 2967 832 3011 Episcoporum
846 2966 887 3000 ad
898 2967 979 3001 alios
992 2967 1131 3001 Pontifi-

245 3023 302 3046 ces
312 3015 577 3056 appellationem:
589 3016 713 3052 Verum
727 3017 864 3053 adducta
877 3017 1026 3062 exempla
1034 3016 1135 3052 abun-

251 3062 296 3100 de
309 3063 485 3100 sufficiunt.

300 3112 377 3149 Scio
396 3116 508 3150 omnia
528 3116 593 3153 haec
605 3118 754 3163 exempla
777 3119 840 3154 effe
853 3118 1053 3154 Innocentio
1074 3118 1135 3161 pri-

250 3174 308 3197 mo
320 3164 497 3208 posteriora
507 3189 519 3206 ,
530 3198 533 3199 γ
545 3167 685 3213 ideoque
695 3170 801 3204 forsan
823 3171 968 3204 futurum
980 3194 990 3210 ‚
1018 3180 1054 3203 ut
1066 3169 1139 3204 Do-

249 3214 331 3247 mini
343 3213 429 3248 Petri
439 3215 484 3249 Jde
496 3215 607 3251 Μαι-εει
617 3219 799 3262 Symmistae
808 3222 855 3255 eis
866 3220 1053 3263 obstrepant
1066 3244 1077 3261 ‚
1103 3220 1136 3253 ὅ(

249 3274 413 3298 conentur
426 3265 538 3300 rodere
549 3291 556 3298 .
584 3267 646 3302 Sed
657 3270 721 3304 sine
737 3269 971 3305 fundamento.
999 3270 1135 3305 Etenim

248 3314 362 3353 omnia
370 3312 634 3361 haud-quaquam
647 3319 720 3353 sunt
730 3320 835 3362 prima
846 3322 892 3355 sui
906 3320 1035 3366 generis
1046 3344 1057 3361 ,
1083 3318 1136 3355 sed

251 3363 317 3398 fere
330 3364 454 3410 singula
468 3367 612 3401 clamant
625 3367 666 3404 ad
674 3369 842 3413 antiquam
853 3372 1135 3405 consuetudinem.

253 3414 348 3451 Hinc
358 3425 468 3461 repeto
480 3416 682 3453 Sardicenses
694 3419 848 3454 Canones
869 3421 931 3455 effe
954 3421 987 3454 in
1001 3421 1136 3463 lllyrico

1796 320 1890 366 Qid
1910 329 2061 354 memoro

1176 366 1280 400 solum
1303 363 1560 399 Gaudentium?
1586 363 1685 406 Ipsius
1705 366 1895 402 Sardicenfis
1915 370 2061 404 civitatis

1176 417 1356 459 Episcopus
1376 413 1582 460 Protogenes
1598 413 1663 449 fuit
1673 415 1772 451 Hofii
1785 416 1925 452 Praesidis
1943 419 1977 453 in
1990 426 2064 455 om-

1176 466 1270 504 nibus
1293 464 1447 507 adjutor,
1474 466 1524 500 uti
1547 465 1667 500 Sansto
1689 465 1821 509 Cyrillo
1843 468 1878 501 in
1902 468 2063 511 Ephefina,

1175 516 1313 560 Synodo
1335 517 1499 550 Memnon
1526 514 1702 561 Ephesius,
1730 516 1827 552 Hinc
1853 517 1902 550 uti
1928 530 2063 554 omnem

1178 569 1265 601 suam
1279 566 1400 604 rabiem
1412 566 1551 612 joannis
1563 565 1767 603 Antiocheni
1787 567 1900 601 Fastio
1925 579 1992 601 non
2017 570 2064 601 so-

1178 617 1246 651 lum
1269 618 1303 650 in
1326 617 1447 659 istum,
1473 617 1526 651 sed
1550 617 1586 651 .&
1604 618 1637 651 in
1651 616 1934 660 huneprofudit,
1961 617 2006 651 ita
2030 618 2066 651 δε

1180 665 1370 701 Eusebianae
1396 667 1565 703 Fastionis
1593 666 1955 713 Philippo-Politanum
1978 667 2068 701 Con-

1180 717 1383 752 venticulum
1395 728 1509 751 omnes
1522 717 1570 752 sui
1581 718 1698 753 furoris
1711 717 1852 752 habenas
1864 716 1986 754 laxavit
1999 728 2068 752 non

1181 767 1215 800 in
1237 766 1342 800 solum
1367 768 1532 808 Hosium,
1559 768 1614 801 sed
1641 769 1674 801 δι’.
1700 768 1735 803 in
1757 769 1997 812 protogenem.
2026 768 2070 803 Et

1182 816 1245 850 hoc
1257 816 1302 850 ob
1316 817 1485 852 Romanas
1500 817 1737 860 appellationes
1748 840 1759 858 ‚
1784 817 1830 852 ob
1841 818 2010 861 probatam
2036 816 2072 851 δε

1183 866 1355 901 stabilitam
1369 893 1380 908 ,
1406 879 1504 912 quam
1519 868 1623 912 Julius
1642 867 1805 902 Pontifex
1825 869 1969 909 fecerat,
1994 867 2074 904 San-

1183 917 1225 950 &i
1242 916 1438 960 Athanasii,
1464 918 1617 953 Marcelli
1643 918 1840 963 Ancyrani,
1866 918 2074 961 aliorumque

1183 966 1427 1007 Orientalium,
1452 969 1514 1011 qui
1541 968 1684 1004 Romam
1712 968 1970 1012 appellaverant,
2001 969 2077 1014 Epi-

1186 1017 1356 1058 scoporum
1377 1018 1620 1053 restitutionem
1642 1043 1652 1050 .
1678 1019 1723 1054 Et
1742 1018 1789 1053 ob
1809 1019 1971 1062 susceptos
1994 1016 2077 1051 alios

1184 1065 1400 1110 appellantes.
1431 1067 1514 1101 Non
1537 1067 1583 1100 ob
1601 1068 1699 1102 aliam
1710 1070 1840 1103 causam
1853 1094 1860 1102 .
1889 1068 2078 1103 Audiamus

1188 1115 1284 1150 verba
1311 1116 1571 1151 Conventiculi:
1600 1121 1677 1150 Cum
1701 1121 1874 1161 venissemus
1901 1119 2079 1160 sardicam,

1186 1166 1344 1200 didicimus
1356 1172 1388 1199 in
1402 1167 1501 1199 media
1515 1165 1641 1207 Ecclesia
1657 1167 1848 1207 Athanasium
1862 1193 1872 1208 ,
1884 1169 2079 1208 Marcellum,

1187 1218 1221 1251 Θ
1234 1217 1306 1250 alios
1315 1215 1471 1260 sceleratos
1484 1216 1608 1249 Concilit'
1617 1216 1798 1250 Orientalis
1808 1215 1956 1259 sententia
1963 1218 2080 1261 pulsu,

1188 1268 1223 1300 s&
1235 1269 1335 1300 merito
1341 1266 1469 1310 fingulos
1486 1274 1541 1308 pro
1551 1264 1616 1309 suls
1633 1266 1820 1307 facinoribut
1829 1268 2055 1308 praednmnatos
2068 1290 2081 1307 ,

1187 1328 1253 1350 cum
1273 1316 1355 1359 Hosto
1380 1319 1415 1351 (¹5
1441 1319 1603 1363 Protogene
1607 1314 1710 1359 sedere
1721 1316 1811 1358 simul
1820 1341 1830 1357 ‚
1860 1319 1893 1351 et
1906 1316 2082 1360 dtsputaere,

1192 1368 1226 1402 sb·
1236 1368 1316 1409 quod
1326 1368 1454 1400 deterius
1465 1366 1506 1406 est
1520 1391 1531 1407 ‚
1551 1370 1671 1400 Divina
1679 1366 1825 1401 celebrare
1834 1366 1980 1406 mysteria.
2007 1369 2084 1400 Pro-

1190 1427 1308 1460 togenes
1330 1418 1466 1450 sardices
1498 1415 1663 1459 Episcopus
1675 1429 1733 1451 non
1749 1417 1985 1459 confundebatur
2010 1427 2086 1450 com-

1190 1473 1340 1501 municare
1354 1468 1490 1500 Marcello
1508 1471 1675 1509 Haerettw,
1699 1470 1785 1508 cujus
1810 1467 1971 1501 &seuam
1996 1468 2087 1500 &re-

1187 1516 1314 1559 probum
1331 1516 1450 1561 sensum
1466 1523 1592 1559 propria
1604 1529 1673 1552 voce
1697 1516 1757 1561 ipsi·
1770 1520 1991 1552 damnaverat.
2020 1517 2087 1550 Ex·

1194 1576 1323 1610 ponunt
1350 1567 1528 1611 propositas
1555 1567 1574 1600 ὲ
1601 1568 1632 1601 se
1655 1569 1740 1602 circa
1763 1567 1933 1602 Athanasii
1954 1569 2087 1602 causam

1193 1617 1424 1656 conditiones,
1451 1617 1484 1650 δε
1501 1626 1659 1659 pergunt:
1690 1623 1778 1651 Hanc
1788 1624 1931 1658 optionem
1955 1620 1975 1650 ἃ
1999 1617 2086 1650 nobis

1189 1665 1364 1708 propositam
1377 1665 1474 1706 Hosius
1502 1670 1535 1699 (τ
1548 1670 1718 1710 Protogenes
1724 1666 1873 1710 suscipere
1893 1674 2058 1701 timuerunt
2072 1690 2083 1699 .

1194 1714 1340 1757 Immensa
1351 1724 1450 1748 autem
1460 1715 1640 1755 confluxerat
1653 1719 1806 1749 §ardicam
1824 1718 1981 1749 multitudo
1999 1716 2087 1758 scele-

1193 1775 1326 1798 ratorum
1338 1765 1468 1797 omnium
1493 1775 1527 1797 ac
1534 1764 1723 1805 perditorum
1736 1790 1743 1796 .
1771 1771 1812 1799 Et
1822 1778 1868 1799 eos
1881 1777 1978 1799 omnes
1986 1765 2086 1808 secum

1192 1813 1504 1856 collec‘losbabuerunt
1516 1813 1615 1855 Hosius
1642 1816 1676 1848 ὁ·
1692 1818 1864 1859 Protogenes
1881 1840 1891 1856 ‚
1916 1814 2019 1859 eosque
2038 1815 2088 1848 ho·

1194 1875 1334 1899 norames
1346 1890 1357 1905 ‚
1385 1877 1438 1899 nos
1451 1865 1620 1898 sacerdotes
1634 1868 1691 1898 Dei
1701 1864 1903 1909 despiciebant
1916 1891 1926 1906 ‚
1952 1872 2024 1909 quta
2036 1876 2088 1899 nee

1193 1915 1251 1959 ipsi
1259 1915 1431 1948 volebamus
1442 1914 1557 1948 talibus
1570 1917 1730 1958 aliquando
1741 1919 1876 1960 tonjungi
1888 1941 1895 1948 .
1924 1918 1973 1949 Hi
1992 1916 2093 1955 secie-¹

1195 1967 1255 2000 rati
1283 1966 1317 1999 ὅτ,
1332 1965 1553 2008 perditierant
1565 1965 1758 2000 Orthodoxi
1777 1966 1931 2010 Episcopi
1957 1968 1992 2000 ὅ(
2013 1966 2090 1999 Cle-

1195 2016 1253 2049 rici
1269 2039 1280 2055 ,
1308 2016 1363 2059 qui
1377 2028 1432 2060 pet
1444 2016 1636 2050 Faffionem
1651 2016 1744 2050 istam
1758 2017 1927 2062 degradati
1943 2016 2089 2051 Romam

1195 2066 1436 2109 appellaverant
1447 2088 1458 2106 ‚
1483 2066 1516 2099 ὅς
1530 2065 1547 2099 ὲ
1562 2066 1650 2108 Julio
1665 2067 1830 2101 Pontifice
1842 2067 1985 2101 revestiti
1996 2075 2089 2101 erant

1197 2116 1363 2149 Sardicam
1387 2115 1472 2149 miffi
1485 2114 1526 2148 ad
1541 2117 1672 2158 plenam
1693 2117 1755 2149 suae
1772 2118 1871 2151 causae
1891 2117 2091 2152 retrastatio-

1198 2175 1272 2199 nem
1284 2190 1292 2198 .
1319 2165 1383 2198 Sua
1395 2165 1431 2199 in
1443 2164 1528 2207 ipsos
1539 2165 1661 2207 judicia
1673 2166 1723 2199 illi
1736 2167 1890 2201 volebant
1901 2168 1964 2201 esse
1983 2169 2090 2211 supre-

1198 2227 1250 2249 ma
1261 2238 1272 2255 ‚
1301 2215 1442 2260 ideoque
1454 2224 1509 2258 per
1521 2215 1645 2258 Julium
1659 2226 1728 2250 non
1742 2218 1882 2260 potuisse
1894 2228 1951 2251 eos
1964 2218 2091 2251 revesti-

1196 2266 1221 2298 ri
1249 2289 1257 2297 .
1282 2266 1378 2299 Hinc
1398 2264 1603 2302 concludunt
1631 2277 1639 2298 :
1665 2271 1733 2299 Nos
1758 2272 1838 2302 enim
1863 2270 1979 2301 omnino
2000 2269 2089 2307 illis,

1202 2314 1311 2349 Hofio
1335 2313 1563 2358 &Protogeni
1577 2339 1589 2355 ‚
1612 2321 1823 2350 communicare
1845 2319 1988 2350 noluimus
2001 2342 2011 2357 ,
2037 2313 2095 2357 niss

1195 2376 1241 2397 eos
1256 2389 1267 2403 ,
1292 2376 1366 2408 quos
1391 2365 1609 2399 damnavimus
1634 2390 1645 2406 ,
1668 2367 1848 2410 projeciffent
1870 2391 1881 2407 ‚
1909 2369 1942 2401 (5
1965 2368 2092 2410 dignum

1194 2414 1329 2449 honorem
1341 2416 1469 2448 Concilio
1480 2419 1615 2449 Orientis
1627 2416 1808 2450 tribuerent.
1842 2418 1877 2451 H
1881 2429 1918 2451 ac
1941 2417 1982 2451 de
1992 2417 2091 2451 causa.

1194 2466 1348 2509 fugerunt
1359 2464 1624 2507 Philippopolim
1634 2489 1645 2504 ,
1673 2467 1709 2500 δε
1720 2467 1789 2500 illic
1800 2467 1944 2501 Hosium
1956 2479 1995 2500 ac
2008 2467 2091 2500 Pro-

1194 2525 1347 2559 togenem
1363 2538 1374 2554 ,
1400 2514 1450 2547 uti
1466 2513 1574 2557 quinti
1593 2513 1725 2548 Nicaeni
1740 2515 1889 2549 Canonis
1909 2516 2091 2560 praevarica-

1194 2575 1278 2599 tores
1293 2588 1305 2605 ‚
1331 2564 1366 2597 in
1383 2563 1457 2597 libri
1482 2564 1530 2597 sui
1541 2563 1650 2607 capite
1662 2564 1967 2600 condemnaverunt
1980 2591 1987 2598 .

1241 2614 1417 2650 Sat-dicensi
1429 2613 1589 2648 Concilio
1601 2613 1701 2649 etiam
1717 2614 1824 2650 adfuit
1843 2614 1960 2650 AEtius
1981 2615 2091 2651 Thes·

1193 2665 1401 2700 salonicensis
1412 2663 1727 2708 Archi-Episcopus:
1743 2666 1786 2700 Et
1799 2665 1995 2701 Canonibus
2018 2678 2090 2702 non

1194 2714 1403 2750 solummodo
1423 2713 1624 2757 subscripsit,
1652 2713 1704 2748 sed
1729 2715 1763 2749 dc
1786 2716 1903 2750 illustri
1925 2718 1986 2751 suae
2005 2718 2085 2751 civi-

1193 2766 1253 2801 tati
1275 2765 1424 2802 obtinuit
1450 2763 1573 2800 illustre
1597 2765 1805 2810 privilegium
1828 2790 1836 2798 .
1862 2767 1997 2811 Insuper
2021 2767 2088 2810 ipse

1194 2817 1337 2852 succesfit
1347 2814 1564 2859 Eutychiano
1588 2827 1627 2849 ac
1640 2815 1778 2857 Museo,
1806 2818 1863 2860 qui
1885 2817 1928 2851 de
1949 2817 2009 2851 ista
2023 2819 2085 2852 Ca·

1192 2867 1307 2902 thedra
1323 2866 1532 2910 litigaverant
1546 2890 1558 2906 ,
1583 2866 1617 2900 &
1628 2865 1674 2899 ob
1685 2867 1850 2910 utriusque
1860 2867 2029 2901 electionis
2041 2867 2087 2900 vi-

1196 2919 1278 2952 tium
1291 2919 1420 2952 fuerant
1433 2915 1534 2951 ambo
1543 2917 1671 2951 extrusi.
1696 2916 1930 2951 Dubitandum
1945 2929 2012 2951 non
2026 2917 2084 2959 est,

1195 2969 1275 3012 quin
1288 2967 1388 3002 istam*
1399 2966 1492 3001 litem
1519 2975 1576 3000 aut
1587 2967 1718 3001 alterins
1730 2977 1785 2999 aut
1797 2967 1964 3010 utriusque
1977 2967 2087 3011 appel-

1197 3017 1276 3053 latio
1290 3018 1435 3053 Romam
1446 3016 1649 3057 devolverit‚
1676 3027 1777 3059 atque
1801 3016 1847 3051 ita
1869 3016 1972 3060 ipsam
1993 3017 2084 3052 dire-

1199 3068 1437 3104 meritSanCtus
1447 3067 1571 3111 Julius.
1600 3066 1689 3101 Nam
1714 3068 1749 3100 ὃς
1769 3065 1834 3101 litis
1854 3066 2007 3112 reliquias
2025 3067 2081 3102 ab·

1198 3119 1295 3155 solvit
1307 3117 1499 3153 Sardicensis
1510 3116 1683 3159 synodus:
1709 3116 1813 3151 Hand
1824 3115 1922 3152 dubie
1934 3129 1978 3153 ex
1989 3129 2082 3152 manv

1189 3171 1276 3205 dato
1287 3167 1432 3212 ejusdem
1451 3167 1548 3212 Julii.
1577 3165 1764 3212 Legitimus
1774 3167 1864 3202 AEtii
1888 3170 2083 3203 Anteceffor

1195 3222 1260 3256 fuit
1284 3228 1425 3264 magnus
1447 3218 1504 3251 ille
1518 3216 1725 3258 Alexander,
1754 3217 1938 3261 quiTyriae
1952 3218 2081 3260 Synodi

1198 3270 1290 3306 Actis
1302 3269 1433 3314 praesens
1444 3268 1475 3301 se
1485 3267 1672 3303 constanter
1680 3268 1831 3312 opposuit
1844 3292 1855 3308 ‚
1879 3268 1914 3306 ἀ
1927 3269 2088 3303 sanetum

1198 3320 1414 3356 Athanasium
1435 3317 1558 3362 adjuvit
1579 3318 1614 3352 in
1635 3317 1812 3359 omnibus,
1837 3319 1937 3353 etiam
1961 3320 1996 3352 in
2013 3319 2083 3352 Ro·

1198 3383 1294 3407 mana
1307 3369 1526 3415 appellatione
1538 3392 1546 3400 .
1571 3367 1666 3403 Hinc
1678 3368 1767 3404 enim
1779 3369 1867 3404 idem
1883 3369 2080 3403 Athanasius

1196 3422 1264 3469 ejus
1275 3423 1397 3457 litteras
1409 3419 1473 3467 suis
1484 3418 1661 3464 Apologiis
1672 3419 1807 3455 inseruit
1820 3442 1833 3460 ,
1858 3419 1979 3454 exinde
1994 3414 2083 3458 apud

1191 3474 1193 3478 ’
1924 3476 2029 3500 totam
