2326 3718
667 118 948 168 ROMANIS
983 120 1556 178 API’ELLATIONluus.

192 211 282 254 fiuffe
301 211 427 242 Romani
438 207 589 250 Pontificis
617 211 650 239 in
661 204 815 247 Ecclefiam
837 202 1011 245 Africanam
1021 203 1072 235 do·

198 264 500 294 miniuminnueretur
514 281 521 288 .
549 255 626 291 Post
654 257 743 298 plura
753 252 931 289 istiusmodi
943 261 1074 287 temera-

198 312 245 345 ria
257 310 291 344 δε
302 306 498 342 calumniosa
509 305 732 350 phantasmata
742 303 871 338 tandem
885 303 1052 337 concludit
1064 316 1074 335 .·

199 363 246 392 Et
254 359 330 391 certe*
340 357 431 391 valde*
443 360 549 390 Leonis
560 354 781 400 nostrisolertiae
790 365 824 388 ac
835 358 949 398 ingenio
961 351 1074 395 consen-

178 414 316 443 'taneum
336 406 411 439 mihi
428 409 549 441 videtur
568 431 581 447 ‚
606 415 639 440 ut
663 410 801 446 temporis
823 409 1070 446 opportunitatem

198 464 367 502 captaverit
389 458 432 490 ad
440 458 673 499 confirmandam
683 456 768 488 Sedis
786 453 850 498 suae
862 452 1073 488 authoritatem

197 512 232 541 in
255 507 414 548 Africanas
435 506 577 550 Ecclefias
590 531 598 539 .
622 510 721 539 Nemo
743 505 841 548 estqui
854 503 983 547 nesciat,
1008 513 1072 543 quo*

197 562 274 596 ties,
295 556 472 601 quantisque
481 554 625 590 conatibus
635 557 673 588 id
677 560 862 589 tentaverint
873 559 980 588 Leonis
994 555 1076 585 Prae-

197 608 369 651 decessores,
396 616 594 650 quantumque
605 609 712 639 Leonis
733 604 819 648 ipsius
841 614 932 639 aetate
942 600 1077 643 Bonifa-

198 663 261 691 ce'us
283 660 317 692 Θ·
328 657 497 698 Caelestinus
506 661 539 689 in
548 666 615 690 eam
634 668 694 690 rem
712 656 938 692 laboraverint,
965 651 1079 695 Africa·

198 713 249 741 nis
263 707 495 751 consuetudinem
506 709 537 738 E
539 705 700 747 cclefiarum
705 705 828 749 suarum
840 703 950 737 invide*
955 701 1074 745 simper

195 756 471 802 propugnantibus.
500 755 719 799 Exspecianda
741 760 819 789 enim
838 755 898 788 illis
913 753 1019 795 fuerat
1031 759 1078 794 op-

195 813 348 850 portunior
367 806 488 849 occafio:
519 809 599 850 ,Quae
619 814 652 840 ut
669 804 734 849 fise
757 809 848 839 Leoni
863 804 988 843 obtulit,
1012 814 1078 836 eam

193 856 250 902 fibi
261 862 311 890 vir
322 858 527 896 cordatissimus
538 856 617 889 elabi
628 868 685 889 non
694 856 732 897 est
740 856 839 898 paffus
848 879 855 887 .
879 855 952 888 Has
964 853 996 886 in
1011 853 1078 887 san-

199 906 373 942 stiffimum
384 905 580 941 Pontificem
590 906 738 950 peffimas
748 905 926 940 calumnias
933 903 1079 947 petulan-

200 967 250 990 ter
261 967 436 1001 exaggerat
444 979 455 995 ‚
481 956 515 989 δε
525 956 653 999 pergir:
679 957 758 987 Dum
770 952 932 995 haecscribo
945 977 956 993 ,
974 953 1077 999 videor

200 1006 276 1039 mihi
305 1006 373 1039 hinc
397 1005 610 1039 catholicorum
630 1004 783 1037 nonnullos
805 1000 1078 1045 submurmurantes

202 1056 306 1089 audire
316 1079 327 1094 ,
352 1056 433 1087 illinc
443 1054 583 1086 senari„
594 1062 717 1095 utraque
736 1053 951 1094 applaudentes
963 1061 1056 1083 manu
1067 1076 1078 1091 ‚

197 1102 285 1148 quali
297 1104 468 1144 Pontificem
477 1105 641 1136 Romanum
660 1103 733 1135 mali
756 1103 908 1142 ambitus,
935 1102 1079 1143 alienique

191 1157 275 1197 juris
295 1160 397 1185 notare
417 1153 594 1187 videamur.
624 1151 757 1195 Utrisque
773 1150 968 1195 satisfaciam
992 1157 1078 1185 unius

196 1202 368 1246 casauboni
382 1202 502 1243 verbis,
530 1208 577 1236 cui
589 1214 644 1235 non
665 1203 796 1246 affemiri
816 1214 868 1236 nec
887 1201 1017 1235 haerett‘ci
1028 1213 1079 1234 au·

198 1255 292 1286 deant
304 1277 314 1292 ,
340 1263 392 1285 nec
405 1253 534 1286 debeant
544 1252 599 1285 hac
622 1259 655 1286 in
663 1265 695 1286 re
706 1252 853 1286 Catholici
867 1277 873 1284 .
901 1252 1080 1294 Procopius

198 1303 413 1337 Caesaraeensis
430 1327 441 1342 ,
468 1303 547 1337 dum
569 1303 777 1346 Imperatoris
801 1300 976 1346 Justiniani
996 1313 1079 1335 arca-

199 1363 277 1386 nam
292 1352 407 1395 scripsit
420 1352 604 1387 Historiam
616 1377 629 1392 ,
654 1363 729 1387 toto
754 1350 911 1387 tremebat
922 1363 1056 1395 corpore
1071 1365 1081 1384 .-

199 1401 363 1437 Rationes
384 1403 457 1436 sunt
477 1403 649 1446 exploratae
663 1427 670 1434 .
697 1402 785 1437 Istud
804 1404 911 1446 ipsum
931 1401 1081 1435 scribenti

200 1450 268 1485 haec
291 1450 462 1486 Paschasio
487 1453 674 1499 Qesnello
698 1450 828 1487 videtur
850 1453 1011 1486 evenisse.
1039 1452 1082 1485 Et

196 1501 447 1536 certeomnium
459 1501 713 1537 catholicorum
737 1503 944 1546 querimonia
957 1501 1002 1536 est
1015 1501 1083 1535 lou·

199 1550 438 1596 gejustiffima.
464 1552 598 1587 Etenim
619 1553 764 1596 Scriptor
791 1552 848 1586 ille
869 1552 955 1586 istud
981 1551 1083 1594 ipsum

199 1601 325 1636 crimen
352 1602 496 1645 imponit
516 1602 649 1648 Magno
673 1602 804 1644 Leoni,
830 1602 920 1646 quod
950 1601 1086 1636 Liberio

196 1650 358 1685 Pontifici
370 1663 410 1685 ex
424 1651 683 1686 Eusebianorum
701 1652 910 1697 suggestione
922 1653 1087 1695 imprope-

196 1700 282 1735 ravit
305 1700 483 1743 Imperator
502 1701 718 1737 Constantius
741 1726 752 1742 ‚
779 1702 814 1736 ὃς
837 1711 968 1746 propter
996 1700 1087 1745 quod

197 1749 543 1793 Philippo-Politanus
555 1750 743 1787 Eusebianae
768 1751 920 1786 factionis
935 1752 1089 1786 Conven-

195 1808 254 1834 'tus
272 1799 496 1836 damnationis
518 1801 708 1838 convicium
732 1801 862 1838 latravit
885 1803 921 1837 iu
935 1802 1089 1839 Sanctum

190 1850 406 1886 'Pontificem
425 1851 566 1894 Iulium.

356 2071 485 2127 CA
519 2081 555 2125 P
591 2083 638 2127 U
673 2080 715 2127 T
792 2082 942 2130 Xvn.

204 2212 490 2281 Demotstratur
523 2236 573 2265 ex
585 2216 726 2264 Sanfio
749 2223 963 2288 Cypriano,
1000 2226 1095 2289 quod

271 2291 453 2344 Romanae
486 2284 755 2355 Episcoporum
789 2289 1024 2357 Appellatio-

377 2374 436 2403 nes
468 2354 619 2423 ftmpet·
659 2359 847 2426 viguerint
881 2361 919 2407 in

569 2425 738 2493 Africa.

314 2547 366 2581 Oc
379 2545 580 2592 Apostolicae
593 2546 685 2582 Sedis
698 2546 783 2591 apud
796 2546 898 2583 Afros
908 2547 957 2591 jus
967 2549 1092 2585 clarissi-

340 2607 393 2633 ma
407 2596 503 2632 habet
514 2597 701 2632 testimonia
727 2607 824 2642 atque
832 2601 980 2643 exempla
1009 2598 1093 2643 apud

206 2650 359 2683 Sanctum
380 2647 603 2691 Cyprianum.
632 2647 766 2682 Etenim
788 2648 946 2692 adipsum
965 2649 1006 2685 de
1020 2650 1092 2684 Pri-

206 2708 283 2732 vato
296 2722 307 2738 ,
333 2697 560 2732 Lambesitano
570 2698 605 2731 in
617 2697 779 2733 Numidia
792 2699 955 2743 Episcopo
964 2725 975 2742 ‚
1002 2701 1091 2735 dam·

206 2759 288 2784 nato
314 2759 352 2781 ac
363 2748 540 2793 degradato
551 2771 562 2786 ‚
589 2747 698 2781 scribit
711 2747 870 2784 Romanae
880 2774 892 2790 ,
917 2761 972 2794 per
983 2750 1089 2787 Sancti

208 2797 347 2832 Fabiani
369 2798 541 2833 Pontificis
565 2798 764 2841 Martyrium
786 2799 927 2842 vacantis
943 2823 956 2841 ,
982 2800 1089 2835 Eccle

38 2845 128 2885 Epist.
150 2854 197 2882 30·
211 2848 258 2880 siae
266 2848 400 2883 Clerus:
426 2849 522 2891 ,Quod
526 2857 624 2881 autem
630 2854 764 2890 pertinet
776 2850 821 2882 ad
830 2852 991 2884 Privatum
1002 2854 1091 2884 Lam-

210 2895 369 2936 befitanum
380 2922 391 2938 ,
413 2906 470 2940 pro
490 2908 539 2932 tuo
559 2909 638 2931 more
647 2897 745 2940 fecisti
757 2923 768 2938 ,
793 2906 918 2941 quirem
940 2901 1025 2935 nobis
1033 2900 1092 2943 sol—

214 2947 326 2980 mitam
347 2953 482 2980 nunciare
502 2947 635 2988 voluisti.
663 2953 773 2982 Omnes
786 2955 864 2982 enim
885 2961 936 2984 nos
948 2952 1029 2984 decet
1036 2959 1092 2992 pro

213 3003 327 3037 corpore
336 3002 426 3029 totius
441 2997 571 3038 Ecclesia
581 2998 744 3032 excubare.
773 3001 833 3032 sed
849 3011 900 3035 nos
909 3006 1000 3034 etiam
1021 3008 1091 3034 ante

212 3048 332 3080 litteras
344 3054 411 3078 tuas
426 3046 518 3087 fraus
531 3049 634 3081 callidi
653 3049 780 3082 hominu
792 3050 887 3083 latere
902 3063 958 3083 non
965 3056 1065 3093 potuit
1083 3075 1090 3084 .

215 3101 250 3129 N
256 3107 304 3128 am
315 3106 380 3127 cum
391 3095 528 3130 antebac
536 3099 658 3139 quidam
670 3111 707 3132 ex
721 3099 809 3141 ipsius
831 3106 971 3143 nequitiae
980 3100 1093 3134 cohorte

212 3146 336 3189 venisset
358 3146 535 3178 Vexillarius
550 3150 694 3188 Privati,
719 3149 842 3190 &furto
867 3162 902 3184 ac
918 3149 1091 3191 fraudulen-

211 3206 261 3230 ter
284 3197 400 3228 litteras
426 3197 446 3226 ἂ
459 3195 542 3228 nobis
566 3198 663 3231 elicere
674 3209 813 3240 curaret„
836 3212 888 3234 nec
898 3207 963 3244 quis
975 3202 1038 3244 effer
1048 3202 1092 3235 la·

215 3251 274 3280 tuit
287 3270 298 3286 ,
324 3256 371 3277 nec
382 3247 502 3278 litteras
515 3269 526 3284 ‚
551 3257 624 3287 quas
636 3248 772 3289 volebat,
798 3244 906 3293 accepit
917 3277 924 3283 .
954 3251 1002 3285 Ita
1014 3251 1092 3296 legit

215 3295 356 3339 jacobus
374 3294 536 3328 Pamelius
548 3318 555 3325 .
582 3295 743 3331 Nicolaus
755 3298 918 3344 Rigaltius
938 3301 1018 3345 legit
1031 3301 1092 3336 hoc

218 3345 339 3380 modo:
368 3347 488 3379 Privati
509 3345 691 3379 Vexillarius
697 3346 822 3387 futurus
834 3375 846 3390 ‚
871 3353 906 3384 (9
919 3350 1091 3392 fraudulen-

217 3403 284 3436 ter,
306 3396 364 3430 &a
394 3394 505 3429 Placet
527 3394 662 3430 Pamelii
681 3395 797 3432 lectio.
825 3400 960 3435 Etenim
980 3401 1091 3437 dolosa

315 3443 423 3479 chriti.
433 3448 512 3488 Lupi
522 3448 664 3489 Operas.
676 3450 759 3480 Vm.

1849 137 1948 184 217

1139 199 1224 245 apud
1235 198 1465 244 Apostolicam
1485 201 1601 236 Sedem
1623 203 1655 237 in
1666 205 1936 242 communionem
1957 209 2016 244 ob-

1139 251 1242 294 reptio
1252 251 1296 285 est
1309 249 1526 292 plenissimum
1541 250 1670 286 furtum.
1695 258 1749 291 De
1758 257 1871 291 eodem
1882 257 2016 297 Privato

1139 302 1273 336 Sanstus
1308 300 1493 344 Cyprianus
1522 299 1633 334 scribit
1653 302 1693 335 ad
1713 306 1865 342 sanstum
1889 306 2015 351 Papam

1139 350 1351 386 Cornelium:
1379 353 1439 384 Per
1463 350 1817 395 Felicianumfignificavt
1835 357 1913 398 tibi,
1940 362 2018 391 Fra.

1138 412 1185 436 ter
1196 401 1351 442 cariffime,
1377 400 1486 444 veniyse
1496 399 1712 444 Carthaginem
1728 406 1889 438 Privatum
1900 432 1911 447 ‚
1937 419 2023 442 vete-¹

1138 464 1199 485 rem
1210 456 1390 487 Haereticum
1403 475 1414 491 ,
1439 457 1472 484 in
1485 450 1694 493 Lambefitana
1704 453 1813 486 colonia
1828 465 1898 488 ante
1908 459 2020 491 multos

1132 502 1203 543 fere
1213 512 1307 534 annos
1320 501 1354 533 ob
1365 501 1460 535 multa
1485 502 1641 545 &gravia
1650 501 1756 536 delicia
1768 509 1930 545 nonaginta
1941 511 2019 548 Ept-

1137 551 1288 595 scoporum
1301 549 1454 594 sententia
1473 552 1698 584 condemnatum
1711 576 1723 592 ,
1750 553 1956 595 Antecefforum
1975 566 2019 588 et-

1139 608 1200 634 iam
1224 602 1401 643 nostrorum,
1426 603 1508 644 quod
1531 603 1565 635 &¹
1589 601 1717 641 vestram
1735 602 1940 646 conscientiam
1963 615 2021 637 non

1140 653 1213 685 latet
1236 677 1247 693 ‚
1275 652 1409 685 Fabiani
1434 653 1468 686 (9⁹
1492 653 1604 684 Donati
1623 652 1728 686 litteris
1742 651 1920 696 soveriffime'
1941 662 2024 686 nota-

1140 711 1224 740 tum,
1252 708 1303 744 qui
1325 713 1389 735 cum
1408 700 1528 744 causam
1546 700 1634 744 suam
1652 704 1737 745 apud
1755 714 1807 736 nos
1827 709 1862 736 in
1873 705 2025 745 Concilio,

1141 752 1219 794 quod
1230 750 1384 784 babuimus
1394 751 1496 784 Idibus
1510 754 1607 792 Majis
1618 775 1630 791 ,
1656 763 1723 795 quae
1730 752 2002 794 proximbfuerunt
2010 776 2025 793 ,

1141 813 1226 845 agere
1247 803 1324 835 velle
1338 800 1372 844 se
1391 803 1518 841 diceret,
1545 811 1597 834 nec
1608 802 1749 845 admissus
1759 804 1824 845 effes
1837 828 1848 844 ‚
1876 807 2025 836 Fortuna-

1141 860 1204 884 tum
1227 849 1688 895 ssumfibiPseudoAEpifiopum
1708 876 1720 893 ,
1747 854 1872 895 dignum
1898 853 2025 898 collegio

1137 899 1208 944 suo,
1230 901 1304 942 fecit
1319 927 1326 933 .

1192 951 1344 985 Privatus
1354 951 1597 987 Lambesitanus
1609 951 1791 996 Episcopus
1800 974 1813 994 ,
1839 953 1858 987 a
1866 954 2029 998 nonagin-

1141 1008 1174 1032 ta
1196 1001 1367 1044 Episcopis
1387 1026 1398 1042 ‚
1427 1002 1690 1038 Lambesitanam
1717 1003 1819 1037 totius
1857 1003 2028 1037 Numidiae

1143 1049 1316 1092 Synodum
1337 1052 1613 1086 constituentibus
1631 1078 1643 1094 ‚
1680 1052 1728 1087 ob
1742 1052 1853 1097 gravia
1878 1053 1913 1087 δε
1937 1053 2030 1097 plura

1143 1100 1280 1134 crimina
1293 1100 1467 1135 damnatus
1477 1124 1488 1140 ‚
1513 1103 1752 1145 provocavitad
1765 1104 1939 1138 Donatum
1950 1102 2031 1137 Car-

1144 1149 1371 1194 thaginensem
1385 1150 1606 1194 Episcopum,
1632 1151 1808 1186 Primatem
1827 1153 1930 1187 totius
1952 1163 2031 1197 gen·

1144 1200 1203 1233 tis.
1230 1198 1355 1234 Verum
1369 1199 1425 1233 ille
1447 1200 1656 1234 confirmavit
1672 1201 1891 1241 sententiam,
1916 1203 1950 1236 &
1972 1201 2032 1237 ho-

1145 1250 1269 1283 minem
1289 1249 1478 1284 severissime
1505 1250 1634 1284 notavit
1653 1248 1875 1293 Synodalibus
1897 1250 2033 1284 lit-teris.

1147 1299 1384 1333 Damnationis
1408 1299 1615 1334 Tractoriam
1639 1298 1813 1334 transmisit
1850 1298 1892 1334 ad
1917 1310 2039 1333 omnes

1149 1349 1302 1383 Ecclesias
1315 1374 1322 1381 .
1350 1349 1443 1383 Hinc
1455 1349 1514 1383 iste
1528 1350 1717 1393 provocavit
1734 1350 1878 1383 Romam
1890 1374 1901 1390 ,
1926 1349 1962 1383 &
1984 1361 2039 1384 ac-

1150 1399 1240 1433 ceffit
1264 1398 1304 1433 ad
1320 1399 1472 1434 Sanctum
1494 1399 1680 1434 Fabianum
1702 1398 1922 1433 Pontificem.
1950 1399 2037 1439 Sed,

1147 1450 1182 1484 ὅ(
1195 1447 1290 1484 isthic
1303 1450 1411 1484 nactus
1434 1449 1479 1484 est
1490 1448 1629 1484 eundem
1643 1450 1815 1485 suaecausae
1836 1450 2012 1484 successum
2024 1472 2036 1481 .

1148 1501 1175 1534 F
1177 1499 1337 1533 ranciscus
1347 1500 1478 1534 Hallier
1487 1525 1498 1541 ,
1526 1500 1705 1544 Episcopus
1717 1498 1964 1534 Cavallonensis
1976 1524 1987 1541 ,
1999 1498 2040 1534 in

1151 1558 1266 1593 quarto
1278 1548 1362 1584 libro
1373 1549 1414 1584 de
1424 1549 1619 1585 Hierarchia
1630 1549 1854 1586 Ecclefiastica
1878 1549 1961 1585 reste
1983 1548 2044 1586 ad-v

1150 1599 1256 1644 jungit
1273 1611 1280 1631 :
1308 1601 1360 1633 Ad
1378 1602 1456 1643 quid
1472 1604 1600 1635 Romani
1625 1599 1776 1642 Ponttffiis
1792 1601 1910 1642 judicio
1930 1601 2039 1635 iterum
2052 1587 2129 1631 (ἶὲΡῖ
2143 1593 2174 1621 ’··”

1151 1651 1387 1690 damnarentur,
1414 1656 1467 1694 qui
1489 1651 1528 1684 ab
1542 1651 1692 1694 Africanis
1702 1652 1841 1686 damnati
1850 1653 1957 1697 essent,
1985 1650 2042 1693 nisi

1151 1701 1218 1741 ejus
1235 1698 1388 1743 sententia
1405 1696 1561 1744 potuiffent
1585 1700 1730 1744 absolvi?
1757 1702 1862 1737 Porro
1872 1703 2037 1738 Fabianus

1154 1759 1208 1794 per
1231 1749 1411 1794 gloriosum
1431 1750 1635 1794 Martyrium
1660 1751 1780 1796 migrat
1801 1752 1841 1787 ad
1865 1752 2041 1787 meliorem

1154 1800 1254 1834 vitam
1275 1825 1282 1832 .
1311 1800 1405 1835 Hinc
1428 1811 1534 1835 novus
1554 1800 1690 1836 Privato
1713 1801 1841 1836 animus
1860 1827 1868 1834 .
1897 1802 2041 1837 Causam

1156 1851 1319 1894 resumpsit
1331 1850 1416 1895 apud
1431 1850 1566 1886 Clerum
1579 1851 1718 1889 viduatae
1734 1851 1888 1886 Ecclesiae.
1918 1852 1968 1885 Ex
1980 1853 2046 1886 suae

1155 1899 1307 1944 nequitia:
1318 1900 1454 1936 cohorte
1466 1902 1611 1936 Romam
1623 1902 1709 1936 misit
1732 1903 1841 1936 nescio
1855 1913 1954 1945 quem
1976 1902 2045 1936 Ve-

1156 1950 1318 1985 xillarium
1341 1975 1351 1990 ,
1378 1951 1432 1995 qui
1455 1951 1677 1987 fraudulenter
1697 1962 1822 1986 curaret
1841 1951 2046 1986 circumduci

1156 1999 1269 2036 omnia
1290 2002 1416 2045 praefata
1436 1999 1579 2043 judicia,
1604 2003 1638 2036 δε
1655 2001 1845 2036 sceleratum
1868 2001 2045 2037 hominem

1158 2050 1296 2095 reparari
1318 2052 1352 2084 in
1373 2051 1475 2085 amiffi
1495 2051 1613 2096 gradus
1625 2053 1898 2087 communionem
1911 2077 1919 2084 .
1947 2052 2044 2087 Hinc

1159 2100 1343 2143 Cyprianus
1364 2100 1498 2134 Clerum
1522 2101 1695 2141 instruxit,
1720 2112 1819 2144 atque
1839 2103 1884 2135 ita
1904 2113 2045 2137 omnem

1160 2150 1340 2193 irrependi,
1364 2148 1427 2192 jam
1449 2151 1544 2184 anteit
1562 2150 1732 2190 clausum,
1757 2149 1883 2185 aditum
1905 2152 2043 2185 firmiffi-

1160 2199 1211 2234 me
1221 2199 1397 2233 obseravit.
1425 2199 1474 2234 At
1500 2200 1673 2243 impudens
1699 2212 1736 2234 ac
1754 2200 1960 2244 importunus
1977 2200 2043 2235 Ve-

1159 2259 1278 2283 terator
1290 2249 1429 2284 necdum
1440 2249 1526 2284 siluit
1538 2275 1545 2281 .
1576 2249 1699 2285 Denuo
1712 2252 1903 2294 provocavit
1914 2252 1953 2285 ad
1965 2252 2045 2286 San-

1158 2300 1197 2333 &i
1210 2299 1368 2342 Cypriani
1381 2300 1553 2342 Synodum
1566 2325 1573 2332 .
1602 2301 1682 2335 Non
1695 2300 1889 2344 impetrandi
1902 2303 1956 2345 spe
1968 2327 1978 2342 ,
1988 2301 2045 2336 sed.

1159 2350 1273 2382 animo
1292 2347 1442 2383 turbandi
1463 2373 1471 2382 .
1500 2349 1635 2384 Etenim
1660 2350 1849 2384 Felicissimi
1871 2351 2044 2397 Carthagi-

1162 2398 1265 2433 nensis
1278 2398 1422 2433 Diaconi
1436 2423 1446 2438 ,
1472 2400 1503 2433 &
1517 2399 1663 2444 quinque
1674 2402 1794 2435 Sancto
1806 2401 1976 2444 Cypriano
1996 2412 2045 2436 re-

1161 2448 1294 2483 bellium
1306 2448 1572 2491 Presbyterorum
1583 2449 1732 2484 Fadiioni
1742 2450 1914 2492 adjunctus
1925 2452 1958 2484 in
1973 2453 2043 2486 Du-

1159 2510 1229 2533 cem
1239 2523 1250 2539 ,
1277 2499 1406 2532 tandem
1420 2498 1637 2532 Fortunatam
1649 2510 1689 2532 ex
1699 2499 1845 2542 quinque
1867 2501 1934 2533 istis
1945 2500 2042 2534 Pres-

1160 2548 1279 2589 byteris
1300 2558 1425 2586 unum,
1451 2547 1618 2582 ordinavit
1644 2560 1681 2582 ac
1705 2549 1834 2582 intrusit
1854 2550 1888 2583 in
1902 2550 2042 2586 Cartha·

1159 2599 1326 2643 ginensem
1340 2596 1538 2632 Cathedram
1550 2623 1561 2638 ‚
1587 2609 1686 2642 atque
1699 2598 1745 2632 ita
1762 2598 1953 2642 degradavit
1964 2602 2042 2635 San-

1159 2651 1245 2683 aum
1258 2649 1483 2692 Cyprianum.
1511 2650 1637 2684 Omnes
1649 2650 1718 2683 suas
1729 2648 1959 2684 damnationes
1977 2652 2042 2695 spe-

1158 2699 1240 2732 ravit
1254 2698 1314 2733 hac
1325 2699 1376 2733 via
1390 2696 1555 2733 vindicare
1568 2723 1578 2739 ,
1605 2699 1767 2734 consolari
1785 2724 1796 2740 ,
1818 2712 1856 2734 ac
1874 2712 2020 2745 reparare
2032 2727 2041 2736 .

1158 2749 1225 2784 Sub
1238 2749 1300 2783 isto
1313 2761 1401 2783 novo
1414 2748 1578 2793 Episcopo
1590 2749 1732 2793 sperabat
1743 2761 1893 2794 apparere
1904 2751 2042 2796 integer,

1159 2810 1314 2844 magnus,
1328 2800 1364 2833 ὅ(
1373 2799 1532 2843 gratiosus
1543 2825 1550 2832 .
1579 2800 1712 2833 Sanaestus
1724 2801 1910 2843 Cyprianus
1921 2802 2043 2843 adjun«

1157 2851 1205 2894 git
1230 2849 1270 2883 de
1284 2849 1346 2883 isto
1367 2849 1521 2884 Privato:
1549 2853 1676 2883 Venerat
1697 2855 1789 2883 etiam
1799 2862 1863 2884 cum
1885 2852 1934 2884 illo
1946 2851 2040 2885 Felix

1157 2901 1280 2942 quidam
1293 2924 1303 2939 ,
1329 2910 1416 2941 quem
1429 2898 1490 2942 ipse
1501 2908 1589 2933 extra
1602 2899 1756 2940 Ecclesiam
1765 2905 1797 2933 in
1808 2900 2042 2943 haeressPseudo-

1157 2948 1332 2992 Episcopum
1343 2950 1411 2982 olim
1422 2949 1607 2989 constituerat
1619 2975 1626 2982 .
1656 2949 1784 2993 Utique
1808 2951 1878 2993 post
1900 2951 2037 2985 damna-

1158 3002 1285 3035 tionem
1296 3025 1303 3032 .
1333 2998 1462 3043 Nempe
1475 2999 1556 3033 nulli
1568 3000 1694 3043 judicio
1708 3000 1812 3034 voluit
1824 3001 2041 3044 acquiescere,

1157 3061 1254 3095 atque
1268 3050 1312 3083 ita
1340 3061 1406 3083 non
1419 3050 1589 3084 dumtaxat
1599 3049 1730 3083 assiduis
1745 3046 2039 3093 appellationibus,

1159 3101 1210 3135 sed
1223 3100 1322 3134 etiam
1334 3098 1614 3143 Para-Synagogis
1623 3124 1634 3140 ‚
1661 3098 1895 3135 schismatibus
1906 3126 1916 3141 ,
1943 3113 1980 3135 ac
1993 3103 2038 3135 sa-

1157 3150 1286 3196 crilegis
1310 3149 1584 3184 Ordinationibus
1600 3147 1724 3183 dudum
1758 3152 1891 3184 vexavit
1930 3151 2039 3185 Eccle-

1158 3201 1236 3237 siam
1246 3226 1254 3234 .
1282 3199 1374 3233 Hinc
1385 3198 1605 3234 circumduxit
1619 3200 1779 3244 integram
1793 3198 1964 3236 cohortem
1978 3203 2041 3239 suae

1159 3250 1328 3295 nequitiae.

1208 3300 1417 3348 Qandoque
1438 3298 1543 3333 bonus
1564 3298 1722 3334 dormitat
1744 3301 1912 3337 Homerus
1931 3327 1938 3334 .
1966 3301 2040 3335 Illu-

1158 3350 1321 3385 striffimus
1346 3362 1384 3384 ac
1403 3349 1633 3384 eruditissimus
1654 3350 1823 3390 Dominus
1837 3353 1943 3386 Lucas
1957 3352 2041 3385 Hol-

1158 3399 1279 3437 stenius
1289 3413 1329 3437 ex
1340 3400 1474 3437 laudato
1486 3400 1593 3441 Sanffl
1606 3400 1765 3444 Cypriani
1778 3402 1854 3437 loco
1871 3399 1979 3435 scribit
2002 3400 2039 3434 in

1653 3449 1692 3483 T
1890 3458 1991 3484 anno-
