2326 3718
847 168 1086 222 Rasum,
1126 182 1192 210 ET·
1224 166 1582 211 VERBORUM.

326 281 329 292 2
346 256 434 293 Idem
448 254 574 289 conflat
597 266 636 287 cx
652 252 879 290 Valentiniani
902 252 959 286 111.
977 252 1183 294 Imperatoris

343 308 383 340 ad
407 306 582 350 Collegam
607 303 835 338 Theodosium
860 302 998 346 epistola
1025 327 1031 334 .
1062 311 1138 349 320.
1152 311 1182 335 2.

1967 177 2054 232 383

1296 250 1345 292 pis
1355 249 1531 284 intrusus&
1543 255 1765 289 consecratus.
1790 267 1869 294 220.
1884 270 1904 292 r.
1928 259 2010 307 Qae
2020 261 2127 304 postu-

1296 300 1408 334 laverit
1421 301 1438 334 ὲ
1450 301 1568 334 Sancto
1581 304 1758 338 Cornelio.
2051 312 2125 344 ibid.

345 357 427 392 Item
450 368 491 389 ex
504 355 642 394 litteris,
671 364 749 397 quas
772 353 812 386 ad
825 352 1181 394 Theodosiumscripfit
1246 350 1558 385 Franco-fordienfis
1589 353 1740 393 synodus
1764 381 1774 395 ,
1801 357 1878 399 quid
1903 357 2054 394 decernat
2086 361 2131 395 de

345 407 442 441 Galla
455 405 601 440 placidia
625 403 775 447 Augusta
799 402 1181 444 Constantiilmperato-

345 458 388 491 ris
411 456 532 495 vidua,
559 453 788 488 Valentiniani
812 464 931 489 mater.
960 461 1026 500 321.
1049 466 1068 484 r.
1098 452 1179 485 Item

343 519 384 541 ex
395 507 510 541 litteris
522 505 629 538 Hilari
644 503 801 537 Romanae
818 502 969 537 Ecclesrae
979 500 1175 535 Archi-Dia-

331 557 421 594 .coni
432 556 472 590 ad
485 553 710 592 Paulcheriam
725 554 910 598 Augustam
920 577 927 583 .
1076 562 1140 598 32¹·
1152 562 1181 584 2·

298 608 326 643 S.
338 608 516 645 Flavianus
529 629 539 645 ‚
565 616 606 638 an
628 604 785 638 censuerit
808 614 863 646 per
874 602 1030 645 Papalem
1044 602 1105 634 suae
1117 602 1181 642 Sy-

314 686 317 689 .
348 657 427 693 nodi
440 656 728 690 confirmationem
743 655 853 697 posse,
879 663 936 686 aut
946 651 1064 685 debere
1081 649 1181 684 absti-

1295 400 1592 443 appellationibus?
1619 413 1672 449 79.
1684 415 1714 439 2.
1743 406 1822 448 Ejus
1845 408 1998 443 Canones
2022 411 2127 444 sintne

1294 451 1479 485 confirmati
1493 462 1546 493 per
1559 451 1744 485 Romanam
1762 455 1934 490 Ecclesiam
1947 460 1963 490 .?
2031 462 2122 497 80-1-

1246 500 1438 535 Fulcherius
1448 500 1608 543 Tyrensrs
1619 501 1917 549 Archi-Episcopus
1927 508 2063 551 pallium
2075 522 2126 545 ac·

1295 550 1374 593 cipit
1386 550 1426 583 ab
1436 550 1635 585 Innocentio
1651 552 1691 586 11.
2012 569 2092 606 197.
2104 573 2127 592 r.

1245 600 1372 634 Fussala
1385 599 1597 644 quandonam
1606 603 1742 646 coeperit
1765 601 1885 638 habere
1908 605 2128 651 Episcopum?

1295 661 1374 696 242·
1402 661 1431 685 1.

348 708 418 742 neri
445 706 462 741 ὲ
474 705 615 750 generali
640 705 796 746 Synodo.
826 713 893 749 3¹5·
907 711 939 740 2.
962 700 1055 748 Quid
1068 701 1108 734 de
1120 699 1180 733 hac
1246 701 1370 734 Fussala
1381 700 1548 749 quondam
1558 701 1784 745 Hipponensis
1798 702 2134 749 Parochiaeoppidum·

335 769 379 798 ,re
393 757 493 790 etiam
508 756 636 790 senserit
650 755 780 788 Sanctus
793 754 861 787 Leo
876 777 883 785 .
1110 751 1180 783 ibid.

297 808 326 841 S.
347 808 522 842 Flavianus
544 803 744 848 Apostolicis
773 802 879 843 Sabdii
907 801 1031 835 Leonis
1066 800 1181 834 litteris

348 858 457 891 statim
482 854 646 899 respondit
660 879 670 894 ,
699 863 899 895 omnemque
922 850 1117 893 Eutychetis
1138 861 1178 883 er·

349 919 477 947 rotem,
503 906 681 949 omniaque
702 905 760 939 suae
783 901 907 946 Synodi
928 902 998 938 aeta
1011 901 1179 945 exposuit.

302 1009 330 1042 S.
342 967 517 1042 &aiiii-nus
528 1006 633 1039 censet
652 1005 692 1039 ad
703 1003 943 1038 enarrationem
968 1001 1069 1035 causae
1081 999 1180 1040 Euty-

348 1057 452 1091 chetis
465 1068 532 1090 non
546 1058 608 1088 effe
618 1066 701 1097 opus
721 1053 924 1086 oecumenica
937 1049 1076 1092 Synodo
1089 1073 1099 1088 ,
1127 1047 1179 1085 sed

350 1107 519 1152 profitetur
530 1104 674 1138 sufficere
684 1103 788 1136 solum
799 1101 922 1135 Leonis
935 1099 1158 1134 Sacerdotium
1174 1123 1181 1129 .

302 1207 331 1242 S.
355 1165 533 1238 {ffjvilanus
561 1201 953 1244 constantinopolitanus
980 1199 1183 1243 Episcopus,

351 1255 483 1291 sefiatus
506 1254 640 1298 vestigia
663 1252 771 1286 Sancti
800 1251 935 1293 Joannis
957 1250 1184 1292 Chrysostomi

1294 750 1543 785 dismembratur
1565 776 1572 783 .
1611 763 1688 799 233.
1715 763 1746 787 2.
1775 754 1892 787 Fuerat
1919 757 2067 798 pertinax
2095 759 2129 792 in

1295 810 1383 842 parte
1395 801 1540 835 Donati.
1555 800 1627 836 ibid.
1645 802 1768 836 Denuo
1783 804 1942 848 adscripta
1957 804 2137 841 Cathedrn

1293 851 1505 893 Hipponensr
1522 875 1528 882 .
2054 856 2127 889 ibid.

1245 902 1271 935 F
1274 900 1441 938 uffalanus
1450 901 1663 946 Episcopatus
1675 903 1794 939 erectus
1818 903 1835 938 a
1848 905 1964 941 Santsto
1976 906 2134 950 Augusti·

1249 1196 1435 1282 GAllia
1452 1199 1533 1233 nihil
1547 1203 1687 1243 pertinet
1699 1204 1740 1237 ad
1752 1202 2046 1249 Carthaginensem
2061 1206 2135 1249 Epi-

1372 1251 1520 1292 scopum.
1923 1264 1978 1300 23.
1993 1268 2024 1290 2.
2048 1268 2100 1301 25.
2115 1268 2134 1287 r.

352 1305 489 1340 retinuit
512 1303 704 1337 &exercuit
727 1300 981 1335 patriarchalem
995 1300 1184 1343 potestatem
1250 1299 1432 1333 Galliarum
1458 1299 1618 1333 Primates
1641 1301 1715 1334 sunt
1737 1301 1901 1335 Africanis
1922 1303 2137 1348 longejunioa

353 1356 388 1389 in
403 1353 582 1390 Asiaticam
595 1377 606 1393 ,
633 1351 738 1389 imme>
759 1351 794 1385 in
814 1361 876 1385 tres
885 1351 967 1384 olim
980 1350 1186 1393 Autocepha—

315 1438 318 1440 .
355 1405 400 1439 las
427 1403 610 1438 Dioeceses.
1072 1409 1150 1445 290.
1166 1413 1185 1432 1.

305 1456 333 1492 S.
349 1455 523 1490 Flavianus
545 1464 620 1488 cum
638 1451 779 1487 Eusebio
798 1451 883 1495 apud
898 1449 1063 1494 Ephesum
1075 1450 1092 1482 a
1105 1450 1187 1484 Dio.

314 1539 316 1542 ,
353 1508 447 1541 scoto
458 1514 636 1538 carceratus
656 1503 690 1536 ὃς
702 1503 862 1546 relegatus
874 1501 1067 1544 Hyperpam
1079 1500 1159 1534 Asia:
1177 1525 1186 1540 ‚

354 1557 438 1592 inter
447 1566 567 1590 manus
587 1563 700 1588 eorum
713 1576 725 1593 ,
750 1552 768 1585 a
781 1552 899 1595 quibus
921 1551 957 1585 in
977 1552 1116 1585 exilium
1132 1551 1188 1584 du-

356 1605 491 1650 cebatur
511 1604 658 1651 glorioso
681 1603 722 1640 ad
747 1601 915 1641 Christum
933 1602 1001 1639 fine
1022 1601 1189 1639 transivit.

377 1670 400 1695 2
428 1683 434 1689 .
452 1670 472 1691 ι.

305 1710 335 1743 Sr
350 1668 525 1742 glazianus
547 1706 581 1740 in
593 1707 685 1741 causa
700 1704 893 1750 Eutychetis
916 1704 1053 1751 agnovit
1065 1704 1113 1748 jus
1124 1703 1186 1736 Ro-

346 1769 456 1792 ‘manae
476 1757 705 1800 appellationis
728 1783 734 1788 .
763 1766 832 1802 301.
853 1769 885 1794 2-
918 1757 1044 1791 Contra
1070 1755 1188 1789 fastum

355 1807 552 1850 Eutychetis
565 1808 683 1841 merito
698 1807 871 1841 contendit
886 1832 892 1838 .
1121 1803 1189 1836 ibid.

305 1859 334 1893 S.
355 1858 528 1892 Flavianus
551 1858 635 1891 sacra
647 1857 783 1901 juffione
806 1857 994 1900 compulsus
1009 1855 1071 1890 fuit
1085 1879 1096 1895 ,
1120 1866 1179 1897 pro

355 1908 423 1951 pria
435 1918 534 1942 manu
548 1907 682 1946 scribere
695 1907 844 1941 libellum
857 1907 956 1944 fidei,
981 1916 1079 1948 atque
1094 1906 1140 1938 ita
1162 1904 1191 1935 se

353 1958 393 1990 de
403 1955 559 1990 Nestorio
572 1964 706 1998 purgare
721 1978 728 1985 .
789 1975 791 1977 -
1080 1963 1157 1998 295.
1170 1964 1189 1983 r.

303 2010 332 2042 S.
348 2006 523 2040 Flavianus
542 2005 674 2039 suorum
685 2003 904 2045 synodalium
917 1985 1083 2045 gestorum
1098 2009 1126 2034 Α
1134 2012 1189 2042 po—

354 2053 501 2087 stolicarn
523 2051 812 2085 confirmationem
838 2050 856 2082 a
880 2050 997 2082 Sansto
1009 2049 1192 2090 Leonepo-

353 2103 487 2137 stulavit
497 2101 653 2135 omnibus
664 2099 860 2142 eloquentiae
874 2100 934 2133 suae
947 2097 1080 2132 viribus.
1105 2100 1191 2142 3¹6³·

353 2155 446 2201 Qas
459 2153 601 2186 rationes
621 2149 661 2184 ad
674 2149 910 2185 removendum
938 2148 1091 2193 generale
1104 2147 1188 2180 Con·

352 2205 467 2239 cilium
480 2201 626 2236 attulerit
640 2226 647 2233 .
1117 2197 1191 2229 ibid.

304 2257 334 2289 S.
350 2254 527 2288 Flavianus
539 2250 799 2294 superordinatus
811 2249 970 2285 Meletio.
1000 2260 1033 2297 ¹3
1040 2259 1097 2296 3¹¹·
1122 2247 1192 2280 Fla-

327 2329 330 2332 <
352 2304 487 2336 vianum
508 2326 520 2342 ‚
546 2299 662 2344 utpote
685 2299 852 2333 manifeste
874 2299 1036 2343 perjurum
1060 2322 1072 2338 ,
1097 2307 1192 2338 atque

356 2352 518 2386 intrusum
541 2352 663 2392 semper
681 2361 718 2383 ac
741 2348 859 2383 merito
883 2350 1021 2382 aversata
1043 2348 1105 2382 fuit
1128 2348 1194 2380 Ro·

1303 1360 1369 1383 res.
1397 1361 1465 1395 ¹55·
1480 1359 1509 1383 2.
1537 1351 1701 1385 Omnium
1725 1350 1831 1384 senior
1853 1353 1897 1384 est
1911 1363 1966 1395 per
1979 1354 2137 1388 Carolnm

1304 1400 1354 1432 M.
2065 1404 2135 1437 ibid.

1251 1449 1420 1484 Gallicana
1442 1451 1585 1485 Ecclesia
1614 1476 1624 1491 ‚
1652 1462 1691 1484 an
1723 1451 1755 1484 in
1780 1450 1976 1494 appellando
1997 1455 2138 1499 gaudeat

1301 1501 1463 1535 Africanae
1479 1502 1625 1535 Ecclefiae
1637 1501 1846 1546 privilegiis?
1911 1500 1964 1549 84.
1977 1516 2007 1540 2-
2035 1503 2136 1547 &sea

1254 1551 1426 1587 Gallicana
1439 1551 1580 1588 Ecclesia
1604 1564 1672 1587 non
1699 1552 1779 1586 solet
1792 1552 1981 1588 festinanter
1998 1556 2139 1599 superor-

1303 1602 1417 1638 dinare
1430 1629 1437 1638 .
2048 1615 2063 1640 1
2093 1630 2098 1636 .
2117 1618 2137 1637 1.

1254 1652 1427 1687 Gallicana
1450 1653 1590 1689 Ecclesia
1625 1657 1746 1699 semper
1768 1655 1831 1689 fuit
1856 1615 2141 1700 obsequentissirna

1303 1703 1610 1747 SediApostolicae,
1639 1702 1680 1740 18.
1694 1720 1714 1737 r.
1736 1705 1856 1750 Longe
1876 1707 2141 1740 aliter—Romano

1305 1755 1467 1797 Episcopo
1481 1779 1491 1794 ‚
1510 1757 1605 1798 quam
1619 1755 1865 1799 Carthaginensi
1884 1757 2023 1799 subjecta
2036 1781 2043 1787 .
2062 1765 2141 1801 25.1.

1255 1803 1428 1838 Gallicana
1452 1806 1533 1838 oiim
1557 1806 1698 1839 Ecclesia
1718 1806 1855 1840 credidit
1878 1807 1996 1841 Sancto
2012 1805 2143 1840 Gelafio

1304 1855 1478 1888 affirmanti
1505 1856 1659 1889 Sausium
1694 1853 1907 1890 Athanasium
1935 1882 1946 1898 ‚
1990 1857 2143 1889 sanetum

1305 1905 1464 1946 Joannem
1476 1904 1752 1948 Chrysostomum
1767 1930 1777 1944 ‚
1800 1917 1837 1939 ac
1849 1907 2001 1941 Sandium
2014 1907 2145 1942 Flavia-

1305 1963 1384 1984 num
1397 1955 1582 1994 provocasse
1594 1955 1634 1987 ad
1649 1956 1750 1988 solam
1765 1956 1880 1990 Sedem
1894 1956 2123 2000 Apostotieam
2136 1981 2144 1989 .

1383 2024 1390 2031 .
1416 2010 1447 2032 2.

1257 2009 1429 2081 Gal31iicoana
1449 2048 1669 2085 provincialia
1695 2053 1851 2086 Concilia
1877 2043 1943 2088 non
1955 2058 2084 2098 pollent
2097 2059 2146 2093 su-

1306 2109 1414 2140 prema
1425 2100 1579 2134 facultate
1594 2125 1605 2141 ,
1635 2112 1669 2134 ut
1681 2102 1723 2135 ab
1746 2103 1787 2136 iis
1798 2103 1943 2138 Romam
1956 2117 2023 2140 non
2036 2110 2146 2150 appel·

1306 2148 1388 2181 letur
1400 2148 1440 2181 ab
1454 2151 1606 2184 inferiore
1617 2151 1736 2185 Clero.
2043 2156 2095 2204 78.
2111 2170 2140 2195 2.

1256 2197 1435 2232 Gallicanae
1451 2200 1598 2234 Ecclefiae
1609 2202 1730 2236 Clerici
1743 2203 1888 2237 damnati
1899 2205 1916 2239 a
1930 2206 1993 2240 suis
2010 2207 2144 2250 Episco-

1306 2249 1352 2290 pis
1375 2248 1531 2283 nolebant
1554 2253 1680 2285 suarum
1715 2253 1966 2289 Provinciarum
1988 2259 2143 2300 Synodos

1305 2298 1474 2332 accedere.
1506 2297 1558 2335 82.
1570 2312 1600 2335 2.
1630 2300 1727 2349 83.1.
1754 2305 1990 2340 Fraudulenter
2010 2308 2143 2342 accede-

1307 2346 1384 2381 bant
1399 2349 1514 2382 Sedem
1527 2350 1734 2385 Romanam.
2053 2356 2106 2403 83.
2120 2371 2140 2391 r.

356 2413 453 2436 mana
475 2399 636 2434 Ecclesia.
667 2399 738 2431 ibid.
766 2399 940 2432 Flavianus
962 2400 1069 2431 renuit
1083 2398 1191 2431 venire
1256 2397 1435 2431 Gallicanae
1450 2400 1596 2433 Ecclesrae
1606 2401 1721 2435 Clerus
1744 2403 1878 2437 inferior
1901 2407 2023 2449 semper
2036 2409 2142 2450 appel-

354 2452 397 2487 ad
417 2449 589 2494 synodum
609 2448 817 2491 Capuanam.
848 2448 923 2480 ibid.
951 2447 1006 2481 Ab
1028 2447 1192 2490 Apostolie

358 2500 490 2536 caSede
504 2500 696 2544 provocavit
719 2498 759 2532 ad
772 2499 963 2540 Synodum.
993 2507 1101 2544 ¹3³²·
1125 2497 1191 2530 Fla-

358 2551 447 2587 viani
460 2548 672 2594 appellationi
686 2560 753 2582 non
767 2548 883 2582 detulit
896 2548 1048 2582 Siricius.
1091 2557 1156 2593 134.
1173 2561 1190 2578 ι.

307 2603 467 2639 Flavitas„
477 2600 649 2643 Presbyter
671 2609 803 2632 mortuo
817 2598 943 2632 Acacio
954 2598 1124 2631 ordinatur
1137 2598 1191 2629 Pa·

357 2649 494 2689 triarcha
513 2649 904 2691 constantinopolitanus
915 2660 983 2682 non
993 2658 1102 2682 tamen
1115 2659 1191 2680 con—

356 2704 454 2738 sensit
480 2699 698 2735 inthronizari
723 2699 789 2733 fine
825 2699 982 2732 Romano
1010 2696 1189 2742 Episcopo.

356 2765 392 2790 10
417 2779 423 2785 ·
436 2764 468 2789 2·

306 2765 478 2839 Fortssnati
491 2814 527 2835 ac
540 2800 914 2844 Felicissitniappellatio
927 2799 1080 2833 Romana
1093 2822 1103 2838 ‚
1125 2809 1191 2842 quo

358 2855 450 2888 sensu
473 2854 491 2886 a
513 2853 634 2886 SanEto
655 2850 824 2893 Cypriano
839 2849 1041 2893 improbata.
1065 2859 1144 2885 220.
1159 2858 1188 2881 2.

358 2905 559 2937 Fortunatus
573 2913 640 2935 non
656 2901 718 2935 fuit
730 2900 913 2944 Episcopus
923 2926 934 2933 t
1094 2909 1160 2945 ¹47·
1172 2910 1189 2930 ι.

309 2954 483 2988 Fortunati
507 2952 631 2997 legatos
644 2951 815 2995 quomodo
831 2950 1008 2985 Cornelius
1033 2949 1189 2984 Pontifex

360 3001 539 3037 tranaverit
553 3025 559 3032 .
983 3034 985 3036 ,
1079 3009 1155 3045 223.
1171 3012 1190 3030 i.

310 3056 509 3090 Fortunatus
530 3062 572 3083 ex
593 3060 702 3085 mente
727 3051 886 3094 Cypriani
911 3061 978 3084 non
1007 3059 1073 3083 erat
1099 3060 1191 3082 verus

361 3103 562 3146 Episcopus,
588 3101 665 3143 quia
684 3102 888 3135 consecratus
899 3101 940 3134 ab
955 3099 1144 3137 Haereticis‚
1173 3098 1190 3130 ὲ

360 3152 478 3194 quibus
500 3149 595 3188 datos
615 3150 769 3190 ordines,
795 3150 874 3184 ficut
896 3152 929 3184 ὃς
954 3150 1112 3193 baptisma
1124 3148 1191 3191 Cy-

359 3205 492 3246 prianus
504 3200 654 3234 censebat
665 3201 728 3233 effe
742 3201 847 3235 irritos
869 3202 900 3234 ἃ
914 3200 1038 3233 nullos.
1068 3208 1145 3233 222..
1158 3208 1190 3232 2.

358 3252 448 3287 Istud
461 3251 564 3294 ipsum
577 3249 727 3283 censebat
740 3250 898 3292 Cypriani
915 3251 1067 3294 populus.
1117 3248 1189 3280 rhed.

311 3306 509 3340 Fortunatus
529 3311 594 3335 non
618 3300 636 3332 ὲ
663 3299 782 3343 viginti
805 3301 972 3343 quinque,
1000 3300 1050 3334 sed
1073 3297 1091 3330 ὲ
1115 3297 1191 3331 solis

361 3354 525 3399 quinque,
551 3350 661 3390 eisque
683 3349 818 3383 sordidis
838 3350 1045 3385 &damnatis
1059 3347 1190 3390 Episco-

410 3400 516 3441 Chtist.
527 3404 603 3442 Lupi
615 3405 710 3440 opera
719 3402 751 3430 T.
762 3403 843 3432 VHI.

1307 2448 1383 2483 lavit
1395 2448 1435 2481 ad
1448 2449 1564 2482 Sedem
1579 2450 1765 2484 Romanam
1780 2477 1787 2484 .
1915 2466 1968 2501 77.
1984 2468 2015 2491 2-
2037 2455 2140 2500 etseq.

1255 2497 1430 2530 Gallicanae
1443 2499 1589 2533 Ecclesiae
1604 2499 1786 2543 Presbyteri
1800 2526 1811 2542 ,
1833 2514 1872 2536 an
1890 2504 2008 2546 poffint
2018 2517 2141 2549 praeter-

1304 2547 1393 2634 grissa
1408 2549 1546 2591 Synodo
1571 2549 1758 2586 immediate
1770 2552 1915 2588 Romam
1938 2558 2140 2598 provocare?

1328 2608 1358 2640 4.
1372 2610 1392 2631 1.

1255 2648 1418 2684 Gallicani
1433 2650 1683 2695 Episcopiasnis
1695 2654 1836 2697 Synodis
1859 2655 2029 2698 damnati,
2055 2657 2139 2691 olim

1304 2699 1547 2741 appellaverunt
1559 2701 1599 2735 ad
1612 2703 1727 2737 Sedem
1742 2704 1967 2747 Apostolicam
1983 2732 1989 2739 .
2069 2719 2102 2740 tr.
2116 2712 2137 2740 ι’.

1254 2748 1419 2784 Gallicani
1434 2751 1587 2795 Epiicopi
1602 2776 1612 2791 ,
1639 2765 1679 2787 an
1693 2755 1814 2788 fuerint
1838 2756 2015 2799 aliquando
2026 2768 2138 2791 exem-

1307 2800 1350 2841 pti
1377 2800 1394 2832 a
1418 2801 1634 2836 Patriarchali
1662 2804 1746 2838 intra
1770 2806 1889 2840 almam
1917 2808 2039 2841 Urbem
2057 2808 2139 2841 cele-

1304 2849 1459 2884 brandam
1475 2852 1618 2886 Romani
1630 2851 1804 2889 Pontificis
1816 2858 1955 2898 Synodo
1968 2883 1975 2889 .
2040 2854 2091 2892 86.
2103 2868 2135 2892 2.

1254 2897 1418 2934 Gallicani
1436 2901 1589 2946 Episcopi
1611 2906 1767 2938 excusant
1793 2907 2000 2948 seaSynodo
2014 2907 2136 2942 indicta

1302 2961 1356 2992 per
1385 2951 1565 2986 Nicolaum
1593 2953 1614 2984 1.
1639 2965 1705 2987 non
1730 2956 1819 2998 quod
1843 2956 1916 2990 talis
1936 2957 2137 2991 evocationis

1303 3001 1495 3042 potestatem
1518 3014 1697 3047 negarent,
1725 3004 1776 3038 sed
1799 3006 1886 3048 quod
1905 3008 2136 3041 existimabant

1302 3051 1425 3083 nullam
1450 3052 1511 3085 esse
1534 3054 1736 3088 evocationis
1757 3056 1974 3091 necessitatem
2000 3083 2006 3090 .
2036 3056 2085 3093 88.
2113 3069 2134 3089 ¹-

1301 3112 1359 3133 cur
1373 3102 1527 3144 Episcopi
1541 3104 1682 3137 rationes
1694 3105 1763 3139 suas
1776 3117 1829 3149 per
1843 3107 1872 3140 se
1895 3119 1961 3141 non
1974 3109 2134 3150 exposue-

1304 3150 1370 3183 rint
1384 3176 1394 3192 ,
1423 3151 1475 3185 sed
1489 3163 1543 3194 per
1557 3153 1667 3198 Reges
1679 3180 1686 3186 .
1915 3154 1966 3193 88.
1978 3169 2005 3192 2.
2028 3155 2132 3199 &seqt

1252 3200 1418 3233 Gallicani
1446 3202 1597 3246 Episcopi
1627 3204 1811 3246 Synodales
1834 3208 1962 3240 suorum
1976 3205 2133 3250 Collega·-

1302 3261 1373 3284 rum
1386 3251 1616 3287 damnationes
1629 3254 1662 3287 in
1676 3257 1905 3289 executionem
1929 3266 1994 3288 non
2019 3257 2133 3289 mitte-

1304 3300 1402 3340 bant,
1431 3300 1564 3343 quando
1586 3304 1626 3337 ad
1649 3303 1764 3339 Sedem
1787 3306 1972 3339 Romanam
1985 3312 2132 3347 eratprd

1309 3361 1459 3399 vocatum
1474 3375 1481 3383 .
1513 3362 1586 3400 123.
1599 3366 1630 3390 2-
1657 3354 1761 3389 Causa
1771 3355 2006 3390 Contumeliofi
2019 3378 2029 3394 ,
2042 3354 2132 3396 cujus

1654 3408 1656 3410 '
1696 3404 1711 3436 l
1738 3404 1749 3436 i
1949 3405 2082 3440 damna-
