2326 3718
247 261 419 299 damnatio
429 259 595 296 transierat
617 256 733 295 iurem
750 257 951 306 judicatam,
978 266 1082 299 perpe-

249 325 316 349 ram
335 311 512 356 allegatur,-
872 308 946 343 ibid.
976 308 1009 340 (5
1015 305 1082 349 seq.

197 362 389 399 Gallicanos
413 361 594 403 Episcopos
611 358 651 394 ad
676 356 911 395 patriarchales
934 357 1080 393 Romani

245 411 420 449 Pontificis
430 410 586 458 Synodos
595 409 755 448 evocandi
769 407 894 446 vetusta
912 408 1082 498 consigu-

245 463 290 496 do
302 487 309 494 .
1042 482 1048 490 .
1061 472 1079 493 1.

195 512 285 546 Galli
300 522 474 551 novatores
485 510 667 549 Eusebiana
679 507 821 545 faffione
834 506 956 554 pejores
971 532 978 540 .
990 517 1033 543 ιο.
1049 517 1080 542 2.

196 563 288 600 Galli
310 563 433 610 semper
453 562 698 606 appellaverunt
720 560 759 593 ad
771 558 889 595 Sedem
907 558 1081 602 Apostoli»

244 624 317 650 cam
328 640 335 647 .
363 626 408 663 ¹5·
421 625 452 650 2.
478 611 573 650 Solus
586 609 736 647 Hilarius
747 610 911 647 tramitem
923 609 1019 646 illum
1031 609 1081 644 de-

244 664 376 708 reliquit
387 689 394 696 .
982 659 1033 699 18·
1045 670 1077 698 2·

194 713 284 750 Galli
300 716 439 757 speciant
446 710 490 746 ad·
499 708 757 748 Patriarchaletn
769 709 945 757 Synodum
956 709 1079 748 Rorna-

242 776 293 798 nae
303 763 449 801 Ecclefiae
460 787 468 799 ,
983 757 1036 800 86.
1048 769 1080 798 2.

194 813 363 851 Gamalius
376 812 563 858 Bagajenfis
575 811 754 856 Episcopus
774 811 808 848 ὅ(
818 810 945 849 Primas
961 810 1079 849 Numi-

242 864 304 899 diae
315 863 454 908 praesrdet
466 863 605 907 Synodo
616 885 626 901 ,
651 863 714 896 dcc.
967 869 1035 909 159.
1047 870 1078 897 2.

193 914 365 953 Gamalius
377 914 503 951 Primas
513 913 605 958 cogit
619 911 792 960 synodum
805 921 1026 951 trecentorum
1047 911 1080 949 ἀ

242 966 355 1000 decem
372 964 632 1009 Episcoporum.
951 968 1029 998 160.
1051 971 1080 998 1·

193 1014 402 1052 Gaudentius
412 1013 600 1052 Naxitanus
622 1012 819 1063 degradatur
839 1013 882 1052 ab
895 1009 1082 1050 Eusebianae

244 1066 396 1102 fac'tionis
407 1074 576 1102 conventu
595 1088 603 1101 .
979 1059 1035 1111 48.
1054 1073 1080 1101 1.

193 1114 403 1153 Gaudentius
440 1115 629 1152 Naxitanus
659 1113 878 1158 Metropolita
910 1115 1079 1151 Dacorum

246 1176 322 1214 129.
336 1174 368 1205 2.
393 1164 447 1200 Ad
459 1165 527 1208 ejus
539 1166 798 1204 interceffionem
809 1172 1004 1201 emanarunt
1019 1162 1080 1200 Ca·

242 1228 348 1251 nones
370 1216 573 1254 Sardiccnses
597 1215 639 1253 de
662 1215 816 1252 Romana
839 1213 1079 1261 appellatione.

246 1266 320 1302 ebed,
344 1267 457 1313 &139
471 1276 501 1306 2.

194 1316 404 1354 Gaudentius
425 1315 610 1350 Naxitanus
631 1312 667 1349 in
689 1311 824 1355 Illyrico
835 1311 1016 1357 Episcopus
1029 1323 1081 1357 ap·

244 1365 440 1412 pellationes
461 1364 633 1401 Romanas
659 1374 728 1399 non
752 1374 883 1397 rantum
907 1364 1078 1409 agnoscit,

243 1417 297 1451 sed
318 1417 420 1450 etiam
441 1414 596 1461 ampliat.
623 1424 723 1460 ¹23·¹·
751 1412 845 1449 Hinc
856 1413 1079 1462 degradatura

241 1464 567 1512 Philippo-pontana
578 1464 722 1500 factione
733 1486 741 1500 .
969 1474 1036 1499 122-
1049 1473 1080 1499 2.

192 1521 223 1557 S.
247 1516 456 1555 Gaudentius
472 1514 685 1554 Abitunenfis
707 1513 908 1561 Episcopus,
934 1515 1079 1548 Wanda-

243 1569 284 1603 lis
295 1567 445 1604 Africam
460 1563 706 1618 devastantibus
715 1588 726 1607 ‚
753 1575 829 1599 cum
841 1565 954 1601 sancto
966 1564 1078 1612 Quod·

242 1618 427 1655 vult-Deus
441 1641 452 1658 ‚
477 1616 511 1653 ὅ(
523 1617 645 1651 caeteris
664 1613 856 1653 Praesulibus
866 1616 973 1660 fugit,
1000 1615 1079 1651 &in

239 1667 450 1711 Parthenope
477 1666 612 1706 civitate
644 1665 878 1700 monasterium
905 1665 1076 1702 condidit.

243 1717 323 1767 284.
335 1728 367 1755 2.
381 1719 463 1761 Jecit
476 1718 580 1761 prima
593 1716 830 1761 Augustiniani
843 1716 982 1753 Ordinis
992 1726 1079 1750 extra

242 1771 391 1804 Africam
401 1768 534 1804 exordia
548 1793 556 1806 ,

192 1819 334 1857 Gerbais
357 1820 498 1863 Ioannes
521 1819 649 1855 Dostor
681 1816 862 1852 Parifienlis
890 1827 973 1854 errat
995 1819 1079 1852 circa

242 1880 372 1915 tempus
394 1869 552 1907 &locum
572 1867 723 1904 Concilii
747 1861 961 1902 Arelatensis.
990 1879 1079 1917 ¹7·2·

242 1920 378 1958 Fatetur
390 1918 630 1955 Chelidonium
658 1917 748 1954 ivisse
763 1918 910 1955 Romam
921 1920 961 1951 ad
973 1918 1079 1961 postu·
1132 1947 1135 1950 .

243 1969 381 2006 landum
396 1970 545 2006 Hilarini
565 1970 680 2012 judicii
700 1967 964 2002 reformationem
977 1987 986 2003 ,
1013 1965 1078 2007 jux·

242 2031 276 2055 ta
290 2019 409 2063 placita
421 2017 616 2051 Sardicenfis
627 2014 776 2049 Concilii
787 2037 795 2045 .
822 2014 895 2046 ibid.
920 2013 1003 2045 reike
1014 2015 1077 2045 sen·

241 2071 283 2104 tit
294 2069 336 2102 de
346 2064 622 2110 appellationibus
633 2062 795 2099 Romanis
806 2085 814 2096 .
839 2062 912 2096 ibid.
940 2061 1080 2097 Recedit

239 2119 259 2153 ὲ
270 2117 466 2163 profeffione
479 2114 622 2148 veritatis
633 2136 644 2155 ‚
668 2122 768 2157 quam
779 2113 897 2146 fecerat
910 2111 951 2145 de
978 2111 1079 2147 Sardi-

243 2168 390 2205 eensibus
401 2164 618 2208 Canon1bus,
644 2161 688 2201 18.
703 2174 733 2199 2·
761 2161 919 2198 Labitur.
1007 2162 1078 2195 ibid.

192 2218 333 2257 Gerbais
346 2217 466 2253 recedit
478 2216 495 2251 a
510 2218 615 2260 prima
626 2215 680 2248 sua
693 2213 851 2248 sententia
863 2237 870 2248 ,
898 2223 953 2250 20.
970 2225 996 2249 1·
1008 2212 1078 2245 Ma·

240 2271 273 2307 le
291 2270 390 2307 docet
401 2269 554 2304 Sanctum
566 2267 716 2303 Leonem
730 2264 843 2297 errasse
854 2286 866 2304 ,
892 2262 981 2310 quod
1001 2263 1078 2299 Gal-

240 2323 427 2359 licanorum
439 2318 678 2360 Episcoporum
701 2316 813 2349 causas
825 2313 940 2348 Romae
950 2324 1080 2357 cogno-

241 2370 418 2411 veritnbid.
442 2367 595 2412 Ejusdem
607 2365 697 2401 sensa
717 2364 752 2401 &
764 2373 886 2399 errores
909 2364 995 2400 circa
1017 2362 1081 2399 Im-

243 2419 400 2467 peratoris
412 2416 565 2451 Gratiani
577 2417 686 2460 legem
697 2438 705 2449 .
981 2424 1039 2463 35.
1059 2428 1078 2445 ι.

194 2475 228 2509 S.
239 2470 358 2506 Gelasii
371 2467 508 2514 epistola
519 2466 560 2502 ad
574 2464 729 2502 Faustum
740 2462 936 2508 Magistrum
946 2463 964 2498 a
977 2465 1080 2510 Qes·

242 2522 336 2557 nello
361 2518 474 2564 agnita
490 2518 573 2554 citat
586 2517 743 2551 Canones
756 2539 767 2555 ,
793 2519 844 2558 qul
863 2515 1078 2556 appellationes

243 2578 335 2611 totius
346 2567 481 2610 Ecclefiae
504 2568 549 2602 ad
557 2571 699 2600 Romanae
708 2567 794 2599 Sedis
814 2576 940 2598 examen
962 2565 1079 2599 voluere

245 2622 379 2667 desem,
405 2616 525 2664 abipsa
547 2620 617 2654 verb
629 2618 784 2662 nunqutim
804 2616 953 2661 appellari
974 2615 1079 2650 debere

239 2672 411 2716 sanxerunt
423 2694 431 2702 .
954 2663 1033 2714 287.
1051 2678 1078 2704 1.

195 2722 377 2759 Gerontius
398 2720 569 2756 sceleratus
587 2717 695 2752 Sansti
716 2715 883 2752 Ambrosii
902 2716 1078 2752 ex·Diaco-

245 2785 308 2809 nus
328 2770 565 2808 circumscribit
577 2767 773 2804 Helladium
793 2767 1031 2801 Caesaraeensem
1045 2767 1078 2800 in

245 2823 458 2868 Cappadocia
470 2821 670 2865 Episcopum
679 2842 692 2862 ‚
718 2818 752 2854 ἀ
763 2818 967 2853 cousecratur
978 2816 1078 2853 Nico·

240 2873 420 2911 medienfis
432 2872 608 2917 Episcopus
617 2895 625 2903 .
993 2866 1050 2914 46.
1061 2879 1080 2900 ι.

200 2925 354 2960 Gratiani
375 2924 541 2959 decretum
562 2945 574 2961 ‚
599 2931 642 2956 an
663 2918 807 2956 Ecclesia
832 2917 944 2964 quoad
964 2918 1079 2952 omnia

251 2974 458 3018 probaverit?
967 2980 1034 3015 177.
1048 2978 1081 3003 2.

201 3026 351 3060 Gratiani
371 3026 404 3060 δε
415 3021 647 3059 Valentiniani
659 3020 700 3056 de
712 3019 876 3055 Romanis
893 3019 1084 3063 appellatio-

252 3074 348 3111 nibus
374 3075 463 3120 leges
486 3097 497 3113 ‚
522 3084 564 3109 an
590 3072 651 3108 snut
673 3071 845 3109 contrariae
866 3069 1083 3105 canonibus?

256 3135 310 3175 32.
321 3136 340 3160 ι·
370 3136 423 3171 39.
435 3137 467 3162 2.

203 3174 359 3210 Gratiani
374 3173 578 3217 Imperatoris
602 3173 657 3209 lex
668 3173 709 3208 de
724 3169 906 3215 judicandis
918 3169 1086 3214 Episcopis

256 3226 274 3259 ὲ
286 3225 442 3259 Romano
451 3223 615 3259 Pontifice
628 3250 636 3259 .
662 3234 719 3274 35·
730 3235 753 3258 ι,
779 3223 863 3259 Non
875 3219 961 3257 haefit
973 3222 1007 3256 in
1021 3232 1087 3264 per-

206 3324 359 3361 Gratiani
393 3324 448 3359 lex
466 3321 612 3358 adversus
637 3323 846 3359 parmensem
881 3268 1087 3356 azgliut‘gglai:

259 3386 340 3414 num
353 3373 551 3421 Episcopum
563 3395 574 3415 ‚
599 3372 684 3407 nihil
694 3375 797 3410 saucit
808 3366 972 3410 Romanis
984 3370 1087 3417 appel-

259 3276 339 3311 sona
351 3273 450 3310 solius
460 3274 604 3307 Damasi.

924 168 1146 217 ,Iun

1219 186 1243 215 E
1313 185 1338 216 Χ

1197 255 1379 292 lationibus
1390 259 1589 295 contrarium
1601 287 1609 296 .
1814 259 1868 308 91.
1883 274 1912 300 2.
1924 268 1959 304 (α
1966 266 2028 313 seq,

1147 305 1298 345 Gratiani
1320 308 1375 345 lex
1397 309 1482 355 apud
1492 311 1699 352 Orientales‚
1725 312 1834 359 quoad
1855 312 1947 349 illam
1963 328 2030 360 par-

1196 367 1286 398 tem,
1312 369 1384 404 quae
1408 361 1494 403 apud
1519 362 1606 406 ipsos
1631 364 1747 398 servari
1773 374 1922 408 poterat,
1947 366 2031 401 sem-

1195 419 1250 450 per
1270 408 1382 444 fuitin
1402 410 1528 446 summa
1551 414 1751 455 reverentia,
1776 425 1815 450 ac
1840 414 1935 459 plena
1956 415 2033 451 obe·

1193 459 1339 515 dientia,
1368 470 1421 511 39.
1436 471 1469 498 2.
1490 461 1545 498 Ad
1560 462 1715 500 *Ecclefiae
1738 463 1902 500 Africanae
1923 476 2032 509 preces

1193 519 1352 544 innovata
1368 510 1477 556 quoad
1500 511 1708 556 posteriorem
1723 526 1846 558 partem
1858 526 1916 563 per
1927 515 2030 559 Impe-

1195 569 1332 596 ratorem
1344 560 1525 598 Arcadium
1545 563 1581 601 δε
1593 563 1783 601 Honorium
1797 590 1805 598 .
1951 566 2031 601 ibid.

1144 607 1294 645 Gratiani
1319 610 1372 645 lex
1384 622 1453 645 non
1476 611 1610 648 haefitin
1632 615 1698 651 sola
1719 617 1854 659 persona
1873 616 2031 661 Damasi,

1194 659 1245 694 sed
1269 660 1494 705 fuitperpetua
1516 663 1669 707 interpres
1680 677 1718 699 ac
1740 668 1912 701 executrix
1924 667 2035 701 Cano·

1193 710 1244 745 nis
1268 711 1474 754 Apostolici.
1503 723 1555 761 39.
1570 723 1602 752 2.
1627 714 1747 763 Viguit
1769 716 1804 751 in
1817 717 1927 752 Gallia
1952 730 2034 752 tem·

1193 770 1271 805 pore
1282 761 1449 798 Bonifacii
1465 763 1641 799 Pontificis
1655 789 1663 797 .
1925 778 1983 816 45.
1998 781 2031 805 2,

1144 809 1335 848 Graecorum
1350 812 1432 850 ritus
1451 814 1492 849 de
1506 815 1606 860 pallio
1620 815 1693 853 sunt
1712 816 1854 852 omnino
1866 816 2034 862 Apostoli-

1194 871 1268 895 cum
1288 861 1498 899 institutum.
1734 891 1737 893 -
1781 858 1859 909 πῶς
1913 878 1982 916 197·
1998 879 2031 906 2.

1143 910 1172 945 S,
1187 910 1344 959 Gregorii
1369 915 1418 947 M.
1443 914 1580 959 epistola
1601 914 1641 950 ad
1664 916 1870 954 Columbum
1892 916 2032 955 debebat

1192 961 1367 1004 praecedere
1389 963 1560 1008 epistolam
1584 966 1625 1001 ad
1653 968 1870 1004 Mauritium.
1897 966 1977 1006 286·
1998 981 2031 1004 2-

1193 1012 1346 1059 Gregorii
1360 1015 1559 1059 Mepistolae
1582 1028 1683 1063 egent
1702 1019 1863 1054 revisione
1885 1020 2033 1053 &corre-

1191 1062 1317 1098 stione.
1346 1064 1493 1108 Epistola
1518 1070 1569 1104 16.
1600 1067 1641 1102 ad
1674 1068 1880 1104 Columbum
1899 1069 2031 1105 deberet

1191 1112 1255 1169 esse
1276 1116 1428 1151 omnium
1441 1140 1453 1157 ,
1477 1116 1564 1154 circa
1585 1118 1755 1155 materiam
1771 1118 1814 1154 de
1825 1130 1888 1166 qua
1901 1120 2031 1165 agitur,

1193 1173 1313 1205 prima,
1952 1169 2027 1206 ibid„

1145 1212 1174 1248 S.
1185 1213 1338 1258 Gregorii
1346 1214 1397 1249 Μ.
1408 1224 1556 1259 tempore
1567 1227 1635 1250 non
1651 1216 1713 1251 soli
1725 1216 1883 1252 Afrorum
1897 1217 1959 1262 Epi
1965 1219 2032 1252 sco-

1193 1263 1225 1320 pi
1243 1287 1253 1306 ‚
1280 1264 1332 1299 sed
1344 1264 1443 1302 etiam
1461 1265 1598 1303 inferior
1608 1266 1725 1303 Clerus
1736 1266 1880 1304 Romam
1893 1266 2033 1311 appella·

1194 1321 1259 1348 vit.
1904 1319 1949 1354 23
1979 1327 2028 1354 -z-

1144 1364 1173 1399 S,
1199 1362 1355 1410 Gregorii
1376 1366 1546 1403 M-rextus
1569 1367 1718 1403 vitiatus.
1746 1366 1814 1418 196.
1828 1378 1856 1407 1.
1884 1329 2031 1403 ProsNi-

1191 1416 1331 1451 comediae
1341 1441 1351 1459 ‚
1379 1417 1556 1463 legendum
1569 1422 1603 1453 N
1605 1419 1719 1459 icopolis
1733 1442 1740 1452 .
1952 1417 2029 1452 ibid.

1142 1464 1172 1499 S.
1184 1463 1364 1510 Gregorius
1376 1467 1425 1502 M.
1437 1467 1538 1502 etiam
1551 1468 1584 1503 in
1601 1469 1703 1513 prima
1713 1467 1868 1503 instantia
1886 1467 1956 1514 agit
1968 1468 2031 1503 ad-

1195 1516 1305 1554 versus
1318 1516 1551 1563 Metropolitas
1564 1542 1572 1551 .
1982 1544 1989 1551 .
2022 1543 2031 1554 .

1143 1567 1171 1604 S.
1185 1564 1367 1612 Gregorius
1381 1567 1430 1603 M,
1452 1567 1591 1613 gestavit
1615 1580 1683 1603 non
1698 1567 1858 1611 latinum,
1885 1568 1940 1604 sed
1952 1579 2031 1615 grae·

1194 1628 1271 1651 cum
1291 1616 1436 1654 Pallium
1461 1642 1469 1652 ‚
1495 1627 1574 1654 201·
1596 1629 1627 1655 1.
1665 1618 1847 1664 Gregorius
1883 1619 2031 1665 Magnus

1193 1667 1391 1713 quandoque
1403 1668 1509 1704 latino
1519 1691 1530 1711 ,
1550 1668 1751 1717 quandoque
1762 1680 1869 1717 graeco
1878 1669 2032 1705 urebatur
2093 1668 2096 1671 ’

1194 1718 1315 1761 pallio.
1902 1729 1982 1756 201·
1995 1730 2029 1758 ι.

1007 1768 1079 1802 ibici.
1144 1769 1173 1804 S.
1190 1769 1372 1814 Gregorius
1385 1770 1432 1803 M.
1448 1769 1546 1814 quale
1557 1769 1693 1814 pallium
1704 1769 1876 1815 gestaverit
1888 1770 1900 1805 ?
1929 1787 1937 1803 ι
1943 1770 1995 1817 38.
2010 1783 2028 1803 ι.

1197 1819 1279 1854 Non
1301 1819 1539 1862 fuitlatinum‚
1565 1821 1618 1856 sed
1635 1819 1804 1856 Graecum.
1831 1821 1905 1853 ibid.
1935 1820 2032 1854 Acoe-

1192 1871 1340 1906 metensis
1351 1868 1542 1906 Monachus
1564 1882 1604 1906 an
1618 1871 1812 1908 sententiam
1824 1871 1943 1907 Felicis
1962 1881 2030 1904 ter-

1192 1920 1231 1953 tii
1244 1920 1382 1955 affixerit
1398 1921 1583 1963 Episcopali
1595 1920 1696 1963 Pallio
1709 1921 1847 1955 Aeacii.
1925 1920 1992 1968 176.
2009 1931 2030 1953 ι.

1144 1969 1328 2012 Gregorius
1342 1969 1391 2002 M.
1414 1968 1588 2012 quomodo
1608 1968 1694 2001 circa
1716 1968 1952 2011 appellationes
1963 1970 2032 2002 Ro·

1181 2028 1306 2058 (menas
1315 2018 1421 2058 egerit
1442 2018 1479 2052 in
1490 2017 1627 2053 Gallia?
1654 2027 1723 2063 ¹40·
1740 2027 1769 2053 ι.
1795 2017 1983 2065 Qomodo
1994 2019 2031 2050 iu

1194 2063 1380 2107 Hispania?
1914 2075 1984 2111 140.
1997 2078 2028 2102 2.

1148 2114 1329 2158 Gregorius
1341 2111 1574 2151 Nazianzenus
1589 2114 1871 2158 propugnaculum
1884 2116 1959 2150 fidei
1970 2115 2034 2150 Ca·

1192 2164 1323 2199 tholicae
1332 2163 1482 2199 adversus
1493 2165 1636 2200 Arianos
1645 2188 1653 2196 .
1684 2175 1750 2211 117.
1764 2176 1794 2201 1·
1821 2166 1927 2215 Qod
1937 2166 2032 2200 Aria-

1193 2214 1228 2250 ni
1241 2213 1397 2249 haberent
1416 2224 1531 2249 omnes
1543 2215 1700 2250 Ecclefias
1709 2237 1720 2254 ,
1745 2215 1790 2250 est
1811 2217 2031 2251 concionatus

1194 2263 1253 2301 sub
1263 2265 1322 2301 dio
1331 2289 1342 2308 ‚
1368 2264 1509 2312 ideoque
1530 2265 1573 2302 ab
1586 2265 1723 2303 Arianis
1743 2266 1848 2311 passus
1867 2267 2031 2302 solemnes

1196 2315 1335 2360 lapides.
1956 2315 2030 2349 ibid.

1142 2365 1323 2410 Gregorius
1332 2363 1538 2399 Turonensis
1552 2375 1611 2407 pro
1622 2363 1898 2408 appellationibus
1910 2362 2034 2399 Roma·

1195 2418 1247 2450 nis
1257 2413 1275 2448 ὲ
1291 2415 1400 2449 Gallia
1410 2415 1466 2448 dat
1478 2413 1708 2450 testimonium
1719 2438 1729 2447 .
1940 2425 1985 2450 21.
1996 2424 2029 2451 2.

1145 2466 1384 2501 Gummitanus
1397 2463 1598 2509 Episcopus,
1618 2476 1676 2499 cur
1684 2464 1770 2509 apud
1783 2466 1936 2501 Sanctum
1948 2466 2035 2501 Leo-

1192 2528 1269 2551 nem
1280 2525 1407 2550 nonum
1430 2515 1632 2558 praetenderit
1642 2514 1943 2563 Carthaginensem
1956 2516 2032 2559 Epi·

1191 2567 1325 2611 scopum
1336 2566 1353 2600 a
1366 2565 1513 2600 Primatu
1523 2565 1718 2602 excludere?
1922 2576 1996 2613 ¹49·
2008 2577 2031 2599 ι.

1140 2617 1377 2653 Gummitanus
1390 2616 1589 2659 Episcopus,
1619 2615 1699 2657 quid
1722 2617 1929 2652 attentaverit
1946 2617 2034 2650 circa.

1192 2666 1458 2714 Carthaginenfis
1470 2666 1617 2703 Ecclesiae
1626 2664 1823 2714 dignitatern
1836 2667 1853 2702 ἒ
1908 2677 1924 2704 1
1931 2673 1951 2715 ς
1955 2679 1987 2714 5-
1997 2676 2031 2704 2.

1527 2765 1633 2854 H

1254 2916 1578 2954 ElladiiTharsenfis
1593 2917 1815 2962 Metropolitz
1831 2917 1968 2961 epistola
1991 2918 2033 2954 ad

1277 2971 1419 3006 Xixtum
1433 2969 1631 3004 Pontificem
1644 2970 1769 3002 noviter
1780 2978 1903 3010 reperta
1914 2993 1922 3001 .
1955 2978 2030 3018 327.

1195 3033 1228 3057 2.
1258 3023 1293 3055 Θ·
1298 3019 1359 3064 seq.
1388 3018 1560 3054 Valedixit
1582 3018 1745 3055 schismati
1765 3041 1776 3059 ‚
1801 3018 1836 3052 &
1859 3019 2033 3063 permansit

1198 3072 1399 3115 Episcopus.
1901 3079 1978 3117 332.
2000 3081 2032 3108 2.

1148 3121 1313 3159 Henricus
1325 3119 1535 3161 Leodienfis,
1558 3117 1637 3162 quid
1650 3117 1780 3154 senserit
1801 3116 1841 3151 de
1853 3118 2032 3153 pontificia

1199 3171 1357 3218 potestate
1370 3168 1515 3204 solvendi
1529 3191 1540 3209 ‚
1567 3178 1623 3202 aut
1637 3168 1762 3212 ligandi
1784 3167 1851 3204 fine
1872 3170 2031 3205 consensu

1198 3233 1255 3258 aut
1268 3220 1485 3255 ratificatione
1510 3219 1629 3262 proprii
1643 3218 1844 3254 Sacerdotis.
1947 3228 2001 3265 55.
2015 3228 2033 3253 ι.

1152 3273 1285 3308 Haerefis
1305 3271 1427 3306 crimen
1445 3267 1628 3307 sufficiens,
1653 3279 1690 3303 ut
1713 3268 1930 3313 Metropolita
1952 3268 2035 3311 judi·

1204 3332 1294 3358 cetur
1315 3322 1334 3354 ὲ
1358 3319 1486 3363 propria
1502 3317 1657 3361 Synodo.
1691 3328 1829 3364 33.1.2.
1858 3318 1965 3354 Debet
1991 3330 2035 3351 tar

1205 3384 1282 3410 men
1294 3370 1358 3406 esse
1369 3368 1554 3405 manifesta»
1581 3368 1650 3403 ibid.
1678 3370 1712 3405 si
1725 3369 1762 3404 fit
1773 3368 1890 3454 dubiar
1899 3368 2034 3452 vill-pa!-

1882 3429 1910 3454 ιθ
1937 3431 1945 3450 ι
1962 3428 1987 3452 18
