2326 3718
341 175 434 222 352

746 176 817 206 De
853 160 1122 206 Romana
1159 162 1623 206 ΑΡΡειιΑτῐοΝε

253 240 354 287 stituit
377 241 591 287 Episcopatum
613 264 625 276 .*
650 245 786 285 Etenim
808 247 956 290 Magnus
981 242 1053 277 Leo
1080 253 1149 276 non
1199 242 1301 285 ÷Julio
1328 268 1338 284 ,
1366 243 1473 278 Sanni
1502 242 1673 278 Athanasii
1700 239 1957 292 appellationem
1984 249 2099 286 admit-

264 297 400 331 Laicam
429 305 486 329 aut
516 294 710 334 Clericalem
738 322 749 338 ,

264 344 540 380 communionem
566 345 729 389 restituit,
756 359 826 390 quae
845 345 893 378 est
919 344 1150 388 Episcopatus.

772 290 839 332 'sed
867 293 1095 338 Episcopalem
1121 294 1152 327 ei
1198 304 1325 340 ¹teme,
1354 306 1390 327 ac
1414 294 1517 337 ipsum
1540 294 1753 336 revefflenoe,
1780 296 1903 339 scripsit
1925 300 1960 334 in
1986 301 2099 335 Eccle-

1214 344 1336 378 siastica
1363 344 1510 378 Historia
1537 360 1548 380 .·
1567 347 1677 390 Julius
1713 342 1940 386 Ecclefiasttcam
1970 348 2098 399 sequens

263 396 402 439 Loquor
421 406 490 430 rem
508 396 708 441 exploratam
722 396 807 440 apud
826 404 944 429 omnes
963 393 1014 428 vel
1035 394 1152 427 leviter
1198 396 1368 437 ¹regulam,
1394 396 1427 428 (y
1450 393 1526 437 ipsias
1549 399 1674 429 Romam
1695 403 1798 430 venire
1817 397 1899 438 juffit
1920 422 1930 438 ,
1957 399 1991 432 Θ
2013 403 2100 438 Diva.

264 446 411 480 imbutos
438 446 664 487 Ecclesiasticae
687 444 907 488 Antiquitatis
927 443 1041 488 peritia
1059 469 1066 477 .
1095 443 1151 476 Vi·
1197 431 1249 497 {no
1270 443 1427 486 Athanasio
1449 447 1653 486 adjudicium
1675 448 1755 481 di'em
1778 448 1861 480 dixit
1881 472 1889 480 .
1913 448 1966 482 Ex
1988 448 2097 490 eadm

262 496 332 530 deri
370 496 491 540 poffint
525 499 666 541 antiquae
701 495 947 533 observationes
985 494 1151 530 Gabrielis
1197 494 1630 541 *Regula‚Theodoretus‚
1655 497 1734 533 dum
1760 498 1831 532 solo
1854 498 2098 542 circumscripto

262 544 480 590 Alba-Spiniei
507 572 517 587 ,
545 546 696 592 Episcopi
719 546 964 581 Aurelianensis
987 567 994 578 .
1022 545 1151 579 Notan-

1213 556 1267 588 per
1290 546 1479 588 Principem
1502 546 1604 580 exilio
1636 547 1823 593 ligabatur,
1849 549 2035 594 perfugium
2056 550 2101 584 fe-

260 596 303 630 da
335 598 408 630 sunt
441 598 475 631 &
502 597 567 629 haec
593 595 828 633 Romanorum
856 596 1058 641 Legatorum
1086 606 1150 628 ver·
1211 597 1257 630 cit
1284 596 1325 630 ad
1357 606 1472 630 omnes
1497 596 1627 640 Imperii
1654 599 1827 633 Ministros
1849 623 1859 638 ‚
1885 600 1919 633 ὅ(
1945 610 2043 633 notos
2065 600 2100 635 &

260 644 300 681 ba
323 661 334 681 .-
360 649 438 680 snus
463 647 572 678 latterae
597 645 636 679 ab
663 657 694 679 eo
720 648 765 679 ad
790 645 918 687 nostram
945 646 1150 679 Humilitatem

257 696 380 730 ds'redae
404 694 551 735 testantur
577 721 584 730 .
626 695 779 732 Laudant
806 698 927 733 litteras
955 721 967 737 ,
1003 707 1083 740 quas
1109 695 1149 729 de

259 746 468 780 Theodoreti
506 746 717 782 revestitione
753 759 791 783 ac
834 747 1039 790 reparatione
1076 746 1148 780 Ma-

257 807 343 840 gnus
369 796 440 829 Leo
468 795 510 830 ad
537 797 613 831 suos
639 795 784 842 Legatos
818 799 984 842 scripserat
1010 819 1023 839 ‚
1059 795 1147 833 ideo-

256 857 319 890 que
346 843 393 880 hae
421 844 534 881 litterae
557 858 625 881 non
651 846 725 882 sunt
752 860 793 882 ex
822 848 888 883 illis
910 869 921 889 ‚
956 846 998 881 de
1025 847 1146 891 quibus

254 896 350 939 poffit
376 895 467 932 dici.-
494 898 571 931 Tam
589 896 687 942 facile
713 897 862 939 refellitur
876 922 886 939 ‚
916 900 1008 942 quam
1030 896 1147 940 profer·

251 956 304 980 our
326 968 334 978 .
363 945 407 981 Et
435 945 542 983 fabula
569 948 689 984 iterum
714 949 771 982 fibi
799 948 857 992 ipsi
885 959 953 983 non
982 947 1120 982 cohaeret
1137 972 1144 980 .

253 996 359 1033 Lucet
399 1007 441 1031 ex
475 991 525 1031 his
554 995 659 1034 verbis
685 1009 697 1033 e
735 999 950 1043 Consequens
975 999 1039 1033 fuit
1061 1021 1072 1038 ,
1110 1007 1144 1030 ut

246 1048 376 1081 eundem
414 1043 453 1081 ab
479 1053 558 1081 omni
585 1047 716 1090 baerefios
749 1050 866 1084 macula
891 1051 1038 1084 mundum
1059 1048 1143 1093 juds-

250 1101 367 1131 caveris
392 1121 400 1129 .
428 1097 528 1134 Certe
556 1098 715 1137 Pontifex
741 1100 886 1145 judicare
913 1111 981 1136 uon
1011 1098 1140 1145 potuit,

249 1147 310 1182 nifi
338 1158 394 1191 per
419 1147 595 1191 judicium.

299 1194 484 1233 Paschasius
519 1196 716 1247 Qesnellus
762 1195 963 1244 compendio
1001 1199 1138 1242 exponit

245 1245 457 1286 Theodoreti
484 1247 688 1283 adversitates
710 1273 720 1288 ‚
746 1250 880 1293 ejusque
904 1250 944 1283 ab
972 1248 1139 1291 Ephesino

246 1296 444 1334 Latrocinio
456 1294 724 1340 degradationem
743 1322 754 1338 ‚
782 1298 815 1332 &
829 1299 1056 1341 prosequitur.-
1083 1302 1139 1332 Hoc

246 1346 296 1383 ubi
328 1346 452 1390 resbtvt't
473 1349 498 1378 T
498 1346 667 1381 heodoretus
680 1370 691 1386 ‚
715 1348 809 1382 doluit
830 1344 893 1391 ipse
914 1355 1010 1382 vicem
1027 1346 1137 1391 suam,

243 1398 370 1442 quidque
403 1404 523 1440 caperet
551 1395 656 1438 confilu
684 1402 716 1431 In
740 1407 830 1432 tanta
856 1409 956 1432 rerum
977 1398 1137 1440 perturba-

245 1455 325 1483 tione
350 1448 436 1489 apud
454 1444 490 1491 se
514 1454 649 1492 cognatis
675 1469 687 1487 ,
722 1445 1012 1492 circumspiciensque
1035 1460 1136 1483 omnes

244 1498 409 1533 Orientalts
436 1496 569 1540 Ecclesiae
595 1497 758 1542 Episcopo:
787 1523 798 1539 ,
836 1508 891 1533 aut
919 1505 1011 1532 etiam
1034 1498 1136 1542 saecull

242 1549 430 1591 Potestates,
458 1552 607 1583 neminem
624 1554 745 1582 invenlt
768 1560 854 1592 quem
880 1551 988 1589 adire,
1017 1551 1071 1584 vel
1089 1556 1135 1583 cu}

236 1599 313 1645 suas
339 1597 473 1642 querelas
500 1599 616 1641 deferre
637 1600 730 1643 poffet
754 1624 761 1632 .
800 1598 1002 1643 chrysaphius
1029 1609 1110 1633 earm
1125 1625 1134 1640 ,

240 1653 325 1693 cujus
352 1648 462 1692 consilto
487 1648 631 1693 agebatur
658 1655 821 1692 Imperator
847 1675 859 1692 ,
895 1649 1038 1691 Eutychis
1078 1652 1134 1684 Pa-

239 1707 395 1737 trocinium
416 1701 523 1743 palam
551 1703 585 1735 (ν
606 1702 726 1743 publire'
758 1700 930 1745 susceperat
952 1726 959 1733 .
990 1700 1133 1745 Augustus

239 1752 302 1797 ipse
327 1751 528 1786 baereticorum
554 1759 620 1786 arte
649 1749 767 1795 delusus
795 1750 1047 1795 Pseudo-synoda
1066 1749 1135 1794 sen-

238 1808 367 1838 tentiam
387 1802 569 1837 authoritate
587 1800 646 1846 sua
669 1803 808 1836 tuebatur
831 1826 838 1836 .
866 1799 1020 1846 Dioscorus
1043 1808 1134 1835 totius

240 1855 321 1889 illius
346 1852 524 1895 tempestatis
552 1862 619 1887 erat
644 1852 753 1887 author
780 1876 791 1894 ‚
826 1854 862 1887 (τ
885 1852 1004 1894 artifex
1027 1856 1135 1894 praect-

233 1913 316 1948 puus
342 1929 350 1936 .
375 1906 512 1938 Domnus
531 1902 659 1946 fimilem
685 1915 749 1938 cum
776 1901 959 1938 Theodoreto
985 1901 1132 1943 depositio·

240 1960 290 1989 nis
326 1950 511 1997 sententiam
545 1959 700 1994 exceperat
738 1977 747 1984 .
786 1952 1133 1992 constantinopolitanus

238 2003 406 2048 Episcopus
424 2011 484 2045 per
506 2000 759 2040 Eutychianorum
779 1998 875 2043 scelus
904 2001 939 2034 o·
959 2005 1133 2034 immanita-

239 2065 300 2089 tem
319 2052 492 2096 supremum
513 2053 595 2084 diem
617 2050 731 2082 obierat
746 2074 754 2081 .
781 2050 872 2093 ⁸Quid
893 2048 1021 2089 restabat
1044 2048 1132 2082 Theo·

237 2106 339 2138 doreto
364 2103 514 2146 agendum
544 2124 555 2141 ,
591 2099 794 2133 Orientalibus
816 2100 897 2140 pene
921 2098 1057 2134 omnibus
1084 2099 1135 2133 vel

231 2153 408 2197 furentibus
429 2177 439 2193 ,
468 2151 521 2184 vel
546 2151 679 2192 oppreffis
699 2174 711 2190 ‚
737 2151 789 2184 vel
812 2161 850 2183 ne
874 2148 987 2192 bisi-ere
1011 2150 1133 2191 quidem

238 2203 418 2238 audentibus
443 2226 455 2242 ,
481 2199 537 2244 nist
553 2211 586 2234 ut
612 2202 658 2233 ad
680 2201 882 2234 occidentales
896 2199 959 2243 sese
980 2209 1132 2235 converte-

237 2265 282 2289 ret
311 2279 321 2294 ‚
358 2263 512 2295 eorumque
534 2252 628 2294 fidem
667 2261 701 2283 ac
728 2253 909 2294 Religionem
929 2248 1132 2294 sollicitaret?

239 2307 334 2339 Dedit
357 2309 451 2347 igitur
486 2303 607 2335 litteras
632 2301 677 2333 ad
694 2304 821 2334 Leonem
844 2326 855 2341 ,
883 2303 1031 2342 tanquam
1052 2305 1133 2333 Occi·

239 2355 408 2389 demultum
430 2350 667 2389 Patrtarcbam,
692 2356 823 2384 omnlum
849 2349 1061 2392 Episcoporum
1073 2354 1132 2391 Ca-

234 2415 314 2449 pus,
338 2413 376 2436 ac
397 2409 578 2434 communem
591 2406 682 2433 totius
706 2400 842 2442 Ecclefiae
868 2403 1015 2441 Patrem,
1041 2403 1131 2442 eJus,

239 2459 424 2494 omniumque
455 2456 577 2493 pariter
609 2450 779 2483 occidentis
803 2449 1021 2492 Episcoporum
1051 2459 1132 2493 opem

240 2505 406 2548 implorans
432 2526 439 2533 .
478 2501 523 2534 Et
544 2499 694 2544 adjungit
717 2500 815 2535 verba
842 2500 990 2535 Liberati
1013 2501 1132 2536 Diaco-

240 2557 298 2590 ni:
328 2553 526 2587 Theodoretus
548 2548 716 2593 Episcopus
740 2551 836 2593 Papae
855 2549 1011 2595 suggeffit‚
1038 2563 1132 2594 quan-

239 2614 274 2640 ta
294 2604 377 2638 mala
395 2603 556 2646 pertuleris
584 2613 623 2635 ex
644 2599 760 2643 infidit's
782 2600 911 2644 Dioscort‘
933 2626 944 2642 ‚
970 2613 1078 2646 rogans
1099 2610 1131 2636 ut

239 2657 361 2691 celerius
389 2654 445 2687 tali
465 2649 560 2695 causae
569 2650 781 2695 subveniretur
802 2661 857 2694 per
879 2653 972 2685 alium
994 2657 1131 2687 Conven-

239 2717 306 2741 tum
328 2703 542 2748 Episcoporum
562 2725 569 2734 .
598 2702 650 2736 Ex
680 2702 754 2745 ipsis
776 2725 787 2742 ‚
814 2702 972 2746 quoniam
1007 2703 1131 2737 Roma-

240 2769 291 2791 nae
327 2753 556 2798 appellationis
583 2763 653 2786 non
680 2753 903 2787 meminerunt
923 2777 932 2792 ,
960 2752 1130 2787 concludit

240 2806 498 2841 Theodoretum
523 2814 594 2837 non
620 2802 662 2836 ad
689 2803 795 2837 solum
819 2801 1018 2837 Pontificem
1037 2828 1048 2844 ,
1077 2802 1131 2838 sed

241 2858 283 2892 ad
304 2854 501 2890 Generalem
523 2854 699 2896 Synodum
723 2854 928 2897 provocasse.

292 2905 494 2950 Respondeo
513 2902 772 2938 Theodoretum
799 2903 840 2937 ab
868 2904 991 2940 infliAEia
1018 2904 1130 2949 degra-

242 2956 388 2991 dationis
413 2953 531 2999 injuria
555 2965 615 2988 nec
647 2965 703 2997 per
732 2952 932 2989 Dioscorum
953 2980 964 2995 ,
991 2964 1053 2990 nec
1077 2966 1131 2999 per

243 3006 419 3040 Domuum
446 3030 457 3047 ‚
482 3015 543 3039 nec
570 3014 627 3048 per
651 3004 849 3039 Flavianum
878 3028 888 3043 ,
914 3017 974 3039 nec
1001 3017 1056 3049 per
1084 3006 1130 3039 ul·

244 3055 315 3090 lum
332 3055 540 3091 orientalem
559 3054 760 3098 Episcopum
777 3080 790 3096 ,
818 3066 879 3091 nec
897 3055 973 3089 item
998 3067 1053 3099 per
1073 3056 1128 3090 im·

246 3104 327 3149 petii
350 3105 553 3145 potestates,
582 3103 637 3139 sed
660 3104 764 3148 juvari
788 3106 927 3148 potuisse
952 3117 1006 3149 per
1027 3106 1128 3140 solam

246 3155 434 3190 Romanam
459 3155 639 3191 Ecclesiam
660 3180 667 3188 .
698 3156 785 3202 Qis
812 3157 956 3199 unquam
994 3155 1130 3190 Patriar—

245 3202 309 3240 cha
328 3203 523 3240 'damnatum
543 3207 562 3240 a
581 3206 742 3240 Generali
766 3207 906 3248 Synodo
930 3205 1128 3250 Episcopum

246 3254 434 3293 revestivit,
460 3264 515 3288 aut
534 3256 693 3299 reparavit
711 3257 724 3289 2
754 3255 948 3290 Adducatur
967 3255 1129 3290 authenti-

245 3315 324 3341 cum
348 3302 536 3346 exemplum
562 3328 569 3334 .
597 3306 640 3339 Et
665 3306 726 3340 ista
751 3307 866 3341 omnia
892 3306 1128 3341 Theodoretus

244 3353 373 3400 optime
398 3362 538 3389 noverat
556 3376 564 3385 .
592 3354 725 3390 Etenim
751 3356 794 3392 de
820 3357 939 3393 Sansto
966 3355 1130 3393 Pontifice

1192 645 1345 727 'ignotos
1368 648 1384 689 3'
1403 657 1436 680 at
1462 647 1538 680 vero
1559 646 1613 681 ubi
1641 650 1767 692 accepit
1795 649 1962 691 synodale
1987 648 2100 695 degra-

1209 694 1354 733 dationis
1388 697 1577 738 vinculum,
1606 698 1646 731 ad
1671 700 1771 734 solam
1795 700 1950 745 confugit
1974 700 2099 735 Romae

1210 757 1286 780 nam
1319 747 1496 781 Ecclesiam
1522 772 1529 779 .
1566 748 1739 793 Qidquid
1772 749 1814 784 ad
1841 749 1924 785 alios
1951 750 2097 794 scripsit,

1209 798 1326 840 scripfit
1345 808 1386 833 eo
1408 796 1493 838 fine,
1520 807 1555 832 ut
1578 798 1724 833 Romam
1747 800 1981 843 permitteretur
2006 810 2098 837 acce-

1207 847 1282 881 dere
1308 870 1315 880 .
1346 847 1474 891 Nempe
1499 849 1605 882 cla-res
1629 873 1640 889 ‚
1667 849 1785 893 quibus
1812 849 1994 893 synodalia
2026 851 2098 894 pos-

1207 898 1269 931 sint
1297 898 1378 932 solvi
1406 899 1538 933 vincula
1563 923 1573 938 ,
1604 898 1754 934 Christus
1782 901 1952 936 Dominus
1987 901 2096 944 posuit

1206 950 1238 981 in
1266 947 1323 982 ista
1344 948 1411 982 sola
1435 946 1620 983 Cathedra.
1650 948 1755 984 Porro
1779 951 1950 987 Liberatus
1973 951 2096 986 Diaco-

1208 1009 1267 1033 nus
1292 998 1439 1033 adduciis
1468 1011 1521 1043 per
1548 996 1751 1035 paschasium
1789 1002 2004 1048 Qiesnellum
2030 1012 2096 1036 ver·

1205 1046 1254 1083 bis
1273 1049 1452 1094 adjungit:
1480 1054 1533 1083 Ne
1565 1049 1705 1083 haereti'ca
1744 1052 1916 1090 Eutycbetls
1953 1053 2094 1096 dogmata

1201 1106 1414 1140 permanerent
1440 1101 1460 1133 a
1487 1098 1622 1142 Dioscoro
1646 1101 1821 1144 confirmata
1845 1126 1852 1134 .
1883 1102 2016 1136 Horum
2044 1102 2095 1136 ni-

1206 1148 1254 1184 hil
1275 1149 1513 1187 Theodoretus
1536 1149 1634 1183 habet
1655 1150 1690 1183 in
1717 1150 1773 1185 illa
1798 1175 1808 1190 ,
1835 1163 1906 1196 quae
1926 1151 2022 1186 nobis
2043 1153 2094 1185 su.

1207 1198 1306 1241 peres}
1334 1223 1345 1238 ‚
1368 1197 1408 1231 ad
1434 1198 1580 1232 Leonem
1604 1199 1742 1242 epistola
1765 1225 1772 1233 .
1808 1200 1953 1235 Proinde
1986 1203 2092 1244 piures

1206 1248 1323 1291 scripsit
1347 1247 1387 1280 ad
1412 1247 1610 1282 Pontificem
1632 1249 1757 1283 litteras
1781 1273 1788 1280 .
1818 1251 1878 1284 Per
1900 1250 1979 1284 alias
2000 1252 2093 1288 suam

1205 1298 1458 1341 appellationem
1483 1298 1524 1333 ab
1542 1298 1613 1342 ipso
1640 1299 1712 1333 folo
1735 1323 1745 1339 ,
1774 1309 1827 1342 per
1856 1301 1935 1334 alias
1974 1300 2095 1347 suppli-

1203 1348 1289 1382 cavit
1310 1347 1385 1381 fidei
1422 1349 1551 1382 causam
1582 1350 1743 1383 retractari
1769 1348 1811 1382 ab
1836 1351 1899 1384 alia
1928 1350 2089 1393 Synodo.

1205 1397 1309 1433 Dedit
1330 1397 1614 1441 prudentissimum
1643 1399 1815 1433 consilium
1838 1424 1845 1433 .
1874 1400 1968 1433 Hinc
1994 1399 2091 1434 Libe-

1201 1457 1288 1482 ratus
1309 1449 1532 1491 prosequitur:
1560 1448 1740 1489 Forttffimus
1767 1451 1827 1482 Leo
1844 1474 1854 1490 ,
1882 1451 2009 1483 audiens
2034 1453 2092 1483 Le-

1195 1509 1337 1543 gatorum
1357 1496 1476 1541 suorum
1495 1495 1726 1542 suggestionem,
1752 1499 1969 1534 &Theodorerl
1991 1510 2090 1542 quere-

1199 1551 1247 1582 las
1267 1544 1430 1591 fuftiplens
1450 1570 1461 1587 ‚
1485 1549 1597 1582 litteris
1625 1546 1691 1592 suis
1717 1546 1901 1592 Theodosium
1928 1554 2091 1592 Imperato-

1199 1609 1263 1633 rem
1285 1600 1318 1632 &
1337 1597 1525 1632 Pulchertam
1546 1599 1702 1642 Augustam
1718 1606 1821 1643 petit,
1848 1610 1882 1633 ut
1900 1599 1985 1643 fieret
2006 1606 2091 1633 intra

1199 1650 1322 1682 Italiam
1354 1650 1498 1683 Generale
1527 1648 1692 1682 Concilium
1717 1674 1729 1690 ,
1767 1650 1801 1684 Θ
1820 1650 1986 1685 aboleretur
2007 1661 2090 1684 error

1199 1699 1271 1741 fidet
1292 1708 1350 1741 per
1375 1701 1553 1733 violentiam
1580 1698 1713 1743 Dioscori
1735 1699 1844 1743 fae‘lus
1870 1725 1877 1734 .
1905 1702 2090 1734 Valentinia-

1198 1761 1268 1782 num
1299 1757 1396 1782 autem
1429 1754 1642 1793 Imperatorem
1668 1774 1679 1791 ,
1705 1750 1739 1783 δ’
1759 1752 1935 1784 Eudoxum
1966 1761 2088 1789 uxorem

1197 1801 1372 1842 deprecatus
1395 1800 1434 1840 est
1456 1825 1467 1842 ‚
1493 1810 1528 1834 ut
1549 1804 1761 1842 Imperatorem
1780 1799 1966 1842 Theodosium
1987 1800 2090 1834 borta-

1196 1860 1301 1884 rentur
1335 1851 1427 1883 aliam
1457 1851 1527 1894 fieri
1547 1853 1694 1898 synodum
1726 1851 1771 1885 ad
1794 1850 1993 1885 retratqanda
2010 1850 2086 1892 illa,

1195 1912 1262 1943 quae
1281 1902 1301 1932 ἄ
1329 1900 1476 1945 Dioscoro
1494 1902 1573 1935 mali?
1595 1902 1665 1936 ada
1701 1902 1735 1935 (9
1750 1910 1937 1944 perpetrata
1954 1900 2089 1943 fuerant

1195 1955 1227 1981 in
1249 1951 1442 1982 damnatione
1466 1951 1618 1983 Flavians
1639 1948 1781 1992 Episcopt
1806 1974 1818 1989 ,
1844 1952 1879 1984 &⁶
1903 1950 2089 1983 orthodoxo-

1194 2010 1262 2031 rum
1281 1997 1469 2040 depositione.
1499 1999 1647 2044 Rogavit
1668 1999 1739 2033 fieri
1759 1999 1933 2042 Synodum
1959 2011 2029 2034 nou
2043 1997 2085 2033 ad

1196 2047 1391 2080 Flavianum
1414 2058 1453 2080 ac
1474 2048 1557 2080 alios
1578 2048 1774 2090 degradatos
1799 2048 1979 2091 Episcopos
2001 2059 2090 2082 reve·

1195 2094 1340 2131 stiendos
1367 2120 1378 2137 ‚
1413 2095 1466 2129 sed
1500 2096 1542 2130 ad
1574 2098 1720 2140 ipsorum
1751 2099 1883 2132 causam
1920 2099 2090 2132 retraetan-

1195 2146 1270 2181 dam
1292 2169 1303 2186 ,
1330 2146 1363 2180 &
1387 2145 1559 2190 praesertim
1585 2146 1626 2181 ad
1653 2145 1856 2182 abolendum
1887 2157 2030 2182 errorem
2052 2147 2091 2182 fi·

1193 2195 1246 2231 dei
1274 2218 1283 2230 .
1321 2196 1469 2242 Rogavit
1496 2205 1607 2231 motus
1633 2196 1652 2230 a
1680 2197 1880 2242 Legatorutu
1911 2196 2090 2244 suggestio·

1197 2260 1257 2288 ne,
1285 2248 1319 2281 δε
1341 2246 1548 2282 Theodoreti
1569 2247 1786 2291 querimoniis
1806 2273 1814 2281 .
1847 2251 1894 2284 At
1919 2252 1998 2283 vero
2025 2248 2090 2283 Le·

1193 2309 1345 2342 gatorum
1379 2296 1624 2341 suggestionem
1656 2295 1784 2331 audivit
1817 2298 1852 2331 in
1878 2299 1933 2332 sua
1955 2296 2089 2332 Roma-

1195 2359 1236 2382 na
1262 2347 1401 2390 Synodo
1433 2359 1440 2379 :
1478 2344 1624 2380 Proinde
1649 2344 1746 2380 isthic
1773 2345 1931 2381 audivisse
1957 2346 2088 2382 videtur

1193 2399 1293 2440 etiam
1320 2395 1532 2436 Theodoreti
1559 2397 1783 2441 querimonias
1803 2421 1815 2437 ,
1839 2409 1878 2432 ac
1905 2397 2012 2441 ipsum
2039 2408 2089 2433 re-

1198 2447 1338 2484 vestisse.

1244 2496 1438 2533 Paschasius
1458 2496 1657 2544 Qesnellus
1670 2497 1794 2543 pergit:
1821 2498 1880 2532 Sed
1888 2494 1983 2542 ipsum
1998 2493 2090 2532 rhoo-

1194 2551 1331 2583 doretum
1365 2549 1524 2583 audiamus
1548 2571 1559 2589 ‚
1600 2551 1646 2583 tta
1677 2553 1805 2583 Leonem
1837 2550 1965 2590 nostrum
1981 2556 2038 2590 pro
2058 2546 2090 2591 se

1193 2602 1387 2642 alloquentem
1415 2625 1422 2632 .
1451 2599 1527 2644 Ego
1547 2610 1659 2635 autern
1681 2624 1692 2639 ‚
1717 2605 1816 2641 inquit
1841 2624 1853 2640 ,
1885 2598 2089 2642 Apostolico-

1194 2651 1300 2685 vestrae
1319 2649 1409 2684 Sedis
1442 2652 1592 2693 exspesso
1626 2650 1822 2685 sententiam
1844 2674 1855 2690 ,
1884 2650 1917 2684 δε
1941 2649 2089 2693 supplico

1193 2701 1226 2736 &
1247 2700 1386 2735 obsecro
1408 2696 1546 2735 vestram
1566 2701 1778 2736 Sanstitatem
1799 2725 1810 2741 ,
1837 2710 1872 2734 ut
1893 2699 1976 2734 mihi
2000 2700 2092 2735 invo-

1193 2752 1282 2788 canti
1308 2750 1429 2795 justum
1454 2752 1595 2795 vestrum
1616 2751 1651 2785 &
1665 2753 1786 2786 renum
1808 2750 1972 2794 judicium
1989 2760 2089 2792 opem

1196 2801 1276 2837 ferat
1300 2826 1311 2842 ‚
1340 2802 1374 2835 &
1400 2800 1511 2843 jubeat
1540 2800 1580 2840 ad
1609 2813 1668 2836 vos
1694 2801 1806 2836 venire
1830 2825 1841 2842 ,
1867 2801 1901 2835 ec
1917 2798 2088 2834 ostendere

1195 2862 1302 2887 meam
1335 2851 1519 2886 dostrinam
1556 2852 1691 2897 vestigia
1729 2850 1921 2895 Apostolica
1953 2849 2088 2891 sequen·

1195 2913 1263 2937 tem
1287 2925 1295 2934 .
1334 2901 1459 2945 ‚Quibus
1481 2902 1585 2937 verbis
1610 2906 1674 2937 duo,
1696 2901 1775 2935 mih)
1795 2899 1943 2942 postulare
1964 2901 2088 2933 videtur

1193 2953 1391 2987 Theodoretus
1413 2977 1420 2985 .
1468 2953 1607 2986 Primum
1642 2953 1757 2994 quidem
1787 2959 1826 2982 ex
1851 2949 1954 2982 Sancqt'
1977 2951 2088 2982 Leonte

1191 3002 1344 3046 s'ententia
1365 3003 1399 3036 Θ
1413 3001 1545 3045 consilio,
1572 3004 1718 3044 :annatim
1740 3000 1984 3040 Prudenttffimt',
2011 2995 2089 3039 Pris-

1189 3053 1313 3096 fimique
1335 3053 1482 3097 Praesulis
1511 3077 1523 3093 ,
1547 3054 1642 3087 doceri
1667 3057 1746 3092 cupit
1767 3074 1778 3090 ,
1821 3061 1863 3082 an
1882 3051 1998 3090 judicio
2019 3052 2088 3080 Dio-

1187 3102 1370 3148 scors'tpsum
1384 3104 1464 3144 stare
1480 3099 1623 3146 satmsfis
1642 3110 1700 3142 pro
1723 3099 1858 3142 Ecclefiae
1869 3108 1968 3141 pace,
1993 3102 2087 3141 quam

1194 3156 1323 3189 altarum
1350 3155 1522 3194 synodorum
1546 3151 1698 3184 -Trtbunal
1724 3152 1783 3192 pul
1795 3162 1846 3184 are
1872 3174 1884 3190 ,
1920 3151 2001 3192 quod
2024 3153 2085 3191 qui-

1192 3207 1261 3239 dem
1287 3215 1437 3239 novarum
1449 3201 1537 3243 forte,
1560 3200 1720 3234 turbarum
1746 3199 1848 3242 occafio
1874 3201 1924 3242 effe
1944 3206 2085 3242 poterat.

1191 3259 1237 3288 Et
1271 3254 1320 3288 hu
1346 3254 1465 3296 quldem
1502 3251 1542 3292 est
1564 3256 1734 3293 primorum
1768 3250 1928 3285 verborum
1954 3247 2082 3292 sensns.-

1192 3304 1390 3348 Apostolicae
1417 3302 1523 3337 vestra:
1562 3302 1654 3336 Sedis
1690 3302 1839 3343 exspesto
1870 3300 2080 3334 sententiam.

1192 3358 1297 3399 ‚Quam
1307 3357 1581 3396 interpretationem
1604 3363 1663 3386 non
1682 3362 1721 3385 ex
1732 3351 1825 3391 nostro
1833 3375 1847 3392 ,
1869 3348 1930 3394 sed
1942 3346 2080 3430 {ozipfius

1989 3407 2030 3429 eo-
