2326 3718
429 169 496 211 96*

815 157 899 204 DE
948 157 1316 217 GAtrmiNAE
1352 160 1649 210 Ecettsrffi

359 256 440 280 num
468 269 479 284 ,
505 244 540 277 &
567 241 899 287 Philippo-Politanae
923 245 1065 280 audaciae
1091 242 1241 279 authores
1305 255 1368 276 rem
1379 245 1515 282 symm
1527 255 1680 288 converti,
1705 251 1738 284 ὁ·
1743 253 1799 292 jus
1813 254 1893 294 quod
1911 252 2017 287 habere
2031 252 2182 298 se'putat,

357 294 532 337 Episcopi,
559 292 613 327 sed
626 294 757 337 plurimi
771 297 871 330 etiam
884 294 1076 334 Catholici,
1102 295 1159 338 qui
1173 296 1238 329 Sar·

343 343 516 376 ‹dicensem
530 342 715 386 ¹synodum
743 345 924 388 probabant
949 345 982 378 &
995 344 1212 379 admittebant
1230 369 1237 376 .

353 392 559 427 seleuciensis
568 394 723 436 Synodus
736 395 895 429 Acacium
906 405 983 429 cum
994 395 1059 429 suis
1069 419 1080 435 ,
1107 405 1175 428 non
1188 395 1236 429 uti

352 442 572 486 Conjudicem
584 467 599 483 ,-
623 444 676 479 sed
690 445 738 479 uti
753 444 898 478 futurum
908 455 998 478 reum
1022 445 1174 488 evocgavit
1196 444 1235 478 ad

350 491 528 528 reddendas
550 494 691 528 rationes
714 496 760 527 sui
783 494 920 536 Judicii.
950 495 994 528 Et
1004 505 1235 529 contumacem

587 544 669 591 Qae
678 544 791 578 omnia
803 545 874 586 quis
889 555 955 578 non
969 544 1056 578 videt
1068 545 1150 577 fasta
1160 544 1235 578 fuis·

340 594 382 628 'se
394 594 485 636 juxta
500 594 655 628 Cauones
677 593 902 628 sardicenses?
929 594 1042 640 Qare
1066 593 1101 626 δε
1122 594 1231 628 Socra-

342 653 395 678 tes
417 656 472 688 per
486 644 622 687 majores
644 642 771 685 Judices
792 642 933 678 omnino
956 642 1122 677 intellexit:
1142 645 1232 688 supe-

349 543 540 588 degradavit
552 569 559 577 .

339 694 447 729 =riores
458 720 465 728 .

395 744 562 779 Secundus
570 753 657 778 error
666 743 712 777 est
724 767 736 785 ,
763 743 852 786 quod
871 744 1079 780 Seleucienfis
1100 744 1226 779 Conci-

334 795 380 828 ·lii
401 804 544 838 tempore
570 793 712 828 necdum
739 795 818 830 esset
830 793 1226 839 appeliatioal’rovinoiae

332 844 479 887 <synodo
501 843 542 879 ad
570 842 823 881 Patriarchalem
838 870 845 878 .
873 845 1006 879 Etenim
1023 845 1223 880 contrarium

338 894 426 928 lucet
448 906 490 929 ex
509 894 577 938 jam
592 895 736 937 exposita
757 895 975 939 appellatione
1002 894 1124 938 Cyrilli
1144 919 1152 927 .
1180 895 1223 929 Et

328 944 459 989 vviginti
482 944 610 980 circiter
630 944 699 988 post
711 946 806 979 annis
818 944 929 979 habita
941 944 1222 990 Constantinopo-

193 980 268 1018 ἀφ’
288 985 316 1011 6.
329 994 438 1030 ‘litana
460 995 614 1040 Synodus
627 994 756 1028 sanxit.-
782 997 815 1028 51
825 1000 875 1037 qui
884 996 986 1028 dicunt
992 993 1025 1038 se
1035 994 1144 1029 babere
1167 997 1219 1029 alt-

1305 294 1351 326 ad
1367 295 1469 335 plures
1481 298 1640 341 Episcopos
1656 299 1765 341 referre
1778 326 1788 341 ‚
1814 314 1966 346 eorumque
1987 310 2182 338 examinatio-

1296 353 1370 375 ‘nem
1395 354 1429 377 ac
1431 347 1464 389 J
1466 347 1592 382 odicium
1603 348 1765 393 suscipere.
1794 354 1859 394 ‚Qut
1876 358 1965 396 igitur
1989 353 2037 387 bis
2048 364 2180 388 contem-

1297 398 1365 435 ptis
1377 418 1388 434 ‚
1414 399 1586 436 Imperatori
1608 399 1863 443 mdestusfuerst,
1888 409 1915 436 is
1938 405 2019 437 nulla
2029 411 2120 438 venia
2132 406 2184 437 di·

1296 455 1377 486 gnus
1391 468 1401 484 ,
1427 456 1520 487 neque
1534 446 1581 491 sui
1603 449 1788 491 defendendi
1797 452 1887 484 locum
1894 452 2009 488 baleae
2025 479 2037 495 ,
2062 466 2113 489 nec
2124 454 2180 496 fu-

1291 503 1377 527 eturae
1401 494 1588 533 restitutionls
1610 498 1694 542 spem
1721 499 1889 544 exspec‘Jet.
1915 501 1996 536 Non
2023 504 2070 538 est
2095 516 2179 548 opus

1297 546 1534 581 commentario
1552 571 1560 581 .
1587 549 1707 584 Canon
1732 563 1801 585 non
1821 551 2032 586 solummodo
2054 555 2180 595 permit-

1293 594 1358 636 tit,
1383 595 1438 630 sed
1461 595 1517 630 sub
1534 600 1715 641 graviffima
1727 613 1820 646 poena
1841 602 1976 637 mandat
1998 603 2035 638 ἀ
2048 603 2178 647 Episco-

1293 645 1342 687 pis
1366 646 1399 679 δε
1422 645 1583 687 Geticis,
1610 658 1645 681 ut
1657 649 1825 696 Rescripta
1843 652 2083 694 intermittant,
2108 653 2142 688 &
2155 654 2174 688 ὲ

1291 696 1430 738 Synodo
1440 707 1620 739 provocent
1631 697 1673 732 ad
1684 700 1854 741 synodum
1869 727 1875 734 .
1905 701 2036 746 Utique
2055 704 2081 738 aa
2095 702 2175 738 Pro-

1292 745 1423 780 vinciali
1443 746 1485 779 ad
1507 746 1783 784 patriarchalem
1807 752 1966 787 Decimus
1979 759 2111 797 quartus
2137 755 2172 788 &

1286 795 1434 831 'decimus
1444 796 1580 840 quintus
1593 797 1714 833 Canon
1727 797 1811 841 hanc
1820 803 2009 838 facultatem
2026 803 2172 837 limitant

1289 843 1329 879 ad
1349 857 1428 885 eos,
1455 847 1512 888 qui
1525 848 1676 882 unanimi
1697 849 1803 884 totius
1812 850 2029 889 Provincialis
2041 853 2170 897 Synodi

1288 895 1442 941 suffiagio
1453 906 1522 930 non
1534 897 1656 932 fuerint
1666 898 1822 938 damnati.
1850 900 2069 937 unanimiter
2081 904 2171 938 darn-

1280 946 1371 982 natis
1391 945 1539 981 occludit
1557 947 1689 990 januam
1713 948 1969 996 hujusrefugii-¹
1998 951 2041 986 Et
2052 954 2170 988 comta

1284 993 1375 1030 hunc
1385 995 1561 1033 Canonem
1573 998 1696 1041 prodiit
1707 999 1817 1034 sextus
1828 1000 1950 1035 Consta
1956 1001 2170 1046 ntinopolita-

333 1056 412 1088 quas
423 1047 574 1081 adversas
590 1042 769 1086 Episcopum
790 1049 1011 1078 abminationes
1024 1067 1035 1084 ,
1059 1056 1113 1079 eas
1128 1045 1218 1086 jubet
1285 1056 1346 1081 nus
1358 1069 1369 1086 ,
1395 1046 1450 1091 qui
1479 1058 1548 1083 non
1570 1047 1630 1083 nisi
1649 1046 1902 1093 post-exceptam
1921 1051 1939 1084 a
1955 1050 2168 1087 patriarchali

327 1094 438 1139 fanda
458 1097 585 1134 synodus
595 1095 727 1135 primam
737 1095 856 1136 qusdem
867 1095 952 1136 apud
964 1097 1131 1128 Provincia
1142 1099 1217 1137 Ept-

1281 1096 1421 1139 synodo
1441 1097 1634 1132 sententiam
1659 1099 1818 1142 permittit
1829 1101 1967 1146 confugi
1988 1100 2167 1137 adRescti·

326 1144 428 1187 scopu
446 1143 659 1188 accusationem
680 1143 836 1187 prosequi,
865 1147 899 1179 er
914 1147 998 1187 apud
1020 1156 1066 1179 eos
1088 1146 1216 1187 probare
1280 1153 1354 1187 pta.
1379 1144 1442 1181 lste
1453 1147 1544 1181 enim
1555 1149 1660 1184 sextus
1671 1148 1791 1184 Canon
1803 1149 1848 1184 est
1857 1150 1936 1192 ille,
1961 1152 2054 1196 cujus
2072 1152 2166 1197 vigo-

323 1200 455 1229 ‘crimina
476 1192 639 1237 Eplfhopl,
664 1199 716 1236 qui
739 1195 906 1237 aliquarum
919 1205 1015 1229 rerum
1041 1194 1212 1238 accusatur.
1238 1234 1240 1236 Ι

1272 1205 1315 1228 re
1335 1194 1548 1240 Theophilus
1567 1196 1816 1234 Alexandrinus
1842 1199 1987 1236 tentabat
2007 1202 2165 1237 Santram

327 1247 423 1288 ,Quod
422 1244 454 1286 fi
461 1249 614 1285 evenerit,
640 1251 673 1277 ut
685 1246 890 1279 Provinciales
903 1243 1042 1288 Episcopi
1064 1251 1213 1287 crimina,
1277 1245 1439 1287 Ioannem
1466 1244 1741 1287 chrysostomum
1766 1248 1962 1292 proscribere
1996 1252 2031 1284 in
2058 1262 2166 1296 perpe-

320 1305 398 1337 xquae
417 1293 563 1338 Episcopo
583 1300 734 1328 intentata
739 1294 812 1338 sunt
824 1319 834 1336 ,
855 1301 1001 1338 'corrigere
1023 1296 1211 1336 nonpffnt,

1277 1303 1372 1331 tuum
1397 1306 1436 1331 ac
1455 1294 1793 1333 insolubileexilium.
1829 1298 1995 1333 Palladius
2016 1301 2164 1336 Habito-

318 1352 395 1378 ·tunc
418 1343 496 1389 ipsos
520 1345 657 1378 accedere
676 1345 719 1377 ad
728 1346 869 1387 masoret'n
881 1343 1024 1383 synodum
1034 1343 1209 1386 Dloecofistl·
1272 1344 1443 1387 >politanus
1463 1345 1570 1388 ipsum
1591 1347 1756 1390 proponit,
1770 1347 1804 1382 in
1818 1346 1886 1383 haec
1898 1349 2015 1383 verba:
2037 1352 2073 1383 >st
2093 1355 2163 1393 quis

318 1395 382 1428 ltus
395 1394 606 1438 Episcoporum
614 1403 670 1437 pro
682 1394 1074 1438 hac*causa2cmvocarorumt
1092 1397 1133 1428 <st
1142 1400 1209 1437 quis
1269 1393 1435 1437 Episcopus
1459 1404 1514 1429 aut
1526 1395 1680 1435 Preibyter
1691 1421 1702 1437 ,
1723 1396 1800 1437 Juste
1813 1397 1879 1440 five
1887 1398 1992 1439 injuste=
2002 1399 2162 1441 dematur,

323 1453 423 1479 autem
429 1448 476 1488 jis
490 1469 500 1485 ,
523 1441 588 1489 qua
600 1447 717 1479 decreta
723 1440 843 1487 fuerint
856 1469 867 1486 ,
893 1451 1067 1488 contemptis
1081 1467 1093 1485 ,
1115 1443 1206 1488 ausus

316 1495 417 1537 fuerit
442 1499 492 1530 vel
509 1501 699 1537 Imperatoris
725 1508 811 1529 aures
838 1495 964 1537 molestia
988 1497 1130 1538 afficere„
1157 1497 1209 1529 vel

317 1544 508 1588 saecularium
534 1550 709 1586 Principum
730 1554 740 1586 ',
766 1548 820 1579 vel
842 1544 1041 1587 universalem
1065 1545 1206 1581 synodum

316 1597 495 1638 perturbare
505 1620 517 1636 ,
545 1596 682 1637 negleffls
694 1593 824 1632 Dtoecefis
837 1593 994 1635 Epist-epte
1005 1615 1018 1631 ,
1030 1615 1032 1618 .
1046 1602 1113 1624 eum
1130 1591 1206 1624 nullo

315 1643 404 1677 modo
414 1644 467 1685 esse
476 1643 519 1674 ad
529 1640 743 1683 accusationem
754 1641 976 1673 admittendum
992 1665 1002 1680 ,
1028 1651 1062 1673 ut
1069 1645 1135 1682 qui*
1147 1644 1204 1676 Ca-

314 1689 711 1732 mnibusirtJurlamfecerit
727 1714 738 1730 ,
763 1692 798 1724 <St
819 1689 1046 1732 Ecclefiaatcum
1072 1691 1204 1724 ordinem

315 1747 461 1778 everterit
474 1767 482 1774 .
505 1738 746 1776 Patriarchales
767 1740 1001 1783 appellationes
1025 1739 1110 1774 adeo
1125 1751 1202 1784 pro-

317 1795 374 1828 bat
401 1793 433 1827 &
448 1793 556 1826 firmat
566 1815 578 1832 ,
604 1800 640 1825 ut
652 1801 728 1824 ante
740 1790 906 1833 expletum
916 1789 958 1824 de
970 1790 1042 1834 ipfis
1058 1792 1200 1825 tetrada·

315 1845 438 1878 torium
461 1843 496 1876 in
508 1838 721 1876 Patriarchali
749 1841 886 1882 Synodo
910 1839 1074 1883 Iudicium
1101 1839 1225 1887 rigidex

316 1892 489 1929 interdicat
510 1891 627 1926 recurri
649 1891 689 1925 ad
716 1891 880 1933 Rescripta
908 1890 1122 1934 Principum,
1147 1900 1202 1925 aut

312 1945 416 1978 etiam
443 1943 484 1977 ad
510 1940 698 1987 generalem
710 1941 884 1983 synodum
906 1941 1008 1975 totius
1033 1940 1200 1976 Ecoltfiae.

315 1994 491 2029 profitetur
501 1993 535 2027 se
548 1992 615 2026 haec
626 1991 749 2025 sancire
763 2001 829 2024 non
850 1991 891 2024 de
901 2001 990 2024 novo
1003 2014 1013 2030 ‚
1041 1990 1092 2023 sed
1113 1989 1200 2032 juxta

314 2046 422 2079 sacros
448 2041 608 2078 Cauones
646 2041 681 2075 ὅ(
718 2039 979 2074 Ecclefiasticum
1014 2039 1164 2073 ordinem
1189 2064 1200 2081 ,

314 2105 417 2139 quem
442 2093 542 2128 everti
570 2091 679 2131 nolit,
704 2101 760 2125 aut
787 2089 982 2134 perturbari.
1009 2089 1081 2123 Has
1108 2091 1198 2125 enim

314 2144 552 2189 'appellationes
592 2139 774 2176 introduxit
807 2140 928 2175 Canon
965 2139 1197 2182 Apostolicus.

318 2194 414 2230 Hinc
424 2194 550 2229 easdem
561 2193 692 2227 firmant
703 2189 975 2225 Chalcedonense
986 2189 1179 2225 Concilium
1187 2214 1198 2231 ,

318 2247 432 2281 octava
454 2241 627 2288 synodus,
653 2242 811 2277 canones
833 2239 988 2281 Arabici,
1015 2241 1048 2276 &
1062 2239 1117 2274 alii
1131 2241 1194 2285 plu·

318 2306 384 2331 res.

318 2361 322 2365 -
367 2346 505 2382 Tertius
524 2346 690 2386 error-est,-
715 2345 803 2389 quod
825 2343 1028 2380 Antiocheni
1042 2343 1197 2379 Cauones

316 2408 389 2430 non
411 2396 452 2430 ab
473 2408 537 2433 una
549 2396 687 2440 synodo
697 2396 866 2439 provocari
878 2394 918 2430 ad
930 2396 1047 2435 aliam,
1077 2394 1127 2428 sed
1145 2395 1196 2428 so·-

319 2446 494 2482 lummodo
515 2447 700 2491 permittant
723 2444 873 2488 postulari
888 2446 1097 2489 Rescriptum
1108 2444 1195 2477 Prin-

316 2496 399 2541 cipis
408 2521 419 2538 ,
446 2497 503 2541 qui
516 2495 601 2532 male
608 2495 784 2538 judicatam
797 2496 923 2529 causam
935 2494 1089 2540 dignetur
1103 2493 1195 2527 alteri

315 2546 454 2590 Synodo
475 2547 625 2591 delegare
651 2569 658 2576 .
693 2544 893 2589 Respondeo
918 2556 1030 2588 parum
1058 2545 1195 2584 referre,

315 2596 394 2638 quid
405 2596 456 2630 isti
468 2598 621 2632 Cauones
633 2595 797 2629 sanxerint
812 2620 819 2627 .
850 2595 901 2628 Ex
925 2595 997 2638 ipsis
1009 2607 1077 2628 non
1093 2596 1194 2638 possu-

313 2657 390 2681 mus
400 2647 522 2681 variam
534 2644 682 2681 Ecclefiae
701 2643 908 2686 disciplinam
918 2669 929 2685 ,
942 2656 1002 2678 nec
1013 2655 1121 2678 veram
1134 2645 1194 2678 Ec-

315 2695 562 2731 clefiasticorum
588 2693 783 2739 judiciorum
818 2705 968 2728 normam
1003 2695 1193 2738 agnoscere.

308 2745 487 2792 ‘Qoniam
509 2747 583 2779 sunt
608 2743 789 2778 Eusebiana
802 2743 948 2783 soboles,
975 2744 1127 2778 damnata
1140 2755 1192 2787 per

313 2794 473 2829 Cauones
485 2795 692 2828 Sardicenses.
720 2790 950 2827 Nihilominus
962 2795 1072 2827 omnis
1082 2793 1193 2828 veritas

310 2844 359 2878 est
373 2845 478 2878 suavis
494 2845 528 2879 &
540 2843 689 2878 amabilis
701 2866 712 2883 ,
725 2842 863 2887 ideoque
873 2843 1071 2887 exquirenda
1086 2869 1092 2876 .
1118 2845 1192 2878 Sex-

313 2894 341 2929 ti
360 2894 510 2929 Canonis
529 2894 626 2928 verba
648 2895 721 2928 sunt
748 2893 879 2927 lucida:
905 2896 937 2927 51¹
949 2900 1016 2936 quts
1040 2897 1060 2926 ἃ
1072 2899 1192 2936 ρνορνὶο

312 2942 559 2987 Episcopofuerit
570 2949 838 2978 excommunicatus
850 2967 860 2983 ,
887 2955 944 2976 non
955 2945 1042 2985 priiss
1059 2944 1098 2977 ab
1122 2944 1190 2976 aliis

310 2992 487 3036 suscipiatur
497 3018 508 3035 ,
533 2996 624 3037 quam
632 2994 729 3036 fuerit
734 2992 884 3037 susceptus
907 2995 927 3025 ὰ
937 3000 1057 3036 proprio
1071 2992 1191 3037 Episco-

312 3049 353 3082 po
366 3064 376 3080 ,
401 3045 451 3075 vel
453 3044 541 3084 sabla
551 3046 658 3084 synodo
667 3045 804 3078 accedens
811 3042 841 3086 sc
851 3043 1015 3084 defenderit
1028 3069 1039 3083 ,
1066 3045 1099 3077 (2³
1110 3052 1190 3086 per·-

311 3088 403 3132 suasa
432 3093 536 3129 synodo
545 3095 636 3127 aliam
655 3093 836 3136 sententiam
852 3096 996 3127 retulerit.
1025 3093 1188 3128 Permittit

285 3159 290 3166 ·
314 3139 357 3173 ab
371 3140 532 3183 Episcopo
543 3146 708 3183 provocari
721 3144 761 3178 ad
772 3144 960 3186 Synodum.
990 3144 1033 3179 Et
1046 3142 1134 3177 nulla
1142 3143 1187 3177 est

315 3188 442 3222 mentio
466 3190 622 3233 Rescripti
649 3203 703 3225 aut
725 3194 905 3236 Principis.
938 3193 1028 3228 Utor
1049 3193 1188 3228 transla-

314 3239 409 3273 tione
435 3238 590 3273 Gentiani
617 3241 774 3282 Herveti,
800 3244 875 3287 quia
901 3243 955 3278 hic
981 3243 1025 3277 est
1051 3243 1185 3277 clarior.

313 3286 541 3324 Duodecimus
563 3289 678 3323 Canon
699 3291 744 3324 est
757 3293 844 3334 aeque
855 3294 980 3327 lucidus
993 3307 1004 3326 .·
1029 3295 1061 3325 51
1085 3295 1185 3334 quisti

309 3343 430 3381 proprio
450 3335 592 3379 Episcopo
614 3339 750 3379 depofitus
775 3341 927 3380 Presbyter
954 3345 1007 3378 vel
1014 3344 1183 3383 Diaconos,

1246 1454 1250 1477 ς
1272 1455 1311 1478 ex
1329 1443 1362 1487 se
1375 1443 1442 1487 ‘ipso
1467 1443 1578 1488 absque
1596 1447 1704 1485 synodo
1726 1447 1928 1490 tnvEcclefiam
1938 1449 2082 1490 rediet-tt,
2108 1449 2160 1483 ,b1c

1265 1492 1548 1536 jmwcusatbonu
1558 1506 1615 1530 non
1624 1495 1738 1537 habeat
1757 1498 1872 1538 Iocum,
1894 1496 1952 1540 sed
1969 1493 2090 1533 ονἠηέηὸ
2107 1510 2160 1533 ex-

1267 1542 1417 1582 pellatur.
1441 1542 1502 1574 Est
1527 1544 1612 1578 varie
1630 1544 1798 1584 alteratus.
1823 1546 1958 1581 Mixtus
1975 1558 2017 1582 ex
2039 1555 2160 1591 quarto

1270 1590 1440 1628 &⁸1‘exto.
1466 1590 1570 1629 Haud
1592 1593 1694 1628 dubie
1717 1593 1835 1630 techna
1856 1594 2075 1639 Theophiliz
2094 1597 2157 1634 'An

1270 1639 1487 1682 Constantius
1499 1641 1631 1684 Cyrillo
1642 1642 1846 1686 Rescriptum
1856 1645 1999 1686 dederit,
2022 1647 2153 1691 ignbro.

1267 1688 1462 1730 Sidodorit,
1487 1690 1592 1732 ipsum
1606 1699 1673 1726 n'on
1686 1693 1872 1736 appellandi
1891 1704 1947 1729 aut
1960 1697 2156 1732 retractandi

1268 1738 1408 1778 faciebat
1427 1739 1616 1777 facultatem
1636 1765 1648 1781 ,
1674 1742 1728 1776 sed
1756 1744 1873 1779 factam
1898 1744 2153 1787 appellationem

1266 1789 1524 1874 {omprobaban
1551 1792 1586 1830 δε
1602 1791 1773 1835 adjuvabat
1788 1794 1989 1828 executoriis
2009 1793 2153 1838 jussioni-

1289 1850 1327 1877 US
1338 1864 1345 1873 .

1280 1925 1283 1928 ,
1316 1889 1422 1929 Porro
1434 1892 1512 1936 quid
1523 1893 1557 1926 in
1569 1893 1700 1937 cyrino
1711 1896 1858 1930 Socrates
1881 1896 2010 1940 proprie
2029 1898 2148 1942 impro-

1265 1938 1340 1982 bet,
1366 1952 1436 1976 non
1446 1943 1493 1977 est
1507 1943 1733 1979 manifestum.
1761 1945 1934 1993 Qidquid
1959 1947 2016 1988 sit,
2042 1948 2148 1991 gravi-

1264 1992 1404 2030 teterrat
1415 2011 1428 2031 ς
1451 1992 1531 2027 dum
1543 1992 1655 2028 scribit
1664 1994 1830 2038 Cyrillum
1841 1997 1935 2030 fuiffe
1955 1997 2095 2041 primum
2107 2009 2146 2033 ac

1264 2039 1474 2080 solumjstius
1484 2044 1628 2078 excess'us
1641 2044 1859 2080 patratorem.
1890 2047 2023 2081 Etenim
2045 2047 2144 2082 etiam

1262 2089 1303 2125 de
1316 2091 1523 2134 Donatistis,
1550 2093 1740 2129 &Romano
1761 2094 1961 2130 Melchiadis
1971 2097 2143 2131 pontificis

1261 2139 1398 2182 Iudicio.
1417 2143 1670 2185 provocantibus
1690 2169 1702 2185 ,
1727 2145 1768 2179 ad
1794 2147 2018 2181 Arelatensem
2041 2147 2144 2189 Syno-

1257 2191 1341 2224 dum
1365 2191 1482 2234 scripsit
1505 2193 1683 2235 Imperator
1703 2193 1961 2231 Constantinus:
1988 2201 2013 2230 0
2036 2197 2144 2231 rabida

1253 2240 1371 2282 furoris
1393 2243 1534 2277 audacia!
1563 2245 1642 2276 sicut
1664 2249 1696 2275 in
1716 2244 1806 2285 caufis
1819 2251 1957 2287 gentium
1972 2245 2142 2289 fierisolet‚

1259 2293 1485 2335 appellationem
1499 2292 1736 2337 interposuerunt
1752 2318 1757 2325 .
1774 2294 1950 2328 fExistimo
1974 2296 2142 2336 cyrillum

1259 2342 1301 2377 ab
1326 2344 1475 2378 unanimi
1503 2344 1673 2378 Acacianae
1709 2343 1835 2386 Synodi
1864 2345 2020 2389 suffragio
2047 2346 2142 2380 fuisse

1258 2393 1450 2428 damnatum
1470 2419 1480 2435 ,
1504 2405 1603 2439 atque
1622 2394 1667 2427 ita
1693 2394 1886 2437 appellando
1915 2395 2080 2439 impegisse
2103 2396 2141 2429 in

1258 2444 1410 2486 quintum
1421 2444 1586 2478 decimum
1600 2444 1773 2477 Canonem
1795 2443 2046 2477 Antiochenam
2060 2469 2067 2479 ,
2095 2445 2141 2481 Et

1258 2492 1412 2536 adjuvisse
1422 2494 1454 2528 se
1466 2494 1618 2538 perleges
1627 2518 1635 2526 .
1667 2493 1801 2528 Etenim
1813 2494 1898 2538 leges
1908 2495 2008 2527 etiam
2021 2493 2112 2528 illum
2126 2519 2137 2535 ,

1259 2544 1314 2586 qni
1340 2543 1424 2587 apud
1448 2543 1664 2579 provincialis
1685 2542 1828 2579 Praefeffl
1850 2544 2013 2579 Tribunal
2039 2545 2136 2579 fuerit

1258 2594 1407 2627 unanimi
1429 2595 1580 2628 omnium
1604 2593 1798 2627 Assessorum
1826 2593 1978 2636 suffragio
2004 2594 2136 2628 damna-

1258 2652 1330 2684 tus,
1358 2645 1547 2686 permittunt
1570 2654 1744 2687 provocare
1763 2642 1804 2676 ad
1816 2642 2003 2676 ‘Praefectum
2016 2642 2136 2677 Praeto-

1257 2693 1310 2727 rii.
1340 2694 1433 2727 Hinc
1445 2693 1660 2727 Constantius
1675 2693 1737 2726 fuit
1749 2692 1959 2736 appellationi
1979 2693 2134 2738 suffraga-

1255 2753 1306 2776 tus
1318 2767 1325 2775 .
1356 2743 1494 2777 Censuit
1510 2743 1673 2777 indultum
1687 2742 1797 2778 Laicis
1809 2753 1863 2787 per
1873 2742 1959 2788 leges
1979 2742 2014 2777 in
2025 2744 2134 2778 mino-

1254 2792 1342 2827 ribus
1353 2794 1452 2827 etiam
1467 2794 1567 2827 caulis
1578 2793 1738 2838 refugium
1748 2814 1759 2832 ‚
1788 2792 2000 2836 Episcopis-in
2012 2794 2134 2836 capita·

1255 2843 1275 2876 li
1287 2844 1460 2877 causa'non
1476 2846 1562 2887 poste
1573 2855 1629 2887 per
1644 2844 1798 2878 Cauones
1817 2841 1986 2886 denegari.
2014 2841 2132 2877 Proin-

1253 2891 1292 2927 de
1303 2893 1448 2928 Socrates
1460 2917 1471 2933 ,
1497 2893 1575 2927 dum
1591 2892 1700 2928 scribit
1715 2891 1880 2934 Cyrillum
1892 2891 1995 2925 solum
2018 2904 2056 2926 ac
2069 2894 2131 2936 pri-

1254 2953 1343 2977 mum
1353 2942 1519 2988 impegiffe
1532 2945 1567 2977 in
1582 2941 1729 2978 Canonis
1739 2939 2024 2983 consuetudinem,
2034 2943 2130 2986 respi-

1253 2994 1298 3028 cit
1320 2993 1475 3028 Canones
1494 2992 1740 3028 Antiochenos.
1768 2990 1813 3024 Et
1835 2991 1899 3024 isto
1920 2993 2011 3025 sensu
2032 2991 2129 3035 poffit

1254 3038 1364 3078 verum
1374 3042 1497 3079 dicere.
1524 3043 1659 3077 Interim
1682 3040 1872 3076 Constantii
1893 3051 1991 3085 atque
2007 3041 2126 3087 Cyrilli

1251 3093 1415 3136 Iudicium
1427 3093 1576 3138 probavit
1587 3091 1953 3134 Constantinopolitana
1964 3091 2124 3136 Synodus.

1251 3144 1417 3178 Omnibus
1425 3142 1604 3189 generatim
1615 3141 1779 3175 damnatis
1804 3151 1858 3185 per
1878 3140 2060 3180 Provincia
2069 3142 2125 3184 Sy·

1251 3191 1374 3226 nodum
1388 3192 1553 3236 Episcopis
1564 3190 1706 3235 permisit
1717 3202 1890 3235 provocare
1900 3191 1940 3226 ad
1951 3190 2124 3234 synodum

1250 3242 1442 3277 Patriarchae
1457 3267 1465 3274 .
1493 3241 1602 3275 Etiam
1611 3241 1774 3278 damnatis
1783 3242 1934 3277 unanimi
1951 3239 2103 3284 suffi‘agio
2115 3265 2124 3271 .

1249 3290 1296 3325 Hi
1308 3302 1446 3335 namque
1458 3290 1604 3326 damnati
1613 3301 1693 3325 tunc
1713 3292 1824 3335 paffim
1834 3288 2122 3334 confugiebant·ad

1248 3343 1329 3376 sacra
1341 3341 1525 3385 Rescripta:
1553 3340 1702 3384 Synodus
1713 3341 1828 3377 maluit
1848 3339 1952 3375 valere
1967 3339 2123 3383 antiquos

313 3390 367 3423 vel
386 3385 549 3430 Episcopus
570 3388 592 3418 ἃ
612 3389 739 3428 synodo,
766 3389 855 3432 ausus
875 3391 970 3432 suerit
990 3397 1180 3435 Imperatoris
1245 3390 1423 3432 Cauones,
1449 3389 1668 3436 ideoqueistis
1677 3392 1777 3427 etiam
1798 3389 1960 3425 damnatis
1980 3389 2121 3424 reddidit

315 3438 436 3472 auribus
456 3436 614 3478 molestiam
634 3436 772 3472 exhibere
783 3461 794 3478 ,
819 3449 883 3472 cum
894 3449 1020 3482 oporteat
1036 3443 1080 3477 ad
1088 3445 1180 3482 majo-

1244 3440 1494 3487 appellationem
1505 3443 1545 3476 ad
1559 3440 1797 3478 patriarcham.
1826 3439 1989 3475 Existimo
2003 3439 2121 3474 sanxis-

1986 3489 2019 3524 se
2028 3499 2071 3524 ex
