2326 3718
669 129 954 176 Roianus
987 129 1579 177 Aput-Lanournus.

1861 145 1955 193 275

201 214 376 264 originalis
391 213 491 250 fidem
516 212 604 249 intes
635 214 869 251 Eeclefiasticas
898 211 1083 256 *computari
1127 210 1223 245 «Urbe
1229 209 1366 253 profugit
1376 233 1388 250 ‚
1410 211 1548 251 atqueob
1560 212 1611 246 bae
1622 213 1910 252 &beatam-monte
1917 218 2029 258 prada

205 268 393 312 quaestinnes
403 289 414 305 ,
437 265 469 298 δε
481 264 785 311 Celestiumjufferit
794 262 837 299 ab
848 264 909 297 isto
920 274 1025 297 errore
1038 274 1083 296 re-

206 318 335 352 cedere.
361 315 462 358 quue
472 326 513 350 ex
526 315 661 356 libello,
687 316 722 351 ὅ(
742 314 834 356 juxta
843 314 993 349 libellum
1004 312 1084 347 Pau-

205 366 286 401 lini.
315 364 446 409 Utique
456 367 690 402 accusatorium
706 363 838 399 Celestii
852 363 1020 399 libellum.
1045 362 1085 396 In

206 417 277 459 ipso
296 413 452 450 Paulinus
474 416 607 450 Celestii
632 414 785 450 articulos
798 426 863 449 non
872 412 1085 452 solummodo

204 460 448 500 enumeraveht
464 466 688 505 &accusarat,
715 465 767 499 sed
791 463 919 508 insuper
928 475 970 498 ex
982 463 1085 497 firmis

205 514 391 550 Catholic‘ae-
404 514 479 549 fidei
500 514 720 551 fundamentis
730 516 1004 550 demonstraverat
1025 511 1087 546 hae-

205 565 321 599 reticos
333 589 341 597 .
366 565 544 602 Praesertim
564 565 799 599 demonstrarat
810 565 932 608 peccati
943 563 1087 608 origina-

205 615 245 648 lis
267 615 366 650 fidem
383 617 447 651 esse
468 615 639 650 immobile
663 616 836 660 Evangelii
847 615 967 659 dogma
980 638 991 653 ‚
1016 623 1086 646 non

202 665 397 709 agitabilem
410 664 635 709 quaestionem.
664 666 765 712 Qod
780 666 884 708 ipsum
903 666 938 698 in
952 663 1037 697 libro
1048 661 1089 695 de

205 725 339 757 peccato
349 715 501 761 originali
514 715 711 748 demonstrat
722 717 856 750 Sanetus
872 712 1087 758 Augustinus.

204 764 399 799 Dolendum
420 765 464 799 est
488 764 584 798 istum
607 764 737 799 Paulini
764 764 911 799 libellum
942 763 1087 807 periisse.

205 814 363 850 Ceiestius
386 815 488 858 igitur
510 815 556 848 est
576 816 713 850 assensus
741 814 808 848 istis
838 813 994 848 omnibus
1016 837 1026 852 ‚
1055 812 1090 845 δε

204 857 418 908 ι’]υατευῐῃεμιε
438 863 624 899 damnanda
647 866 788 899 censeret
814 864 995 902 Pontifex,
1022 873 1089 905 pro-

202 914 289 949 misit
309 915 464 949 damnare
477 940 484 946 .
513 914 592 957 Ejus
612 916 819 949 contumacia
833 937 844 952 ‚
867 924 965 957 quam
985 912 1090 945 Pauli-

204 975 265 998 nus
286 965 458 1008 adjungit‚
485 964 627 1008 contigit
647 962 846 1008 postmodo,
873 963 952 997 dum
967 963 1024 996 ilie
1036 963 1091 996 fu-

203 1015 256 1059 git
268 1026 309 1047 ex
330 1014 444 1048 Urbe,

253 1063 321 1095 His
341 1063 411 1106 ejus
432 1061 590 1105 promiffis
609 1062 772 1095 animatus
793 1060 952 1095 Pontifex
969 1059 1091 1103 scripsit

204 1109 432 1145 adAfsicanos
455 1111 658 1155 Episcopos:
685 1109 779 1144 Nihil
782 1119 925 1153 praecox,
952 1114 1091 1144 immatu-

198 1170 325 1202 rumque
332 1158 512 1204 censuimus.
540 1161 694 1195 Affirmat
707 1160 840 1196 Celestii
853 1161 953 1195 fidem
978 1161 1015 1195 in
1027 1160 1092 1194 hoc

201 1209 357 1244 examine
365 1209 544 1253 apparuisse
554 1209 758 1250 absolutam,
767 1211 805 1244 ἀ
817 1210 967 1253 adjunxit
980 1224 988 1243 :
1016 1214 1094 1243 Cum

200 1264 294 1294 etiam
309 1265 394 1302 prior
402 1260 541 1300 libellus,
570 1259 646 1295 abeo
655 1266 740 1294 intra
750 1260 884 1302 Africam
906 1262 1001 1294 datus
1014 1285 1025 1300 ‚
1051 1270 1094 1294 te-

194 1307 334 1352 stimonio
346 1311 429 1352 apud
439 1322 492 1344 vos
503 1311 556 1354 esse
566 1310 719 1354 debuiffit.
747 1310 800 1343 Ex
813 1321 880 1354 quo
899 1310 1052 1345 discimus
1062 1311 1098 1344 fi·

202 1359 317 1393 milem
327 1359 402 1393 fidei
412 1358 561 1395 libellum
573 1360 665 1395 fuisse
674 1361 692 1395 ὲ
703 1359 849 1395 Celestio
858 1358 1042 1394 exhibitum
1053 1371 1103 1395 etr

203 1407 272 1443 iam
301 1407 552 1454 Carthaginensi
578 1410 739 1454 Synodo,
765 1411 799 1445 δε
819 1411 925 1454 ipsum
950 1410 992 1444 ab
1014 1410 1098 1451 illo,

201 1468 304 1502 quem
316 1458 617 1499 Romaeexhibust,
642 1460 665 1494 fi
693 1471 764 1494 non
778 1461 959 1501 sentent1a‚
988 1470 1097 1499 tamen

201 1506 309 1543 -verbis
332 1509 425 1545 fuine
435 1509 619 1544 diversum.
646 1510 794 1551 Anille,
819 1510 1099 1555 quem·produxit

203 1554 349 1604 joannes
372 1559 568 1600 Garnerius‚
594 1560 633 1595 fit
655 1571 751 1604 purus
774 1561 968 1602 Romanus,
995 1573 1037 1595 an
1059 1572 1099 1594 ex

205 1613 349 1653 utroque
370 1608 512 1651 mixtus,
538 1609 583 1644 est
596 1611 753 1651 inquisitu
775 1610 914 1655 dignum
929 1636 936 1644 .
961 1611 1098 1646 Interim

205 1655 402 1693 Romanum
415 1658 547 1694 Celestii
559 1658 706 1694 libellum
728 1660 816 1703 Papa
829 1661 915 1695 misit
926 1661 966 1695 ad
982 1660 1081 1695 Afros
1091 1686 1100 1695 .

207 1705 254 1742 Et
267 1707 337 1752 post
349 1718 470 1752 paucos
478 1710 624 1748 menses,
650 1709 772 1752 Praylii
784 1709 899 1745 litteris
916 1712 1078 1745 animatus
1090 1735 1101 1752 ,

206 1758 311 1792 etiam
326 1757 456 1803 Pelagii
483 1757 635 1794 libellum
658 1761 743 1794 misit
766 1784 776 1800 ,
801 1761 898 1804 atque
929 1761 1101 1804 adjunxit:

207 1808 286 1841 Ecce
309 1807 450 1853 Pelagius
465 1832 476 1850 ,
503 1808 694 1853 celestiusque
703 1815 735 1843 in
741 1808 808 1854 suis
828 1812 939 1844 litteris
951 1809 1101 1855 &conses-

200 1855 333 1902 fionibus
351 1857 517 1902 Apffoiicae
538 1860 608 1894 Sedi
625 1858 732 1903 presto
750 1858 840 1903 sunt.
868 1860 1022 1906 Pelagius
1047 1872 1103 1905 per

210 1907 353 1950 litteras,
381 1908 545 1944 Celestius
566 1920 622 1954 per
647 1911 847 1953 personalem
876 1912 1101 1953 praesentiam.-

210 1957 327 2000 Am‘bo
349 1968 404 2001 per
425 1958 664 1999 confessiones,
690 1960 745 1995 seu
772 1959 901 1995 libellos
913 1959 1008 1995 fidei.
1037 1959 1102 1994 His

210 2006 366 2042 omnibus
386 2007 544 2043 Pontifex
574 2009 724 2052 adjunxit
745 2010 938 2044 citationem
970 2009 1101 2044 Paulini

209 2057 407 2091 accusatoris
416 2082 423 2089 .
455 2056 498 2091 Et
511 2058 683 2092 transmisit
696 2070 749 2101 per
760 2059 933 2093 Bafiiicum
946 2082 958 2098 ,
979 2059 1103 2093 Roma-

212 2116 261 2138 na:
285 2105 434 2141 Ecclesia:
444 2105 736 2142 Sub·Diaconum:
765 2108 935 2142 Citatoriae
959 2107 1102 2152 epistolae

211 2155 302 2190 Data
315 2155 406 2190 estin
428 2156 653 2200 manuscriptis
661 2155 830 2191 codicibus
847 2158 938 2193 exesa
949 2157 967 2191 ὲ
981 2167 1101 2202 tempo·

211 2217 245 2238 re
257 2230 264 2237 .
293 2205 395 2239 Haud
407 2206 506 2240 dubie
518 2207 581 2241 fuit
592 2207 667 2241 da'ta
678 2207 712 2241 in
720 2206 859 2242 exordio
871 2208 1102 2248 pontificatus,

209 2254 302 2298 quod
324 2255 467 2299 contigit
489 2256 544 2289 die
566 2256 693 2289 decima
715 2268 804 2291 nona
821 2258 991 2301 Augusti
1010 2260 1100 2293 Nam

212 2306 348 2347 sequens
375 2303 543 2348 Epistola,
570 2316 632 2347 qua
645 2306 803 2340 zozimus
816 2306 1102 2351 Pelagiitransmi-

212 2353 249 2386 fit
273 2353 418 2387 libellum
430 2379 440 2393 ,
463 2355 527 2388 fuit
538 2354 613 2389 data
624 2354 803 2390 undedimo
815 2355 980 2391 Kalendas
1002 2358 1101 2391 Oc‘io-

213 2403 280 2436 bris
290 2427 297 2434 .
327 2402 369 2436 Et
381 2402 548 2438 Basiliscus
560 2405 750 2439 citationem
762 2405 904 2440 Paulino
918 2407 1002 2449 apud
1025 2408 1101 2441 Car-

211 2452 385 2498 thaginem
406 2452 582 2488 insinuavit
609 2455 749 2490 secunda
773 2456 974 2493 Novembris
995 2481 1001 2488 .
1030 2458 1098 2491 No-

212 2503 314 2538 tanda
329 2504 404 2537 sunt
415 2502 479 2537 haec
492 2503 624 2538 Paulini
639 2503 731 2539 verba
745 2518 752 2537 ε
779 2504 933 2548 Bafiliscus
945 2518 990 2539 me
1000 2517 1099 2540 conve-

211 2559 283 2594 nit,
308 2562 341 2585 ut
360 2554 485 2597 adeffem
507 2555 551 2586 ad
561 2554 750 2597 Apostolicam
767 2557 872 2589 Sedem
886 2582 896 2597 ,
924 2558 1028 2590 &tuae
1035 2561 1067 2601 J
1069 2568 1100 2589 u·

214 2606 289 2636 dicio
299 2603 477 2637 sanavimus
488 2629 499 2646 ‚
524 2606 568 2637 ad
583 2610 695 2647 quaml,
721 2617 770 2639 me
777 2605 884 2650 fugffe
896 2631 905 2646 ‚
929 2598 1095 2650 'suggestum

214 2653 273 2695 est,
300 2664 352 2686 nec
374 2653 545 2696 defuturum
561 2654 629 2697 sore
645 2661 867 2696 promitterem,
890 2655 1093 2699 fiadversfim

213 2715 281 2744 me,
307 2704 357 2737 vel
359 2712 418 2746 pro
429 2716 474 2737 me
479 2702 579 2746 fmffi‘t
588 2706 655 2738 lata
664 2703 814 2748 sententia
825 2732 832 2739 .
861 2707 1021 2742 Celestius
1034 2731 1045 2747 ,
1063 2717 1099 2741 ut

214 2752 393 2789 Paulinum
419 2754 563 2789 redderet
583 2756 782 2799 suspectum,
809 2756 843 2790 δε
856 2758 945 2791 suam
969 2758 1098 2791 causam

215 2805 355 2845 fucaret,
381 2804 540 2838 mentitus
551 2804 595 2839 est
608 2805 642 2840 ὅ(
652 2805 768 2839 Romae
780 2807 887 2849 sparsit
900 2807 1003 2851 ipsum
1017 2807 1099 2842 adeo

217 2863 358 2888 metuere
369 2855 460 2889 suam
471 2852 557 2889 hanc
570 2855 757 2890 Romanam
772 2856 1024 2900 appellationem
1034 2881 1044 2896 ,
1062 2867 1098 2892 ut

219 2901 420 2948 Carthagi-ne
430 2905 618 2950 aufugisset.
646 2907 740 2940 Hinc
751 2906 909 2941 Pontifex
929 2906 1023 2942 illum
1034 2907 1099 2942 du-

218 2951 268 2987 xit
279 2950 336 2986 ista
347 2954 553 2995 promiffione
561 2955 833 3000 adstringendum
847 2981 855 2989 .

267 3000 394 3036 Marius
413 3002 579 3039 Mercator
597 3007 820 3050 prosequitur:
845 3006 1004 3050 Episcopis
1026 3011 1097 3042 vero

218 3062 260 3086 ex
271 3050 376 3093 Asi-ica
395 3051 617 3095 rescribentibus
628 3080 640 3096 ‚
664 3068 836 3099 omnemque
856 3055 977 3100 causam
992 3081 1004 3098 ,
1028 3069 1096 3100 quae

219 3102 306 3144 apud
313 3112 360 3135 eos
376 3101 467 3144 faeJa
479 3102 588 3144 fuerat
600 3129 611 3144 ‚
635 3107 851 3148 exponentibus
863 3133 874 3149 ,
899 3109 985 3148 miffir
1003 3114 1096 3142 etiam

221 3150 314 3192 Gestis
328 3162 368 3185 ex
387 3153 479 3193 inde,
508 3165 575 3195 quae
588 3153 715 3196 fuerant
736 3165 806 3191 tune
826 3159 976 3197 camillo,
999 3159 1051 3192 vel
1059 3159 1097 3192 de

218 3202 272 3236 illo
283 3200 415 3243 confecYa
427 3226 438 3241 ,
463 3212 587 3236 vocatus
606 3205 650 3237 ad
658 3206 841 3241 audientiam
854 3209 1016 3250 pleniorem
1027 3233 1039 3251 ,
1063 3218 1097 3242 ut

221 3263 290 3295 quae
297 3249 496 3295 promiserat,
514 3251 671 3294 festinaret
682 3257 823 3298 implere,
848 3258 948 3300 idest,
969 3267 1003 3292 ut
1012 3259 1098 3292 dam·

222 3301 469 3345 natispraedieqis
481 3304 633 3345 Capitulis
647 3327 658 3344 ,
676 3303 825 3349 sententia
837 3307 976 3349 Afrorum
994 3311 1092 3342 Ponti-

218 3349 325 3394 ficum,
349 3363 408 3394 qua
411 3351 724 3393 fueratcommunione
740 3362 885 3397 privatus
898 3382 910 3398 ,
933 3358 1093 3402 absolvere-

220 3410 295 3441 tur,
320 3413 377 3436 non
380 3403 477 3448 solum
488 3414 545 3436 non
558 3403 661 3446 adfuit
670 3429 681 3446 ,
702 3403 761 3448 sed
776 3412 867 3441 etiam
883 3419 922 3441 ex
936 3417 1100 3443 memorata

1147 262 1192 295 ⁶¹10
1202 264 1324 294 Zozimo
1336 258 1480 303 Epifiaopo
1488 262 1616 303 Scriptis
1632 267 1814 307 amplffmis
1826 293 1837 307 ,
1864 266 2030 311 vellongifi-

1130 339 1134 368 ᾖ
1142 311 1224 354 fimis
1241 311 1465 353 perdamnatus
1483 310 1540 351 est.
1567 314 1719 354 Inquibus
1744 315 1853 361 &ipsa
1863 317 2030 359 Capitula,

1148 363 1188 395 de
1202 361 1312 403 quibus
1334 359 1486 404 accusatus
1500 360 1613 403 fuerat
1623 385 1635 402 ,
1656 371 1843 399 continentur
1854 391 1866 408 ,
1890 369 2030 403 &omnis

1150 410 1236 454 eausa
1247 436 1258 451 ‚
1283 418 1348 446 tam
1360 411 1398 449 de
1408 411 1528 451 celestio
1536 410 1710 455 fiipradiHo
1719 437 1731 453 ,
1755 426 1845 456 quam
1863 418 1901 450 de
1912 417 2034 460 Pelagio

1152 461 1289 506 Magistro
1310 463 1375 502 eius
1390 462 1550 503 praviori,
1575 462 1697 497 viderur
1718 463 1772 506 effit
1790 475 1939 506 narrata,
1964 478 2034 510 quo*

1151 524 1216 545 rum
1227 513 1406 554 Scriptorum
1435 513 1469 547 Θ
1479 524 1531 547 nos
1542 511 1594 545 hic
1602 511 1745 547 babemus
1762 515 1947 556 exemplaria
1960 541 1970 556 ‚
1997 518 2032 550 Θ

1149 563 1193 594 ad
1200 563 1369 595 orientales
1381 561 1522 604 Ecclefias
1534 587 1545 602 ‚
1570 565 1702 607 AEgyptt
1714 563 1865 604 Dioe'cesim
1875 588 1885 604 ‚
1912 566 1945 597 Θ
1958 570 2035 604 Com,

1145 612 1370 655 stantinopolim
1382 636 1392 651 ,
1417 614 1453 646 (⁸5
1463 612 1687 655 Tbrffalonicam
1700 637 1710 653 ,
1737 615 1771 648 (9
1794 611 2033 656 Hierosolymam,

1145 660 1253 702 similia
1262 664 1418 706 eademque
1429 664 1548 705 scripta
1569 665 1616 696 ad
1626 667 1656 697 Ε
1653 661 1785 707 piscopos
1805 665 1858 707 effe.
1866 661 2037 708 transmiffae

1145 709 1334 756 suggerimus
1346 736 1352 742 .

1202 761 1284 795 Haec
1303 762 1415 796 omnia
1439 761 1561 807 largius
1582 764 1719 806 exponit
1730 765 1864 798 sanstus
1880 763 2038 808 Augusti-

1156 822 1214 845 nus
1227 811 1259 844 in
1273 812 1415 848 secundo
1428 811 1513 847 libro
1534 813 1574 847 ad
1585 813 1717 848 Zozimi
1729 815 1946 849 Succefforem
1959 815 2039 850 Sam

1155 863 1241 894 {lum
1255 861 1464 897 Bonifacium
1476 887 1483 894 .
1511 862 1642 898 Totum
1668 864 1800 897 tertium
1820 875 1918 907 caput
1928 863 1975 899 est
1986 864 2040 899 de·

1155 910 1356 945 scribendum
1371 939 1378 946 .
1391 914 1479 955 ‚Quin
1486 918 1576 949 etiam
1588 917 1738 947 Romanos
1750 910 1878 947 'ciericos
1890 922 2040 957 arguunt,

1149 958 1309 1002 scribentes
1329 972 1387 996 eos
1408 961 1553 1003 juffionis
1573 973 1695 998 terrore
1706 963 1870 1007 perculsos
1892 975 1959 997 non
1972 972 2041 1000 eru*

1156 1008 1258 1044 buisse
1270 1011 1539 1053 praevaricationis
1549 1014 1676 1048 crimen
1687 1013 1863 1049 admittere
1874 1038 1885 1054 ‚
1911 1023 1949 1047 ut
1961 1024 2039 1048 con-

1155 1068 1202 1093 tra
1214 1059 1352 1102 priorem
1376 1062 1573 1096 sententiam
1588 1064 1679 1098 suam
1692 1087 1703 1104 ,
1731 1075 1796 1108 qua
1809 1063 1918 1098 Gestis
1929 1061 2044 1098 catho-

1155 1109 1222 1143 lico
1246 1109 1396 1154 dogmati
1418 1111 1590 1147 adfuerant
1610 1137 1622 1153 ,
1651 1114 1761 1156 poste&
1785 1114 2044 1157 pronunciarent

1157 1158 1278 1192 malam
1292 1158 1468 1194 hominum
1477 1163 1540 1195 effe
1553 1173 1704 1197 naturam
1716 1187 1723 1195 .
1751 1166 1845 1196 Immo
1856 1165 1926 1197 verb
1945 1165 2044 1199 Pela·->

1151 1213 1240 1254 giani
1245 1207 1299 1251 spe
1304 1207 1391 1252 falsa
1397 1217 1587 1251 putaverant
1609 1222 1721 1244 novum
1732 1235 1743 1250 ‚
1770 1214 1804 1245 <9
1816 1213 1979 1247 execrabile
1993 1215 2048 1247 dm

1153 1270 1226 1302 gma
1257 1260 1456 1302 Pelagianum
1491 1283 1502 1299 ,
1550 1261 1604 1294 vel
1635 1259 1831 1299 Celesitanum
1865 1259 2045 1304 persuaderi

1158 1309 1355 1352 quorumdam
1375 1312 1576 1343 Romanorum
1600 1309 1751 1344 catholicis
1770 1310 1921 1344 mentibus
1947 1311 2050 1354 posse,

1158 1359 1280 1401 quando
1290 1359 1343 1392 illa
1352 1364 1472 1402 ingenia
1485 1383 1496 1399 ,
1520 1365 1666 1402 quamvis
1675 1360 1809 1402 nefemdo
1819 1371 1914 1394 errore
1921 1368 2050 1400 perver-

1155 1406 1194 1453 sa
1205 1432 1217 1448 ,
1243 1420 1301 1441 non
1318 1417 1420 1442 tamen
1437 1410 1693 1451 contemptibilia,
1715 1420 1782 1443 cum
1800 1409 1934 1449 studiose
1959 1416 2050 1444 corri-

1156 1459 1259 1502 genda
1278 1464 1398 1500 potius,
1423 1471 1516 1502 quam
1530 1459 1627 1501 facile
1637 1461 1817 1494 damnanda
1839 1461 2015 1494 viderentur
2031 1485 2050 1501 ‚

1160 1510 1315 1551 aliquanto
1323 1510 1420 1543 lenius
1434 1534 1444 1548 ,
1470 1508 1562 1553 quam
1582 1508 1717 1553 severior
1722 1510 1893 1552 postulabat
1908 1509 2045 1551 Ecclefiae

1160 1557 1341 1601 disi-iplina,
1365 1559 1500 1593 trallata
1514 1558 1590 1603 sunt
1604 1585 1611 1591 .
1633 1563 1689 1593 Tot
1700 1565 1783 1594 enim
1805 1562 1945 1595 &tantis
1965 1566 2052 1596 inter·

1163 1608 1348 1651 apostolicam
1358 1610 1462 1643 Sedem
1485 1611 1520 1644 ό·
1532 1609 1619 1651 Afros
1631 1609 1791 1654 Episcopos
1809 1612 2000 1645 currentibics
2012 1612 2050 1645 ὁ·

1161 1658 1376 1692 recurrentibus
1387 1662 1516 1701 Scriptis
1533 1659 1758 1702 Ecclefiasticis‚
1783 1666 1878 1694 etiam
1899 1660 1994 1702 Gestis
2011 1661 2051 1694 de

1163 1707 1220 1742 hac
1230 1706 1319 1751 causa
1330 1710 1416 1750 apud
1433 1710 1518 1743 illam
1530 1710 1650 1751 sedem,
1680 1710 1798 1751 celestio
1815 1709 1964 1753 praesente
1980 1733 1992 1749 ,
2014 1712 2051 1746 Θ,

1164 1755 1355 1801 respondente
1365 1782 1377 1799 ,
1401 1758 1542 1800 confellis
1566 1783 1578 1798 ‚
1614 1770 1755 1802 quaenam
1777 1761 1901 1793 tandem
1932 1759 2054 1802 epistola

1165 1810 1350 1842 veneranda·
1370 1815 1520 1843 memoria·
1535 1812 1630 1852 Papae
1640 1812 1781 1850 zozimi,
1804 1821 1876 1853 quae
1895 1810 2052 1844 interlocu-

1163 1862 1206 1891 tIo
1230 1864 1400 1901 reperitur,
1426 1859 1478 1893 ubi
1493 1865 1674 1901 praeceperit
1692 1862 1776 1895 credi
1787 1868 1915 1901 oportere
1918 1859 1982 1901 fine
1991 1861 2053 1894 ullo

1165 1912 1241 1943 vitio
1256 1909 1372 1949 peccati
1399 1911 1551 1952 originalis
1574 1909 1721 1944 hominem
1742 1909 1822 1954 nasci
1846 1912 1859 1943 ?
1885 1910 2053 1953 Nusquam

1161 1957 1286 1999 pror-siis
1299 1956 1350 1991 boc
1361 1958 1442 1990 dixit
1454 1982 1465 1998 ‚
1490 1957 1553 2001 nus
1546 1961 1637 2002 qudm
1649 1962 1765 1993 ommni)
1789 1959 1947 2006 conscripfit
1959 1984 1967 1992 ,
1993 1960 2056 1994 Sed

1164 2018 1231 2040 eum
1242 2006 1295 2040 boc
1305 2007 1444 2047 celestius
1455 2013 1489 2041 in
1491 2006 1545 2051 suo
1553 2009 1650 2042 libello
1655 2008 1791 2053 posuiffee
1802 2015 1880 2044 inter
1900 2010 1956 2044 illa
1965 2011 2055 2043 dum-

1165 2063 1255 2088 taxat
1267 2080 1279 2096 ‚
1303 2056 1342 2089 de
1352 2056 1459 2099 quibus
1469 2056 1504 2099 se
1516 2057 1617 2092 adbuc
1623 2059 1766 2093 dubitare
1773 2083 1785 2100 ,
1809 2061 1847 2094 6*
1856 2059 1966 2099 instrui
1976 2061 2052 2094 veile

1164 2104 1304 2148 confessus
1314 2105 1376 2149 ιβ,
1401 2110 1434 2138 in
1444 2105 1561 2140 bomine
1568 2112 1706 2141 acerrimi
1728 2113 1858 2152 ingenii,
1882 2114 1939 2151 qui
1951 2109 2052 2151 profe-

1165 2155 1209 2187 ἅδ
1223 2178 1233 2194 ,
1251 2153 1282 2196 fi
1299 2160 1487 2198 corrigeretur
1500 2181 1510 2198 ,
1534 2157 1674 2198 plurimis
1692 2157 1845 2201 profuisset
1867 2181 1879 2198 ,
1905 2159 2052 2199 valiturae

1165 2206 1377 2238 emendationis
1388 2230 1400 2245 ,
1427 2218 1485 2238 non
1498 2205 1623 2248 falfitas
1645 2208 1793 2251 dogmatis
1811 2208 1979 2250 approbata
1990 2207 2051 2249 est.

1166 2258 1210 2286 Et
1220 2257 1378 2297 propterea
1389 2256 1506 2289 libellus
1530 2259 1597 2298 ejus
1610 2257 1768 2291 catholicus
1783 2258 1881 2292 draus
1891 2257 1932 2300 est
1940 2283 1952 2300 ,
1977 2264 2051 2302 quia

1165 2305 1198 2338 <⁰1
1209 2304 1260 2336 boe
1274 2304 1436 2338 Catholicae
1446 2307 1554 2339 meritis
1567 2306 1606 2347 esi
1617 2331 1627 2347 ‚
1647 2306 1677 2348 fi
1683 2318 1744 2350 qua
1745 2307 1832 2349 forte
1841 2309 1929 2342 aliter
1936 2307 2019 2351 sapit
2033 2332 2050 2350 ‚

1162 2364 1253 2395 quam
1264 2359 1379 2388 veritas
1401 2360 1517 2399 exigit,
1542 2367 1601 2390 non
1623 2367 1660 2390 ea
1670 2357 1818 2397 certiffime
1833 2357 1977 2400 definire,
1991 2356 2054 2401 sed

1162 2404 1272 2437 deteeia
1299 2415 1334 2437 ac
1344 2405 1543 2443 demonstrata
1563 2404 1715 2448 respuere.
1745 2411 1819 2440 Non
1839 2413 1919 2442 enim
1928 2407 2049 2443 baereti-

1161 2451 1207 2486 ci?
1216 2478 1226 2493 ‚
1251 2452 1312 2496 sed
1333 2454 1493 2488 catholicis
1516 2454 1664 2496 Apostolus
1685 2457 1858 2498 loquebatur
1869 2481 1880 2497 ,
1905 2457 1954 2490 ubi
1978 2465 2047 2491 ait:

1162 2504 1341 2549 Qotquot
1363 2502 1444 2548 ergo
1473 2505 1605 2548 perfecti
1627 2528 1639 2545 ,
1665 2503 1731 2539 hoc
1753 2506 1913 2549 sapiamus
1931 2530 1943 2548 ‚
1969 2507 2003 2542 δι
2024 2508 2050 2543 ii

1163 2551 1241 2596 quid
1254 2554 1347 2587 aliter
1365 2553 1475 2597 sapitis
1489 2578 1499 2594 ,
1527 2554 1558 2588 id
1570 2554 1702 2599 quoque
1714 2555 1806 2590 Deus
1817 2556 1910 2591 vobis
1922 2558 2050 2598 rrevela·

1163 2603 1231 2637 bit.
1259 2610 1325 2639 Hoc
1339 2609 1372 2636 in
1391 2604 1442 2637 illo
1443 2603 1567 2645 fabium
1587 2605 1639 2647 effe
1657 2604 1827 2647 putabatur
1839 2630 1850 2647 ‚
1876 2608 1997 2649 quando
2010 2605 2047 2651 se

1159 2653 1271 2686 litteris
1283 2655 1393 2687 Beatae
1404 2661 1550 2688 memoriae
1565 2657 1662 2697 Papae
1673 2659 1833 2689 innocentii
1844 2681 1855 2697 ,
1880 2657 1989 2699 quibus
2009 2658 2049 2692 de

1161 2702 1216 2735 hac
1233 2714 1265 2737 re
1288 2703 1437 2738 dubitatio
1447 2713 1510 2737 tota
1531 2703 1653 2748 sublata
1673 2704 1733 2746 est,
1758 2705 1919 2749 consentire
1931 2705 2050 2749 responv

1161 2754 1209 2786 dit
1221 2777 1228 2784 .
1255 2756 1302 2785 Et
1320 2753 1373 2787 hoc
1388 2765 1423 2788 ut
1431 2756 1553 2797 plenius
1577 2756 1611 2788 (7
1623 2755 1804 2797 manifestias
1823 2762 1856 2789 in
1878 2757 1928 2789 illo
1932 2757 2021 2799 fieret
2033 2781 2048 2800 ‚

1159 2801 1390 2846 exspectabatur
1415 2810 1551 2838 venturis
1571 2817 1609 2839 ex
1634 2804 1737 2847 Africa
1756 2806 1869 2840 litteris
1895 2831 1906 2847 ,
1931 2813 1963 2840 in
1982 2818 2047 2850 qua

1162 2856 1324 2887 Provincia
1347 2855 1410 2893 ejus
1433 2856 1594 2897 aliquando
1605 2856 1757 2889 calliditas
1779 2857 1954 2890 evidentius
1965 2863 2048 2890 inno·

1160 2912 1261 2936 tuerat
1271 2928 1279 2934 .
1309 2906 1390 2947 ,Quae
1402 2908 1527 2938 Romam
1536 2907 1649 2939 litterae
1659 2905 1852 2949 posteaquam
1876 2914 2023 2941 venerunt
2031 2928 2046 2948 2

1160 2955 1195 2987 id
1209 2958 1387 2988 continentes
1397 2965 1459 2988 non
1475 2954 1605 2997 sufficere
1616 2951 1784 2988 hominibus
1803 2956 1987 2990 tardioribus
2008 2959 2045 2991 Θ

1156 3002 1363 3047 solicitioribus
1378 3029 1388 3045 ‚
1413 3007 1494 3046 quod
1501 3005 1717 3050 segeneraliter
1728 3008 1892 3040 innocentii
1901 3004 2044 3050 Episcopi

1159 3055 1267 3088 litteris
1280 3052 1440 3096 consentire
1442 3054 1607 3097 fatebatur
1613 3079 1625 3097 ‚
1645 3053 1704 3098 sed
1722 3057 1829 3097 aperte
1847 3066 1913 3090 eum
1935 3056 2044 3092 debere

1160 3102 1417 3142 anathematizate
1428 3128 1438 3143 ,
1465 3116 1532 3147 quae
1542 3111 1576 3138 in
1583 3103 1638 3149 suo
1657 3104 1754 3139 libello
1767 3114 1873 3148 prava
1883 3104 2044 3150 posuerat,

1160 3152 1229 3196 nefi
1235 3154 1270 3187 id
1279 3165 1337 3186 non
1341 3153 1454 3197 fecisset
1466 3178 1477 3194 ,
1503 3156 1590 3188 multi
1598 3156 1709 3197 parum
1729 3157 1926 3201 intelligentes
1945 3162 2043 3200 magis

1158 3210 1192 3238 in
1202 3203 1297 3239 libello
1306 3207 1373 3245 ejus
1385 3206 1438 3238 illa
1445 3204 1520 3247 fidei
1531 3216 1650 3239 venena
1659 3207 1681 3237 ἃ
1694 3208 1712 3238 5
1713 3206 1766 3239 ede
1778 3205 1934 3248 apostolica
1945 3208 2043 3242 crede-

1158 3263 1225 3288 rent
1236 3253 1400 3297 approbata
1412 3279 1422 3294 ,
1445 3257 1605 3297 propterea
1625 3256 1705 3298 quod
1723 3256 1764 3290 ab
1775 3257 1830 3290 ilia
1850 3257 1963 3291 diHum
1973 3266 2041 3291 erat
2090 3273 2094 3278 ·

1157 3315 1222 3338 eum
1228 3305 1359 3339 libellum
1369 3305 1420 3349 effiv
1430 3304 1606 3338 catholicum
1615 3330 1627 3347 ‚
1653 3317 1741 3349 quam
1751 3308 1909 3340 emendata
1916 3315 2041 3349 propter

1158 3356 1236 3389 illud
1244 3379 1257 3395 ‚
1279 3356 1358 3397 quod
1362 3353 1394 3397 se
1409 3358 1503 3397 Papa
1514 3358 1677 3389 iunocentii
1686 3356 1797 3390 litteris
1805 3355 1965 3398 consentire
1976 3354 2039 3398 ipse

1157 3403 1347 3448 responderat
1359 3430 1367 3438 .
1392 3407 1475 3439 Tunc
1495 3408 1563 3451 ergo
1571 3416 1638 3439 cum
1653 3408 1720 3447 eius
1731 3405 1897 3449 prasentia
1903 3403 2038 3447 poscere·

1915 3461 1964 3486 tur
1975 3476 1987 3494 ,
