2326 3718
763 122 1003 179 RERUM,
1035 122 1503 169 ET-XVERBO-RUM.

284 216 381 244 vocat
391 208 437 244 ad
462 205 633 249 Synodum
646 232 654 240 .
1009 206 1063 244 66.
1080 218 1108 242 1.

1879 144 1908 186 ’3
1917 147 1976 183 91

1216 217 1271 241 aut
1282 205 1501 240 ratificatione
1512 208 1631 252 proprii
1643 210 1846 247 Sacerdotis.
1907 231 1927 251 .;
1950 225 2053 262 351,

234 259 382 296 Nestorii
402 256 555 301 judicium
582 269 634 301 per
655 257 806 292 Sanctum
830 239 993 299 Cyrillum
1016 259 1110 291 calla·
1169 256 1330 292 Nicolaus
1348 256 1591 292 Lelerieoeum
1602 260 1719 296 Galliae
1740 262 1781 296 ad
1795 262 1988 299 Romanam
1999 266 2056 300 δὲ·

283 319 375 348 tum,
398 317 419 355 3
431 318 480 355 13.
492 319 523 344 2.
551 308 633 343 Non
655 318 722 342 erat
742 318 824 351 opus
844 307 987 352 generali
1006 309 1110 352 Syno-

279 358 341 393 do-
1036 357 1109 391 ibid.

232 406 399 444 Nestorius
420 406 438 441 ὲ
450 406 623 444 Caelestino
635 408 872 442 communione
893 409 926 443 &
937 407 1040 452 gradu
1052 408 1111 451 pri-

279 467 394 497 vatur,
422 458 479 491 nifi
503 460 588 494 intra
612 461 724 493 decem
746 458 816 493 dies
838 467 984 493 cantaret
994 458 1110 492 erroris

279 506 502 551 palinodiam.
854 518 931 555 309.
948 520 968 541 ι.
982 516 1059 554 313.
1078 519 1109 544 2.

230 557 404 594 Nestorius
424 559 679 602 appellationem
701 558 741 592 ad
754 559 906 603 generale
918 558 1108 592 Concilium

279 620 351 643 non
364 610 554 652 praesumpslt
566 608 583 641 a
597 609 727 651 Iuliano
739 609 909 642 Eclanenfi
926 608 1089 651 Episcopo
1099 631 1109 647 ‚

279 659 414 700 aliisque
426 657 630 703 pelagianis.
655 668 722 706 3¹4·
735 671 756 691 1.
785 658 861 701 Ejus
882 657 1004 692 artibus
1021 656 1111 691 sedu-

276 710 345 742 ssus
364 705 571 743 Theodofius
591 733 601 750 ,
629 709 703 742 ibid.
733 709 868 751 Propter
889 708 1044 742 indictam
1069 705 1111 741 ab

277 759 350 801 ipso
361 758 533 800 Synodum
542 759 680 803 populus
691 758 880 793 solemniter
890 757 1112 792 comminatus

275 806 323 842 est
336 807 524 843 Nestorium
545 810 740 852 praecipitare
750 809 783 841 in
798 818 883 841 mare
895 832 902 840 .
998 816 1066 854 3¹4·
1080 818 1112 843 2..

227 856 401 894 Nestorius
410 883 421 900 ‚
447 869 504 892 cur
520 859 663 893 noluerit
674 860 802 893 causam
816 858 939 902 juliani
955 857 1112 891 Eclanen-

280 908 317 942 fis
326 907 492 952 degradati
505 910 703 953 cognoscere
714 910 730 941 ?
987 915 1067 952 304.
1086 917 1113 942 1·

228 957 401 993 Nestorius
423 957 513 992 male
525 959 638 993 contra
652 956 897 1002 Apollinarium
909 954 1087 1002 pugnando
1101 979 1112 995 ,

279 1008 356 1042 fecit
367 1020 426 1052 pro
442 1007 651 1052 Apollinario
663 1032 672 1040 .
981 1015 1065 1051 297-
1081 1017 1110 1041 2·

229 1057 403 1092 Nestorius
424 1057 598 1101 Synodum
619 1082 631 1097 ‚
667 1068 765 1100 quam
792 1057 1010 1099 postulaverat
1030 1054 1113 1089 ade&

277 1106 460 1145 extimuit,
487 1104 871 1151 utrefugeritinterefle‚
896 1116 1008 1154 315¹·
1035 1105 1113 1148 Ejus

279 1154 451 1190 damnatio
460 1178 470 1187 .
1038 1155 1112 1188 ibid.

227 1200 372 1239 Nicaenae
381 1204 508 1247 Synodi
523 1203 603 1239 Asta
624 1205 720 1248 plena
743 1215 910 1248 nunquam
923 1204 1054 1239 videtur
1069 1206 1115 1239 vi·

277 1254 356 1289 disse
369 1254 522 1288 Romana
538 1254 696 1290 Ecclefia.
725 1258 808 1293 262.
827 1266 855 1291 ι.
883 1254 1033 1289 Hilarius
1054 1255 1113 1288 Pi-

277 1305 490 1338 stavienfium
505 1305 684 1348 Episcopus
706 1306 876 1349 profitetur
889 1306 993 1349 ipsum
1008 1306 1114 1339 Nicae-

277 1364 360 1389 num
371 1354 599 1398 symbolum&
612 1356 642 1389 se
654 1356 754 1390 etiarn
769 1355 946 1398 Episcopo,
961 1366 1029 1389 non
1042 1354 1112 1389 fuis-

278 1405 312 1438 se
332 1404 436 1439 visum
458 1430 470 1447 ,
497 1405 555 1439 nisi
578 1405 659 1441 dum
681 1405 716 1439 in
738 1405 842 1440 exilio
868 1406 1001 1450 degeret
1025 1403 1110 1448 apud

278 1454 426 1488 Graecos.
988 1467 1009 1492 2
1013 1467 1031 1503 5
1038 1454 1068 1492 8·
1080 1466 1113 1491 2·

228 1503 359 1539 Nicaeni
371 1504 528 1539 Canones
541 1529 551 1546 ,
577 1504 742 1540 fuerintne
764 1505 872 1549 plures
886 1516 984 1550 quam
1002 1507 1114 1550 vigin-

280 1554 329 1588 ti?
357 1565 470 1601 2151-
498 1554 657 1590 Postulati
680 1554 721 1590 ab
735 1556 900 1590 Africanis
923 1555 1114 1599 Episcopis,

279 1613 399 1649 2701.
422 1603 542 1650 2641.
571 1605 614 1640 Et
642 1616 699 1639 cur
721 1616 777 1640 eos
800 1618 867 1640 non
881 1605 1114 1650 postulaverint

235 1684 243 1691 ,
281 1653 323 1687 ab
336 1654 560 1688 Orientalibus
574 1656 590 1688 ἶ
985 1658 1067 1691 262-
1083 1666 1111 1691 1-

230 1701 363 1738 Nicaeni
378 1704 719 1748 Conciliicapitulum
739 1716 865 1747 unum,
892 1704 1006 1740 &duo
1015 1705 1115 1739 Sardi-

283 1754 382 1788 censis
406 1754 555 1789 Concilii
575 1754 790 1791 Innocentius
811 1755 837 1789 I.
858 1754 899 1790 ad
920 1755 1115 1791 Vistricium

283 1803 442 1848 congeffit
476 1805 511 1840 in
525 1816 629 1841 unum
641 1829 650 1838 .
1016 1815 1072 1853 50·
1086 1817 1117 1843 2-

232 1851 449 1889 Nicaenorum
489 1855 666 1891 Canonum
701 1855 735 1891 in
776 1855 891 1891 Africa
916 1855 1119 1896 authoritas,

279 1909 348 1939 221-
371 1915 403 1939 2.
432 1903 532 1946 Juxta
552 1906 707 1940 Sanctum
728 1906 881 1940 Leonem
914 1907 988 1940 sunt
1007 1906 1118 1949 spiritu

278 1950 346 1985 Dei
357 1951 484 1986 conditi
497 1977 504 1986 .
516 1954 594 1990 262.
608 1959 626 1986 l.
655 1952 752 1996 Juxta
765 1953 1001 1989 Innocentium
1013 1955 1037 1988 1.
1047 1956 1119 1988 sunt

240 2042 243 2045 ἱ
281 1999 488 2042 Apostolici.
1018 2001 1072 2045 58.
1086 2012 1119 2033 2.

231 2047 448 2083 Nicaenorum
464 2046 645 2084 Canonum
664 2049 800 2083 nomine
823 2047 1038 2084 Innocentius
1061 2049 1120 2092 pri·

279 2107 354 2132 mus
374 2098 599 2142 complectitur
619 2099 718 2133 etiam
743 2098 948 2134 Sardicenses
970 2123 981 2139 ,
1006 2107 1064 2145 55.
1086 2109 1119 2132 2.

279 2147 491 2183 Theodosius
502 2148 681 2193 Imperator
703 2149 787 2183 inter
799 2149 957 2185 Nicaenos
966 2149 1122 2184 Canones

279 2199 378 2235 refert
392 2199 567 2233 Canouem
587 2199 834 2240 sardicensem,
862 2210 915 2247 54.
930 2212 963 2238 2·
990 2200 1122 2234 Sanetus

279 2247 353 2282 Leo
367 2248 502 2282 adducit
527 2248 614 2283 solos
625 2249 826 2284 sardicenses
846 2249 1002 2285 Canones
1016 2274 1028 2290 ,
1054 2249 1122 2284 eos-

280 2307 346 2339 que
360 2307 455 2330 vocat
468 2298 641 2333 Nicaeuos.
670 2309 725 2344 57.
739 2309 770 2335 2.
797 2299 1004 2334 Sardicenses
1014 2299 1121 2334 Cano-

280 2355 339 2380 nes
350 2354 431 2379 tunc
444 2346 578 2390 viguere
592 2357 647 2389 per
657 2357 767 2382 totum
779 2349 955 2384 Orientem
978 2374 985 2383 .
1046 2349 1121 2383 Ibid.

232 2395 390 2430 Nicaenos
410 2394 563 2430 Canones
586 2395 741 2431 Africana
764 2397 905 2433 Ecclesia
927 2409 1058 2434 tantum
1080 2400 1122 2433 vi-

280 2445 540 2491 gintiagnovit.
564 2455 620 2495 49.
635 2458 666 2484 2·
693 2447 852 2482 Zozitnus
865 2448 971 2493 plures
984 2448 1122 2484 adstrue·

288 2495 362 2530 bat.
1050 2497 1121 2532 ablat

234 2542 410 2582 Nicaenum
433 2546 607 2582 Canonem
628 2544 890 2584 ProvIncialium
913 2547 1122 2591 Synodorum

281 2595 411 2639 judiciis
432 2596 610 2631 adscribere
631 2598 812 2641 supremam
834 2610 873 2634 ac
893 2599 1120 2643 appellabilern

282 2643 518 2681 authoritatem
530 2670 541 2687 ,
567 2657 667 2681 nemo
678 2659 820 2692 unquam
832 2649 976 2684 effutivit
989 2674 1001 2691 ‚
1023 2661 1124 2684 nemo

284 2695 502 2739 catholicus,
529 2707 627 2732 nemo
637 2696 883 2740 schismaticus,
905 2710 1003 2734 nemo
1016 2701 1123 2735 Haere-

284 2755 388 2780 ttcus.
1003 2759 1041 2786 10
1050 2759 1077 2784 1.
1091 2761 1126 2786 2·

235 2793 412 2834 Nicetium·
424 2805 455 2842 ς.
469 2797 642 2832 Canonem
665 2807 770 2834 vetare
784 2798 954 2834 Romanas
973 2798 1126 2844 Appella-

286 2845 394 2881 tiones
406 2871 416 2886 ‚
441 2857 511 2882 non
535 2849 658 2892 primus
679 2848 792 2883 docuit
807 2849 922 2884 Petrus
937 2849 979 2884 de
994 2850 1125 2885 Marca-

292 2892 363 2930 106.
377 2906 408 2931 2·
436 2895 578 2941 ldipsum
586 2898 702 2934 docuit
715 2897 922 2934 Guilhelmus
932 2898 1126 2946 Beveregius

291 2943 471 2988 Anglicani
483 2947 671 2983 Schismatis
684 2950 808 2983 Doctor
820 2973 828 2983 .
1051 2950 1123 2984 ibid.

243 2991 398 3029 Nicaenus
411 2993 532 3032 Cam
544 3007 576 3043 ς.
591 2996 676 3032 nihil
690 2999 796 3034 sanxit
810 2999 852 3034 de
865 2999 1125 3044 depositionibus

291 3043 546 3088 Episcoporum.
575 3057 672 3094 742.
699 3050 766 3084 Cur
787 3062 856 3085 non
877 3049 1124 3095 exprimatko

291 3103 396 3128 manae
407 3095 556 3130 Ecclefiae
569 3097 775 3143 privilgium
788 3098 804 3133 ἒ
1051 3101 1124 3134 thid.

244 3142 400 3179 Nicaenus
411 3145 531 3180 Canon
544 3156 576 3192 ς.
590 3146 701 3182 tractat
712 3150 752 3184 de
774 3149 849 3185 solis
858 3148 1079 3186 criminalibus
1091 3151 1124 3185 in

293 3192 464 3235 clericos,
491 3205 546 3230 aut
556 3195 675 3231 Laicos
685 3197 833 3240 judiciis.
992 3227 1001 3249 x
1023 3210 1122 3249 47-2-

242 3244 407 3280 Nicolaus
424 3244 575 3280 Cusanus
590 3268 601 3285 ,
621 3247 706 3290 ‚quid
734 3249 863 3285 senserit
888 3251 930 3285 de
950 3248 1123 3292 pontificia

295 3294 451 3340 potestate
476 3295 623 3333 solvendi
647 3295 683 3332 ὃς
705 3296 831 3344 ligandi
857 3300 924 3336 fine
944 3302 1123 3342 consensu,

1217 306 1291 341 dem
1306 306 1698 350 Appellatio-esafferit.
1726 314 1828 350 80.·1.
1854 311 1907 350 88.
1930 325 1959 351 ι.
1985 316 2055 350 Cur

1219 355 1391 391 Ebbonem
1400 356 1522 401 absque
1533 359 1652 401 praevio
1669 363 1818 396 examine
1838 374 1905 398 non
1919 365 2055 400 admise-

1218 408 1261 442 rit
1282 418 1451 451 tamquam
1471 408 1676 444 oenonicum
1700 410 1917 457 Episcopum,
1942 426 2055 459 ¹neque

1216 457 1389 492 donaverit
1400 456 1532 492 Pallio?
1558 458 1614 504 65.
1634 469 1662 494 1-
1676 470 1705 493 2·
1731 459 1913 505 Qomodo
1936 465 1967 499 se
1989 465 2056 508 ges-

1218 507 1292 541 serit
1319 518 1395 541 cum
1421 505 1595 543 Rothaldo
1622 507 1786 552 Episcopo
1821 512 2056 550 Sueffionenfi?

1220 560 1276 602 65.
1295 569 1327 594 2.

1170 607 1332 642 Nicolaus
1342 606 1366 640 1.
1381 607 1486 652 Regia
1506 606 1540 642 in
1554 607 1735 652 Episcopos
1756 608 1824 651 jura
1843 609 2057 648 maledicitur

1220 655 1351 692 tandem
1379 658 1548 702 agnovisse
1568 682 1576 689 .
1603 656 1656 705 89.
1682 668 1715 694 2.
1743 659 1858 694 Caroli
1886 661 2059 696 violentias

1222 708 1392 749 prudenter
1406 707 1633 742 diffimulavit.
1916 726 1917 729 ¹
1985 710 2058 746 ibid.

1173 755 1348 799 Nicopolis
1371 769 1469 800 caput
1488 759 1604 792 veteris
1618 758 1720 802 Epyri
1733 760 1850 803 spectat
1863 760 1909 796 ad'
1923 760 2061 797 Paniar-

1220 805 1353 841 cbatum
1366 807 1558 842 Romanum
1571 832 1578 840 .
1940 810 2010 858 196.
2028 822 2060 847 1.

1174 857 1298 890 Novati
1321 856 1362 892 ad
1385 857 1573 892 Romanam
1587 857 1701 893 Sedem
1715 859 1909 902 appellatio.
1936 861 2057 898 226-1-

1174 906 1428 942 Novatianenfis
1459 908 1638 943 crudelitas
1658 919 1733 954 erga
1759 909 1863 953 lapsos
1883 910 1925 945 ad
1944 914 2059 946 recou-

1220 956 1422 991 ciliationem
1445 969 1513 992 non
1537 957 1775 993 admittendos.
1954 971 2008 1008 23.
2026 973 2059 998 2.

1175 1005 1326 1041 Novatus
1350 1031 1361 1047 ,
1396 1019 1437 1041 an
1465 1008 1693 1044 Novatianum
1713 1009 1948 1045 consecraverit
1974 1012 2056 1054 Epi-

1224 1057 1384 1099 scopum?
1410 1067 1488 1104 219.
1503 1073 1524 1091 ι.
1551 1058 1674 1102 Lapsos
1698 1057 1891 1094 admittebat
1910 1060 1955 1094 ad.
1971 1069 2063 1095 corn-

1224 1107 1419 1142 munionem
1440 1109 1508 1143 fine
1531 1109 1750 1143 satisfactione
1775 1110 1808 1144 &
1832 1109 2063 1153 poenitentia-J

1223 1166 1350 1193 220.1.
1389 1158 1421 1190 S.
1443 1157 1602 1201 Cypriani
1626 1159 1859 1204 Episcopatum
1890 1161 2063 1195 occafione

1224 1205 1460 1249 persecutionis
1480 1208 1606 1240 invadit
1620 1231 1628 1239 .
1989 1210 2064 1244 ibidr

1176 1255 1336 1293 Numidia
1358 1253 1422 1289 fuit
1440 1255 1580 1299 duplex,
1607 1256 1743 1300 antiqua
1769 1259 1803 1291 &
1826 1270 1930 1294 nova.
1959 1268 2067 1307 ¹47²·

1576 1353 1667 1440 O

1284 1504 1493 1540 Ccidentales
1513 1503 1623 1550 Reges
1644 1504 1774 1540 dudum
1797 1506 2003 1542 retinuerunt
2033 1508 2070 1543 ὅ(

1298 1565 1505 1600 agnoverunt
1529 1555 1653 1599 aliquid
1678 1555 1874 1592 obedientiae
1893 1568 1971 1603 erga
1994 1558 2071 1592 Ros

1228 1616 1364 1640 manum
1378 1606 1576 1650 Imperium.
1602 1603 1707 1643 180-2.
1734 1606 1913 1643 Praesertim
1923 1618 2065 1653 regnum

1229 1655 1428 1700 Burgundiae
1442 1680 1450 1688 .
1878 1658 1951 1691 ibid.
1960 1660 1996 1693 ό·
2003 1657 2065 1702 seq.

1180 1708 1309 1742 Ostavae
1331 1705 1461 1749 Synodi
1484 1705 1866 1752 Constantinopolitanae
1878 1708 1999 1744 Canon
2013 1719 2068 1755 27.

1228 1756 1269 1791 de
1295 1756 1354 1790 usu
1377 1755 1478 1790 Pallii
1501 1757 1697 1801 exponitur.
1975 1768 2034 1806 ¹9¹·
2048 1766 2074 1791 [ὅ

1180 1804 1416 1850 Omophorion
1460 1808 1635 1850 antiquum
1656 1808 1846 1844 Graecorum
1870 1819 1940 1843 non
1962 1810 2026 1844 fnit
2048 1806 2073 1841 i-

1230 1857 1306 1892 dem
1326 1866 1403 1891 cum
1427 1856 1618 1893 Phaenolio.
1961 1868 2028 1905 ¹73·
2039 1869 2069 1895 2.

1182 1905 1419 1948 Omophorion
1458 1907 1579 1942 Graecis
1620 1907 1791 1954 Episcopis
1812 1920 1881 1945 non
1905 1909 1968 1944 fuit
1989 1908 2073 1942 olim

1231 1954 1325 1988 vestis
1362 1954 1517 1996 vulgata.
1554 1968 1612 2001 191.
1628 1971 1649 1990 ι.
1685 1959 1877 1994 Graecorum
1916 1958 2074 2003 Episcopi

1234 2010 1304 2033 non
1326 1999 1501 2041 deponunt
1528 2004 1612 2035 illud
1631 2006 1704 2044 post
1727 2007 1899 2042 recitatum
1926 2009 2079 2052 Evange⁴

1234 2049 1337 2082 lium.
1972 2068 1982 2088 ι
2010 2070 2029 2088 ι.
2043 2070 2074 2093 2.

1185 2097 1420 2143 Omophorion
1434 2121 1445 2138 ,
1471 2097 1550 2143 quid
1581 2099 1667 2144 apud
1681 2099 1837 2137 Indorum
1849 2065 2077 2141 Pelusiot'am?

1238 2159 1315 2197 173.
1334 2159 1362 2185 1.
1390 2149 1471 2183 Non
1493 2149 1557 2184 fuit
1586 2151 1757 2194 palliolum
1776 2177 1788 2193 ,
1824 2154 1876 2186 seu
1900 2153 2047 2190 Mozetta
2062 2181 2076 2197 ‚

1236 2210 1304 2244 quo
1324 2199 1511 2234 Graecorum
1534 2200 1708 2236 Antistites
1730 2202 1907 2238 utebantur
1927 2215 2021 2241 extra
2031 2207 2075 2241 sa-

1234 2249 1349 2284 crificii
1372 2258 1536 2293 tempora·
1984 2256 2072 2290 ibid.

1187 2298 1424 2344 Omophorion
1446 2300 1571 2335 sacrum
1593 2313 1664 2336 non
1691 2301 1736 2337 est
1759 2313 1990 2340 ornamentum
2010 2306 2073 2342 Pa-

1235 2348 1384 2384 triarchis
1405 2349 1590 2393 permissum
1610 2351 1653 2386 ab
1676 2351 1949 2395 Imperatoribus.
1990 2367 2071 2404 174.

1194 2444 1197 2447 Ι
1240 2410 1268 2435 1.
1295 2399 1377 2433 Non
1400 2399 1446 2433 est
1472 2400 1638 2443 imperiale
1661 2400 1879 2443 beneficium,
1906 2404 1961 2438 sed
1985 2406 2075 2439 insti-

1236 2457 1343 2484 tutum
1369 2447 1618 2492 Apostolicum.
1645 2448 1729 2483 ibid.
1756 2449 1808 2485 Eo
1831 2453 1905 2486 usus
1930 2454 1959 2487 S.
1982 2455 2074 2497 Jaco-

1236 2498 1296 2533 bus
1328 2498 1439 2533 Frater
1465 2498 1607 2533 Domini
1630 2522 1641 2539 ‚
1677 2499 1811 2534 Marcus
1836 2501 2072 2547 Evangelista,

1235 2550 1271 2583 &
1291 2548 1358 2592 ipse
1376 2549 1405 2583 S.
1417 2548 1531 2583 Petrus
1562 2548 1759 2593 Apostolus.
1993 2554 2068 2589 ibid.

1185 2596 1421 2643 Omophorion
1459 2598 1489 2632 S.
1513 2599 1626 2642 Jacobi
1649 2598 1858 2636 Theodosius
1883 2600 2071 2641 patriarcha

1237 2649 1564 2694 Hierosolymitanus
1585 2650 1722 2684 donavit
1743 2651 1921 2696 S.1gnatio
1930 2653 2071 2690 Patriar·

1236 2698 1303 2735 cbae
1325 2698 1718 2745 Constantinopolitano.

1287 2747 1362 2784 vide
1383 2749 1514 2784 pallium
1529 2774 1537 2783 .
1743 2784 1745 2787 ,

1187 2801 1335 2835 ordinare
1349 2824 1361 2841 ,
1400 2811 1465 2834 vox
1485 2799 1620 2835 sumitur
1642 2812 1701 2846 pro
1720 2802 1991 2845 consecratione,
2017 2803 2071 2840 vel

1235 2847 1532 2885 inthronizatione.
1684 2887 1686 2889 .
1944 2865 2021 2900 157.
2040 2863 2069 2889 1*-

1185 2900 1365 2937 Ordinatio
1388 2897 1625 2936 Cathecumeni
1644 2901 1680 2937 in
1694 2902 1893 2947 Episcopum
1915 2904 2072 2948 approba-

1236 2961 1271 2985 ta
1290 2949 1310 2984 a
1333 2951 1486 2986 Romana
1512 2951 1652 2987 Ecclesia
1677 2952 1712 2986 in
1735 2953 1765 2987 S.
1789 2952 1966 2989 Ambrofio
1987 2977 2002 2995 ‚
2034 2955 2071 2990 ἂι

1234 3001 1336 3036 etiam
1368 3001 1541 3036 Nectario.
1954 3009 2070 3041 1202·

1187 3051 1367 3086 Ordinatio
1404 3051 1538 3097 Evagrii
1562 3051 1585 3086 a
1619 3052 1650 3086 S.
1672 3051 1815 3089 Paulino
1851 3054 1932 3089 vivo
1966 3054 2039 3088 solo
2056 3078 2068 3087 .

1241 3111 1255 3137 1
1310 3113 1351 3134 .1.

1188 3111 1367 3189 Ordi3n3atio
1388 3149 1424 3185 in
1446 3150 1558 3185 locum
1577 3150 1725 3189 damnati
1749 3153 1905 3199 Episcopi
1926 3152 1996 3188 fieri
2013 3162 2068 3186 ne-

1236 3201 1309 3245 quit
1327 3225 1340 3243 ‚
1375 3202 1550 3245 antequam
1587 3202 1758 3239 damnatio
1777 3205 1989 3240 confirmetur
2009 3213 2066 3246 per

1238 3252 1425 3287 Romanam
1439 3251 1632 3288 Ecclesiam.
1938 3262 2020 3296 27³²
2031 3263 2066 3287 2-

1188 3302 1424 3340 Ordinationes
1449 3301 1616 3339 Africanae
1632 3303 1781 3341 Ecclesia
1812 3309 2031 3386 expongntssr
2051 3308 2068 3337 ι’

1899 3361 1914 3386 1
1944 3361 2010 3397 5-1.

1909 2713 1987 2751 194.
2001 2716 2021 2739 ι.
2036 2716 2070 2762 2'.
