2326 3718
676 146 957 192 ROMANIS
993 153 1557 190 ΑΡΡειιΑτῐοΝιΒυε.
1867 162 1963 207 2.21

219 224 640 265 istam&consuetudinem
651 223 898 268 &disciplinam
912 223 1098 268 Cyprianus
1158 218 1249 255 nelio
1269 219 1419 255 irascatur
1439 232 1567 266 propter
1591 227 1738 263 auditum
1757 228 1944 266 haereticum
1956 229 2034 274 Epi·

220 289 313 315 tanta
329 275 501 311 verborum
520 275 659 321 emphafi
672 275 786 310 debuit
796 285 959 319 exponere
968 284 1038 317 atq·,
1049 273 1099 307 fir·
1161 272 1312 315 scopum.
1340 270 1475 306 Etenim
1487 272 1509 305 fi
1520 274 1718 312 Fortunatus
1729 303 1740 319 ,
1760 280 1836 315 lieet
1847 279 2032 322 haereticus,

211 338 309 365 *mare
318 327 520 362 Communes
531 327 679 362 Ecclefiae
689 326 842 360 Canones
851 323 1101 359 erantomnibus
1160 320 1268 356 fuisset
1289 331 1382 355 verus
1392 321 1597 367 Episcopus,
1622 328 1762 362 omnin&
1785 329 2035 373 poteratapon.

223 376 552 421 notiffimi,ideoque
562 389 623 412 nec
633 375 772 421 egebant
783 376 882 410 tantis
894 375 1102 409 Commenta·
1161 370 1248 406 tifice
1274 370 1379 405 audiri
1406 396 1414 403 .
1442 372 1517 408 Nec
1543 373 1729 416 Cyprianus
1749 401 1760 417 ,
1785 380 1841 421 qui
1867 379 2038 416 Privatum

222 427 281 463 riis
293 436 348 462 aut
359 427 544 472 Apologiis.
558 426 742 472 Cyprianus
752 424 831 471 ergo
841 436 932 471 urget
943 425 1101 459 Fortuna·
1162 419 1426 456 Lambefitanum
1449 421 1559 457 laudat
1572 422 1664 457 fuisse
1675 424 1823 460 auditum
1837 429 1855 462 a
1868 429 2014 464 Fabiano
2025 453 2039 471 ,

221 486 295 512 turn
307 487 373 511 non
396 478 460 512 effe
470 477 689 521 Episcopum,
716 476 770 510 sed
784 477 954 511 dumtaxat
967 473 1101 516 Presby·
1161 470 1400 516 obstrepuiffet.
1428 471 1573 508 Proinde
1590 471 1748 518 obstrepit
1767 474 1812 509 ob
1821 475 1898 511 duas
1908 481 2016 514 causas
2029 504 2039 513 .

221 536 327 562 terum
340 552 348 560 .
376 526 530 570 Injeitum
549 527 597 561 illi
619 526 830 570 Episcopatus
839 527 951 560 fucum
962 535 1030 558 non
1041 524 1102 557 eise

220 587 347 611 novum
376 577 536 622 gradum,
561 575 615 611 sed
638 587 761 610 novum
784 576 908 611 crimen
927 598 940 615 ,
963 574 1103 616 ideoque

221 627 329 671 ipsum
351 627 414 662 esse
432 627 664 661 remittendum
687 627 728 661 ad
751 625 963 661 domesticam
991 623 1102 666 Syno-

223 677 325 711 dum.
350 678 565 712 Fortunaturn
585 677 648 711 esse
669 676 688 710 ὲ
711 676 868 710 Cornelio
879 671 1079 710 tractandum
1093 696 1105 714 ,

224 727 275 762 uti
297 727 364 772 ipse
382 724 424 761 ab
444 727 516 761 aliis
543 726 712 770 Episcopis
724 725 801 760 velit
813 723 937 759 tractari
946 723 1108 758 Novatia-

223 787 306 812 num
318 801 326 809 .
352 776 483 820 Nempe
503 788 571 811 non
582 778 629 810 uti
642 776 783 820 Papam,
808 775 863 810 sed
874 775 923 809 uti
944 774 1106 808 facinoro-

223 827 297 860 sum
317 825 546 870 Presbyterum
561 852 568 859 .
595 825 771 861 Manifeste
794 825 892 860 docet
917 824 1014 859 aliam
1030 823 1104 867 Epi-

223 877 422 921 scoporum,
447 877 550 911 aliam
566 877 599 911 in
623 876 736 911 Africa
748 878 811 910 effe
833 876 994 909 rationem
1007 871 1107 907 Cleri·

225 924 359 961 corum.
386 926 468 962 Istos
489 928 597 972 poffe,
622 925 682 961 hos
704 935 774 960 non
795 925 884 969 posse
895 925 1039 958 Romam
1053 933 1109 966 ap-

226 975 361 1021 pellare.

1162 520 1276 556 Primo
1298 546 1310 564 ,
1335 521 1424 566 quod
1448 522 1601 558 rebellem
1632 523 1674 558 ab
1694 524 1845 559 haeretico
1864 550 1875 567 ‚
1903 528 2040 572 ideoque

1163 571 1295 607 nulliter
1306 573 1555 614 consecratum,
1583 574 1776 619 &legitime
1785 574 1851 618 jam
1873 586 1926 619 per
1935 588 2042 612 annos

1163 622 1288 656 sedenti
1312 623 1477 667 Episcopo
1498 624 1751 667 superintrusum
1779 624 1947 660 hominem
1965 651 1976 667 ‚
2004 636 2043 660 ae

1164 672 1302 715 proinde
1309 672 1483 707 manifesto
1492 673 1626 708 inanem
1639 674 1795 719 Episcopi
1808 676 1918 710 fucum
1931 700 1942 717 ‚
1963 676 2046 710 Cor-

1166 721 1269 755 nelius
1281 721 1445 757 haefitaffet
1454 724 1626 759 admittere
1636 724 1676 759 ad
1690 725 1922 769 appellandum
1933 750 1945 766 ‚
1957 725 2046 760 ideo-

1166 782 1230 814 que
1255 782 1322 805 non
1346 783 1382 807 ut
1403 773 1569 808 Clericutn
1582 798 1593 814 ‚
1621 773 1674 808 sed
1693 776 1841 810 trastaret
1860 786 1896 810 ut
1907 776 2050 819 Episco*

1169 832 1246 865 pum
1255 845 1262 853 .
1290 822 1473 858 Secundam
1484 822 1689 867 obstrependi
1699 826 1827 859 causam
1836 825 1969 860 edicunt
1979 823 2048 859 haec

1170 871 1282 906 verba:
1310 874 1389 907 satis
1415 880 1542 908 miratus
1549 873 1637 917 sum,
1662 886 1727 909 cum
1739 876 2009 918 animadvertissem
2018 882 2049 909 te

1169 927 1259 954 minis
1279 931 1369 965 atque
1385 924 1546 958 terroribus
1567 936 1667 959 eorum
1676 927 1863 968 aliquantum
1869 925 1959 968 fuiffe
1968 936 2050 959 com-

1171 979 1298 1004 motum.
1325 972 1459 1007 Etenim
1480 975 1515 1008 δε
1528 974 1584 1018 ipsi
1597 974 1755 1010 Pontifici
1778 975 1960 1010 violentam
1984 976 2052 1008 sua·

1173 1030 1243 1054 rum
1255 1020 1432 1057 litterarum
1445 1025 1670 1060 recitationem
1681 1049 1694 1067 ‚
1720 1026 1754 1060 &
1766 1024 1937 1069 cypriano
1949 1024 2053 1058 mina·

1173 1071 1199 1104 ti
1222 1071 1351 1106 fuerant
1363 1072 1459 1114 fustes
1484 1097 1495 1112 ‚
1519 1075 1638 1116 lapides
1662 1099 1674 1115 ‚
1700 1077 1734 1110 et
1750 1077 1869 1120 gladios
1890 1102 1897 1109 .
1925 1072 2055 1110 Minati

1173 1120 1321 1161 fuerant,
1347 1123 1404 1154 nisi
1425 1123 1443 1156 a
1469 1122 1623 1157 Romana
1645 1125 1806 1165 Ecclefia‚
1831 1135 1868 1160 ut
1879 1137 1955 1160 vera
1968 1125 2055 1159 Car-

1175 1169 1375 1216 thaginenfis
1398 1170 1669 1215 Archi-Episcopi
1693 1174 1857 1217 Legario,
1881 1177 2057 1209 tractarem

1174 1231 1246 1262 tur,
1271 1221 1478 1265 Cyprianurn
1493 1222 1512 1256 ὲ
1532 1222 1564 1256 se
1587 1222 1622 1255 in
1636 1221 1785 1256 Africam
1802 1224 1943 1267 regreffis
1966 1223 2059 1257 fusti-

1175 1270 1322 1316 gandum
1344 1294 1355 1311 ,
1384 1270 1597 1314 lapidandum
1621 1295 1631 1311 ‚
1659 1272 1779 1317 gladiis
1804 1271 2058 1306 trucidandum.

1177 1321 1270 1355 Hinc
1280 1320 1365 1354 circa
1379 1321 1464 1365 ipsos
1475 1321 1657 1355 audiendos
1677 1323 1848 1365 cespitavit
1861 1322 2037 1357 Cornelius
2049 1344 2059 1353 .

1179 1371 1222 1405 Et
1233 1371 1329 1405 istum
1352 1371 1386 1404 in
1404 1371 1474 1414 ipso
1485 1380 1609 1406 metum
1621 1371 1731 1415 culpat
1742 1371 1947 1416 Cyprianus.
1975 1372 2063 1406 Cen-

1178 1421 1240 1455 suit
1252 1445 1264 1462 ,
1290 1421 1339 1454 uti
1352 1420 1512 1464 Iustitiam
1525 1446 1536 1462 ‚
1562 1421 1606 1455 ita
1618 1432 1721 1466 aequas
1741 1421 1882 1465 &justas
1909 1421 2064 1456 Ecclesia·

1179 1483 1250 1506 rum
1267 1471 1521 1506 consuetudines
1543 1470 1659 1507 debere
1672 1473 1796 1507 summa
1809 1473 1994 1508 constantia
2006 1480 2064 1516 pet

1179 1520 1379 1557 Pontificem
1400 1521 1534 1557 defendi
1545 1548 1557 1555 .,

1229 1572 1372 1607 Domini
1388 1571 1669 1617 Archi-Episcopi
1682 1569 1861 1610 Parisienfis
1879 1575 1962 1610 circa
1975 1572 2065 1609 hanc

1179 1622 1350 1667 epistolam
1362 1623 1458 1658 Sensa
1480 1623 1686 1667 pertinaciter
1698 1635 1804 1660 tuetur
1815 1625 1959 1670 Scriptor
1972 1624 2066 1658 Ano·
2081 1637 2152 1676 Cap,
2172 1645 2199 1672 1⁴,

1180 1683 1300 1716 nymus
1313 1698 1324 1714 ,
1350 1673 1491 1716 ideoque
1514 1674 1558 1710 est
1573 1673 1708 1709 breviter
1722 1675 1902 1710 audiendus
1915 1690 1926 1709 .-
1954 1678 2064 1708 Petrus

1180 1725 1217 1758 de
1228 1727 1352 1764 Marco,
1375 1732 1408 1757 ut
1434 1720 1528 1764 refert
1538 1724 1694 1757 Davidius
1709 1750 1720 1766 ‚
1744 1725 1799 1757 hac
1811 1726 1953 1766 Cypriani
1964 1723 2064 1766 episto-

1180 1775 1211 1807 la
1227 1774 1354 1817 probare
1375 1774 1525 1807 contendit
1531 1778 1641 1815 primis
1662 1773 1845 1817 temporibus
1858 1773 2020 1817 Episcopo:
2031 1778 2065 1806 in

1180 1825 1319 1858 conciliis
1344 1824 1586 1857 ProvinciaIibus
1598 1847 1609 1864 ‚
1633 1831 1715 1859 omni
1735 1826 1931 1868 appellatione
1952 1831 2066 1858 remota

1181 1876 1225 1908 ad
1232 1878 1398 1907 Romanum
1411 1873 1602 1916 Pontificem,
1620 1875 1772 1915 judicatos
1781 1876 1887 1919 fuisse.
1916 1872 1982 1917 Ipse
1995 1884 2065 1907 ¹vero

1182 1926 1335 1958 Donidius
1356 1923 1407 1956 hoc
1428 1932 1636 1968 argumentum
1654 1925 1986 1965 aestimatimbecillum,
2011 1933 2064 1956 nec

1181 1975 1397 2009 accommodate
1405 1981 1497 2016 putat
1507 1974 1616 2007 adduci
1634 1975 1708 2019 posse
1729 1976 1894 2017 exemplum
1904 1977 2068 2008 Fortunati

1183 2028 1217 2059 Θ
1229 2025 1392 2064 Felicifflmt
1410 2025 1454 2057 ad
1466 2024 1654 2066 probandum
1674 2025 1837 2069 ¹Episcopos
1850 2026 1881 2069 J
1884 2024 2068 2068 urisdit‘lioni

1183 2075 1356 2113 synodorum
1379 2075 1611 2106 Provincialium
1630 2074 1681 2118 effe
1704 2076 1842 2109 obnoxios
1867 2099 1878 2115 ,
1903 2079 1981 2107 omni
1997 2075 2070 2114 jure

1183 2123 1392 2166 appellationis
1418 2125 1463 2156 ad
1482 2125 1650 2157 Romanam
1675 2125 1778 2158 sedem
1800 2132 1907 2158 remoto
1921 2148 1931 2163 ‚
1956 2125 2069 2165 quipp?

1183 2185 1249 2207 cum
1272 2172 1435 2211 Presbyteri
1450 2170 1596 2215 fimplices
1610 2172 1730 2216 fuerint
1742 2199 1753 2215 ,
1780 2172 1992 2217 Episcoporum
2000 2172 2068 2205 cba-

1184 2222 1292 2257 redere
1315 2231 1406 2264 atque
1417 2221 1617 2264 amplitudine
1629 2230 1735 2258 vacui.
1756 2225 1816 2257 Sed
1823 2222 1963 2266 ejusmodi
1973 2221 2065 2265 obsera

1185 2280 1268 2307 vatio
1278 2272 1356 2305 nihil
1364 2278 1492 2306 attinere
1502 2273 1626 2305 videtur
1638 2299 1645 2306 .
1674 2276 1778 2317 ,Quam
1791 2275 1904 2316 dtfficile
1929 2273 1966 2313 est
1985 2278 2065 2306 enim

1180 2323 1310 2365 probare
1321 2329 1409 2355 aetate
1418 2322 1518 2354 Sanc‘li
1527 2324 1667 2363 Cypriam
1687 2325 1778 2357 aliam
1800 2336 1833 2358 ac
1854 2321 2007 2365 diversam
2013 2325 2068 2364 ju-

1184 2373 1308 2408 dicandi
1341 2369 1483 2414 Episcopi
1506 2373 1711 2407 &Sacerdotis
1725 2373 1814 2416 fuisse
1837 2378 1985 2406 rationem
1998 2397 2008 2413 ,
2033 2379 2067 2405 ue

1185 2421 1304 2465 ipsomet
1327 2423 1459 2463 exemplo
1482 2425 1642 2455 Fortunati
1658 2422 1841 2466 perspeae‘lum
1859 2422 1918 2463 est,
1944 2429 1994 2465 qui
2002 2421 2069 2466 suis

1184 2473 1269 2506 rebus
1294 2482 1350 2504 non
1369 2479 1476 2511 cavet,
1504 2482 1555 2503 nec
1570 2474 1712 2512 providet
1723 2475 1930 2514 appellationis
1949 2482 2014 2505 arte
2026 2472 2069 2504 ad

1184 2525 1348 2555 Romanum
1370 2519 1540 2562 Pontificem
1551 2545 1561 2561 ,
1585 2519 1640 2563 sed
1658 2527 1806 2555 minarum
1818 2533 1851 2554 ac
1862 2529 1954 2556 metus
1967 2546 1977 2561 ,
2003 2527 2067 2564 qui-

1184 2572 1238 2606 bus
1261 2573 1325 2614 ejus
1348 2576 1479 2604 animum
1499 2572 1619 2612 explet.
1648 2576 1715 2605 Nec
1735 2578 1760 2605 ei
1771 2571 1932 2613 exprobrat
1945 2576 2068 2613 Cypria·

1185 2634 1241 2655 nus
1253 2619 1397 2664 usurpata
1418 2618 1629 2663 Episcoporum
1654 2624 1819 2666 Privilegia
1839 2621 1872 2654 ob
1888 2621 2067 2664 postulatam

1185 2672 1424 2716 disceptationem
1435 2672 1496 2703 litis
1503 2673 1540 2712 ju
1546 2672 1653 2706 dicatae
1665 2674 1832 2705 iterandam
1851 2683 1947 2705 coram
1961 2675 2063 2704 Ponti-

1182 2721 1236 2765 fice
1247 2725 1381 2755 Romano
1394 2748 1400 2754 .
1427 2726 1492 2754 Nec
1516 2720 1571 2764 ipsi
1574 2720 1684 2765 scripsit
1697 2722 1830 2764 Pontifici
1840 2723 1883 2755 ad
1892 2730 2066 2763 recuperan-

1184 2773 1257 2807 dam
1275 2770 1524 2817 Jurisdifflonem
1547 2772 1694 2815 adversus
1707 2773 1894 2812 Presbyteros
1914 2772 2066 2813 Africanae

1186 2821 1317 2864 Ecclefiae
1340 2820 1513 2864 usurpatam
1527 2846 1537 2861 ‚
1559 2820 1613 2864 sed
1635 2831 1667 2856 ut
1677 2823 1716 2855 ab
1736 2828 1835 2856 animo
1848 2822 2002 2864 Pontificis
2020 2829 2065 2854 in-

1182 2874 1294 2915 jec‘lum
1319 2882 1458 2906 terrorem
1483 2870 1648 2915 dispelleret
1670 2897 1679 2911 ‚
1705 2871 1857 2916 ipsumque
1881 2873 2063 2914 impediret,

1186 2934 1221 2956 ne
1230 2922 1426 2963 familiariter
1448 2930 1579 2955 uteretur
1599 2922 1762 2956 bominibus
1775 2948 1784 2962 ‚
1811 2921 1917 2965 quibus
1939 2932 2064 2956 commu-

1186 2980 1271 3006 nione
1297 2971 1624 3013 interdic‘iumfuorat‚
1653 2985 1688 3007 ne
1700 2974 1765 3007 illos
1783 2970 1873 3015 socios
1885 2982 1936 3006 aut
1946 2977 2064 3006 comites

1180 3022 1244 3065 five
1266 3028 1298 3054 in
1307 3027 1453 3056 conviviis
1465 3046 1476 3062 ,
1497 3021 1560 3063 sive
1579 3028 1610 3056 in
1622 3025 1765 3065 colloquiis
1778 3021 1918 3057 baberet.
1945 3021 2061 3066 Ipsum-

1186 3084 1242 3116 que
1265 3071 1435 3114 Pontificem
1454 3077 1486 3104 in
1506 3078 1615 3107 crimen
1637 3083 1740 3106 vocare
1763 3073 1886 3106 videtur
1908 3072 2064 3116 cujusdam

1186 3123 1282 3156 habiti
1291 3134 1352 3156 cum
1362 3120 1504 3164 ejusmodi
1514 3121 1662 3155 bominum
1669 3134 1777 3167 genere
1787 3130 1947 3158 commercii
1958 3148 1965 3155 .
1982 3127 2066 3158 Prae-

1186 3181 1267 3207 terea
1277 3175 1296 3206 5
1299 3172 1402 3205 andus
1414 3175 1580 3214 Cyprianus
1591 3171 1695 3216 causas
1706 3170 1873 3206 communes
1880 3172 1931 3216 seu
1937 3186 2062 3217 genera·

1188 3224 1227 3256 les
1233 3222 1350 3265 profert
1365 3245 1376 3262 ,
1402 3231 1467 3264 quae
1479 3222 1621 3264 aequabili
1631 3228 1745 3256 rarione
1756 3222 1912 3266 Episcopis
1931 3224 1965 3257 6·
1978 3222 2062 3266 Pres-

1189 3273 1295 3314 byteris
1314 3277 1508 3312 conveniunt,
1533 3281 1566 3305 ut
1586 3271 1717 3308 abducat
1735 3274 1889 3307 Cornelius
1912 3276 2000 3315 Papa
2024 3272 2064 3306 ab

1190 3322 1332 3367 ejasmodi
1355 3321 1501 3354 hominum
1511 3327 1701 3364 querimoniis
1719 3333 1804 3356 aures
1825 3322 1920 3366 suas,
1947 3325 1981 3357 6·
1996 3331 2067 3365 per-

1186 3371 1320 3416 speHum
1325 3371 1364 3413 fit
1374 3371 1503 3404 omnibus
1513 3373 1626 3406 ultima
1649 3378 1815 3417 cognitionis
1823 3371 1973 3416 sententia
1978 3371 2065 3414 futffe

1191 3430 1222 3458 in
1233 3424 1338 3463 synodo
1351 3422 1503 3464 judicatos
1517 3446 1523 3453 .

341 1163 689 1211 CAPUT
759 1165 978 1212 XVIII.

228 1299 492 1370 Discutiuntur
505 1305 658 1350 Domini
670 1305 773 1351 Petri
785 1301 827 1350 de
842 1308 994 1349 Marcu
1006 1336 1019 1361 ,
1056 1306 1115 1348 ξφ

297 1376 483 1438 Anonymi
520 1376 720 1441 Scriptoris
779 1370 898 1438 Sensa
945 1377 1045 1420 circa
1087 1368 1091 1372 ⁴

402 1441 607 1492 adduiium
653 1441 774 1490 locum
809 1441 942 1491 Sanb't‘i

569 1516 774 1580 Cypriani.

232 1690 234 1692 v
328 1675 473 1709 Ominus
496 1672 610 1707 Petrus
627 1671 668 1706 de
679 1673 792 1708 Marca
814 1674 855 1709 ad
867 1673 1032 1710 laudatum
1050 1675 1117 1718 Cy-

354 1723 459 1768 priani
477 1723 593 1758 *locum
606 1722 713 1758 scribit
727 1725 759 1758 in
773 1724 913 1768 septimo
933 1723 1035 1760 libro:
1064 1730 1116 1764 Cy·

227 1781 359 1818 prianus
371 1800 383 1816 ,
408 1785 474 1807 cum
483 1784 522 1808 ex
537 1771 686 1818 sententia
695 1776 818 1808 concilii
824 1772 873 1818 sui
892 1775 913 1809 ἃ
924 1782 1118 1809 communione

230 1824 371 1868 rejeciffot
391 1823 535 1868 quosdam
557 1824 686 1858 clericos
707 1847 720 1866 ,
745 1826 780 1860 &
803 1826 964 1868 quemdam
990 1824 1116 1870 Pseudo·

232 1873 413 1919 Episcopum
436 1878 669 1914 Haereticorum,
694 1872 830 1919 &ascitur
848 1876 999 1910 adversus
1011 1880 1118 1910 Corne-

233 1924 306 1959 lium
328 1922 504 1968 Episcopum
521 1927 712 1966 Romanum,
739 1925 818 1967 quod
837 1936 902 1959 cum
926 1926 971 1959 illi
992 1929 1118 1959 Romam

231 1976 412 2019 aeceffiffent,
436 1973 589 2018 baefitaffet
598 1974 815 2017 aliquamlum
826 1975 993 2017 Pontifex,
1021 1987 1118 2009 aneos

232 2030 502 2060 incommunionem
523 2030 679 2066 reciperet.
708 2030 794 2058 Hanc
816 2025 850 2058 ob
867 2036 929 2060 rem
953 2030 1118 2068 Cyprianus

233 2075 319 2118 apud
342 2075 512 2108 cornelium
536 2075 639 2116 apert?
660 2075 795 2117 ediffnit*
806 2076 885 2114 ‚iura
910 2073 1121 2117 Episcoporum

234 2121 460 2166 uniufiujusque
482 2125 674 2165 Provinciae,
698 2134 768 2166 quse
791 2128 864 2156 ineo
877 2122 1059 2166 versantur,
1087 2133 1122 2158 ut

234 2174 282 2207 ad
299 2184 346 2207 eos
362 2177 518 2215 pertineat
537 2169 681 2216 discuffio,
699 2174 919 2218 Judiciumque
941 2172 1098 2216 causarum
1111 2198 1122 2214 ,

235 2225 272 2257 6
292 2227 424 2266 regimen
438 2221 541 2266 grega's
564 2245 576 2262 ,
601 2227 747 2256 rationem
773 2223 1038 2263 administrationis
1062 2222 1121 2263 siue

232 2274 297 2305 Deo
307 2271 500 2306 reddituros.
527 2273 632 2311 Neque
643 2272 727 2305 licere
739 2275 866 2304 Romam
876 2296 886 2312 ,
909 2273 1012 2306 aliove·
1022 2274 1120 2314 appel-

233 2323 298 2356 lare
308 2347 316 2355 .
343 2322 452 2364 Neque
464 2325 544 2355 enim
554 2324 694 2355 minorem
714 2321 765 2365 esse
775 2321 990 2356 authoritatem
1005 2318 1122 2366 Episco-

230 2380 338 2415 porum
358 2370 561 2412 Africanorum
574 2393 585 2410 ‚
609 2381 701 2413 quam
723 2370 901 2414 reliquorum
914 2397 921 2404 .
950 2375 1120 2406 Damnatos

230 2423 322 2465 porro
335 2444 345 2460 ,
367 2419 395 2462 fi
411 2420 645 2462 adcyprianum
656 2421 787 2454 accedere
807 2422 979 2463 voluerint,
1005 2425 1123 2455 auditu-

235 2482 303 2506 rum
307 2469 340 2514 se
350 2469 471 2504 libenter
485 2493 496 2509 ,
515 2471 550 2503 (v
556 2475 767 2511 poenitentiam
779 2481 876 2504 eorum
887 2473 1096 2514 amplexurum
1110 2496 1120 2512 ‚

234 2521 258 2562 fi
267 2525 388 2555 crimine
400 2518 582 2562 ullofuerint
595 2522 725 2554 involuti
740 2544 747 2551 .

288 2572 421 2605 Errores
440 2571 556 2604 iterum
579 2570 675 2605 varii.
700 2570 830 2605 Primus
843 2570 909 2612 est,
937 2570 1026 2616 quod
1044 2573 1121 2606 For·

235 2631 370 2655 tunatus
392 2619 487 2654 fuerit
498 2619 736 2655 Haereticorum
758 2621 956 2665 Episcopus.
985 2622 1119 2656 Etenim

236 2671 302 2707 fuit
323 2670 458 2714 quidem
477 2670 682 2706 consecratus
703 2670 744 2705 ab
766 2670 924 2706 haereticis
941 2697 951 2713 ‚
981 2672 1122 2717 ideoque-

236 2720 343 2756 multa
364 2720 508 2764 ipsorum
532 2721 768 2755 communione
786 2722 1051 2762 contaminatus,
1076 2731 1122 2756 at-

236 2780 347 2806 tamen
360 2771 493 2805 Sanctus
504 2769 690 2815 Cyprianus
707 2771 827 2806 nullibi
843 2772 946 2815 ipsum
959 2773 1069 2818 arguit
1079 2772 1119 2806 de

238 2820 329 2865 lapsu
351 2821 386 2854 in
397 2821 574 2854 Haerefim.
603 2819 695 2855 Ante
719 2820 808 2856 hunc
829 2822 989 2857 ambitum
1001 2824 1124 2867 semper

238 2871 343 2905 fuerat
362 2869 580 2905 Orthodoxus
604 2896 615 2913 ,
651 2870 824 2915 Presbyter
857 2870 1124 2918 carthaginensis

241 2918 409 2954 Ecclefiae.
435 2921 601 2955 Secundus
622 2932 711 2956 error
731 2921 775 2955 est
789 2946 799 2963 ,
825 2922 915 2965 quod
937 2923 1124 2967 Cyprianus

243 2968 285 3003 ad
300 2968 526 3005 divertendum
547 2971 565 3005 a
576 2971 750 3006 Fortunati
766 2972 989 3015 appellatione
999 2974 1123 3007 Corne-

244 3019 328 3053 lium
363 3018 535 3053 adduxerit
559 3022 749 3056 eommunia
784 3022 857 3064 Jura
887 3022 1123 3066 Episcoporum

243 3068 498 3112 uniuscujusque
508 3069 707 3106 Provinciae.
737 3073 873 3106 Etenim
895 3072 1032 3107 adduxit
1057 3085 1125 3117 pro·

246 3118 353 3161 prium
376 3118 574 3163 &singulare
596 3121 763 3156 statutum
784 3121 944 3156 Africanae
960 3123 1104 3157 Ecclefiae
1117 3148 1124 3156 .

243 3167 356 3212 Ipsum
377 3168 609 3204 demonstravit
622 3182 748 3215 aequum
771 3172 958 3215 &justum
984 3174 1126 3218 ideoque

247 3229 319 3254 non
340 3217 580 3261 projiciendum
597 3219 616 3252 a
636 3220 789 3256 Romana
802 3222 955 3260 Ecclesia.
985 3223 1124 3258 Addidit

246 3268 467 3303 Fortunarum
490 3279 559 3302 non
579 3269 642 3303 effe
658 3269 876 3314 Episcopum,
901 3273 1126 3319 sedimagina-

248 3318 336 3351 rium
361 3318 515 3361 Episcopi
541 3319 698 3362 speCirum
719 3332 726 3351 :
758 3320 832 3356 Effe
857 3324 950 3357 suurn
972 3324 1125 3359 rebellem

248 3367 418 3402 Clericum
431 3392 441 3407 ,
466 3368 606 3412 ideoque
619 3367 671 3402 isti
684 3369 812 3405 Statuto
824 3382 877 3415 per
897 3374 1011 3410 omnia
1022 3374 1126 3408 obno-

251 3415 361 3452 xium.
387 3416 523 3451 Tertius
542 3428 630 3453 error
646 3418 713 3460 est,
740 3419 829 3463 quod
851 3422 1036 3467 Cyprianus
1047 3423 1127 3459 Cor·

349 3465 457 3509 christ.
467 3470 544 3512 Lupi
554 3473 652 3512 Opera
659 3471 692 3502 Τ.
702 3472 782 3503 Vm.
1618 3470 1656 3504 T
1706 3481 1726 3518 3
1928 3468 2021 3504 Erro-
