2326 3718
831 122 1434 165 Eurrcnerls.

1864 139 1962 182 305

215 210 347 255 quitur,
374 205 549 249 aequarit.
574 209 636 241 Sed
646 218 700 250 quo
706 207 791 249 fine
815 217 872 248 quo
884 205 1010 247 confilio.
1005 205 1020 227 ἶ
1046 207 1094 236 An
1154 200 1237 236 narii
1248 200 1408 236 erroribus
1419 201 1541 236 dederit
1555 215 1675 241 novam
1687 207 1805 242 faciem
1819 208 1833 241 ?
1857 206 1982 265 Qin
1974 219 2040 242 rin-⁴

213 270 250 293 ut
260 262 411 295 relationes
437 259 599 300 necessarie
612 259 741 291 debitum
757 254 961 297 persolveret?
986 257 1043 288 Hoc
1055 265 1092 287 ex
1154 250 1209 285 mo
1230 252 1387 286 cruciavit
1406 262 1493 286 nova
1516 252 1771 296 additamenta,
1793 268 1863 300 quae
1895 257 2039 292 vicinam

210 312 278 350 ejus
290 308 389 342 verbis
416 318 473 341 non
483 309 592 342 elucet.
620 311 665 341 Et
676 307 795 349 quidem
816 305 868 344 ets
872 305 922 339 boc
932 312 965 339 in
974 306 1094 345 majori-

1154 301 1311 344 quidem,
1337 302 1492 337 diversam
1506 311 1615 336 tamen
1630 306 1777 341 fecerunt
1788 306 1929 343 haeresim
1940 307 1982 342 ab
1993 319 2040 341 er-

209 359 265 392 bus
293 356 382 399 causis
401 381 412 397 ‚
441 359 539 401 qualis
563 357 602 397 est
622 356 708 400 causa
730 355 959 397 Haerefiarcbae,
986 364 1094 388 novum
1153 351 1279 386 roribus
1301 351 1501 395 Apollinarii
1524 377 1532 385 .
1561 351 1679 386 Homo
1704 355 1872 398 imperitus
1905 356 2042 391 nescivit

207 418 331 442 errorem
352 415 408 449 per
421 406 578 449 Ecclefiam
595 406 767 451 spargentis
789 430 801 446 ,
820 405 957 447 praestari
973 403 1094 447 solitum
1152 402 1231 445 quid
1242 404 1384 446 garriret.
1411 403 1492 437 Non
1506 402 1639 445 ipse,sed
1650 402 1717 445 ejus
1729 405 1901 448 Sestatores
1912 407 1991 451 quid
2004 406 2042 440 fi.

207 457 274 501 effer
296 458 333 489 ab
345 456 503 501 Episcopo·
516 481 527 498 ,
551 458 653 500 neceffe
675 467 776 489 tamen
799 467 856 489 non
876 464 962 493 erat,
984 464 1048 486 cum
1059 454 1095 486 de
1153 451 1230 486 mile
1243 453 1391 486 fecerunt
1405 452 1489 487 circa
1502 452 1860 497 Apollinarium‚quale
1870 457 1949 499 quid
1961 457 2041 491 fecit

208 507 307 549 aliquo
320 532 331 546 ,
352 506 407 550 seu
431 511 541 548 Laico,
561 506 615 549 seu
642 508 754 539 clertco
766 530 777 546 ‚
804 517 863 539 non
880 516 968 539 novae
981 502 1094 543 baerefis

208 556 334 591 authore
346 581 358 598 ‚
377 555 438 600 fi’d
454 562 588 599 antiqua
607 580 619 596 ,
639 558 766 599 jamque
783 554 958 598 proscriptae
982 557 1095 594 Propa-

205 615 309 652 gatore
320 607 478 652 agebatur,
500 608 600 649 qualis
611 615 681 640 tunc
691 606 914 647 existimabatur
926 602 1070 643 Eutyches
1084 626 1094 642 ,

210 660 245 692 ὑ
252 657 432 700 postmodam
440 661 528 690 etiam
539 659 559 689 ἃ
571 660 668 691 Leone
679 657 847 698 appellatus
859 654 900 695 est
908 679 915 687 .
941 653 1093 687 Affirmat

208 703 404 742 Flavianum
425 717 494 740 non
508 707 652 741 debuiffe
665 707 780 740 referre
792 730 803 746 ,
831 706 971 748 ideoque
983 704 1094 737 imme-

207 756 276 791 rito
285 756 376 791 fuisse
387 756 404 789 a
417 755 581 791 Pontifice
592 756 816 800 reprehensum
826 754 867 790 de
877 753 1093 799 negligentia.

209 805 263 843 Εὸ
273 806 363 850 quod
375 806 571 849 Eutychetis
584 807 711 841 haeresis
723 807 800 841 esset
811 830 824 846 ‚
847 815 904 840 aut
919 802 1005 839 certe
1016 813 1095 837 tunc

209 855 391 892 crederetur
413 857 476 890 esse
501 859 659 901 antiqua,
686 868 740 900 per
757 853 1095 897 Constantinopolita-

208 918 289 941 nam
301 906 471 949 synodum
484 906 639 942 damnata
653 909 686 941 in
699 906 927 950 Apollinario.

261 956 460 1000 Respondeo
472 957 698 1000 Apostolicam
708 980 719 996 ‚
735 957 755 992 a
768 954 943 990 Sardicensi
956 952 1096 996 Synodo

209 1005 386 1042 stabilitam
399 1029 410 1045 ,
435 1006 599 1041 Romanae
612 1005 798 1041 Relationis
820 1003 1095 1038 consuetudinem

210 1056 303 1090 fuisse
325 1056 447 1098 semper
469 1054 570 1099 longe
595 1055 687 1089 aliter
710 1054 908 1088 intellectam
933 1053 979 1087 ob
1001 1052 1095 1085 omni

211 1103 354 1140 Ecclesia
371 1128 377 1135 .
406 1103 540 1138 Etenim
554 1104 594 1138 de
610 1105 730 1145 Sancio
739 1102 926 1138 Theodoto
938 1127 950 1143 ,
961 1102 1096 1137 Patriar-

209 1152 272 1188 cha
299 1152 536 1194 Antiocheno,
563 1153 775 1199 Pelagianam
797 1152 939 1188 haerefim
961 1153 1027 1195 jam
1049 1153 1098 1185 sae-

209 1202 283 1247 pius
292 1202 481 1237 damnatam
493 1203 604 1238 denuo
615 1204 812 1245 damnante,
828 1203 938 1237 scribit
950 1203 983 1236 in
996 1201 1098 1235 Com-

210 1253 393 1288 monitorio
418 1253 510 1296 super
521 1252 654 1288 Celestii
679 1254 816 1288 nomine
830 1252 957 1286 Marius
967 1252 1100 1287 Merca-

211 1313 265 1338 tor
291 1315 299 1334 2
328 1304 470 1347 Pelagius
492 1302 674 1344 postmodum
698 1305 856 1338 evidenter
879 1299 1100 1345 deprehensus,

210 1351 401 1394 infistentibus
421 1350 664 1395 accusatoribus,
690 1356 711 1388 ἃ
732 1353 880 1396 posteriori
897 1354 1030 1391 synodo,
1054 1357 1101 1384 cui

207 1401 324 1446 sanda·
333 1407 481 1436 nnmoriae
496 1401 662 1438 Theodotus
673 1403 836 1438 Antiochia
853 1401 1000 1446 praesedit
1010 1404 1094 1443 Epr-

205 1450 332 1497 stopus,
359 1453 451 1494 atque
471 1453 604 1487 actenus
615 1477 626 1493 ,
651 1456 672 1487 ἃ
690 1452 805 1497 samiis
826 1464 938 1496 quoque
963 1455 998 1487 Θ
1010 1456 1098 1486 Vene-

211 1501 360 1541 rabilibus
371 1500 622 1546 Hierosolymorum
644 1505 714 1538 locis
734 1503 978 1545 estderurbatus.
1010 1502 1101 1546 ,Quod

211 1551 344 1596 ejusdem
358 1552 460 1586 §anaqi
482 1552 622 1588 Theodoti
647 1556 691 1588 ad
710 1554 987 1594 Reverendiffimum
1011 1552 1100 1586 Urbis

213 1606 320 1638 Romae
343 1601 544 1646 Episcopum,
574 1602 733 1647 &sanHae
756 1605 967 1638 recordationis
989 1603 1102 1642 Prasltt

210 1651 466 1695 Jzierofialymnam·
477 1649 616 1696 Episcopi
625 1656 708 1698 miffa
716 1656 835 1697 scripta
846 1653 989 1693 testamur
1004 1676 1016 1694 ,
1033 1663 1103 1695 quo-

211 1713 282 1736 rum
300 1703 485 1745 exemplam
507 1705 552 1736 ad
570 1705 779 1739 documentum
798 1704 941 1738 babemus
962 1708 996 1736 in
1008 1707 1103 1735 mani·

207 1752 269 1786 bus
280 1775 290 1784 .
315 1752 370 1787 De
377 1752 496 1788 eodem
509 1753 671 1799 Pelagio,
695 1767 733 1790 ac
743 1755 812 1799 ejus
828 1755 996 1799 praesertim
1010 1753 1104 1787 disci-

210 1802 296 1846 pulo
320 1801 468 1839 Celestio
479 1826 492 1844 ‚
517 1803 559 1839 ad
571 1806 762 1842 Nestorium
779 1804 1001 1840 Patriarcham
1012 1802 1102 1838 Con-

210 1852 569 1897 stantinopolitanum,
595 1855 654 1900 qui
674 1856 717 1892 de
736 1857 881 1901 ipsorum
906 1855 1000 1891 causa
1012 1864 1106 1899 roga-

212 1912 304 1936 verat
317 1901 453 1943 instrui,
465 1905 622 1949 rescripsit
631 1907 766 1941 Sanstus
777 1906 864 1950 Papa
877 1905 1101 1940 Coelestinus:

205 1955 277 1985 ‘Cur
298 1963 356 1994 ea,
381 1965 448 1995 quae
469 1959 503 1987 in
526 1953 581 1989 bos
604 1963 676 1989 tunc
691 1954 765 1999 sunt
787 1955 877 1996 aaa,
901 1961 1077 1998 queruntur
1090 1976 1101 1993 ,

211 2013 278 2036 eum
293 2002 445 2045 certumfit
457 2004 539 2038 illinc
559 2006 605 2039 ad
612 2017 665 2039 nos
677 2008 698 2039 a*
710 2005 865 2040 Catholico
882 2015 954 2040 tunc
966 2003 1105 2044 Antistne

215 2056 312 2085 Attico
325 2052 410 2091 Gesta
430 2053 572 2086 1111·εᾶαέ
597 2053 774 2100 Pelagiana
797 2053 918 2089 haeresis
933 2062 1001 2088 erat
1024 2063 1104 2086 tunc

213 2099 357 2136 omnino
366 2100 543 2136 damnata
568 2100 685 2138 Exstat
694 2103 832 2148 epistola
855 2104 890 2137 in
904 2103 1007 2146 prima
1017 2111 1106 2145 parte

214 2149 372 2194 Ephesini
392 2151 557 2186 Concilii.
585 2152 625 2186 In
638 2154 756 2188 litteris
778 2152 820 2188 ad
830 2152 1016 2188 orientales
1028 2151 1104 2196 Epi-

215 2200 334 2245 scopos
355 2203 489 2236 Sanetus
508 2201 598 2246 Papa
610 2202 757 2238 Gelafins
780 2203 897 2238 multis
905 2201 1103 2238 demonstrat

215 2260 332 2285 omnes
357 2249 594 2294 Episcoporum
617 2274 629 2291 ,
651 2253 753 2289 etiam
772 2253 820 2288 ob
838 2253 1008 2298 antiquam
1025 2276 1037 2294 ,
1067 2264 1105 2286 ac

214 2301 408 2334 damnatam
421 2299 559 2335 haerefim
573 2301 801 2337 damnationes
813 2302 931 2336 debere
944 2325 957 2343 ,
975 2314 1014 2337 ac
1027 2303 1107 2336 sem·

215 2360 272 2393 per
292 2348 435 2383 debuisse
455 2350 565 2384 referri
583 2351 727 2387 Romam
739 2377 751 2393 ,
775 2353 810 2386 ὅ(
822 2352 993 2398 adjungit:
1020 2353 1105 2396 ‚Quos

212 2398 241 2441 fi
255 2400 274 2431 si
281 2398 344 2442 fide
355 2404 472 2443 integra
482 2422 496 2440 ,
521 2407 770 2444 communioneque
783 2402 940 2436 catholica
956 2408 1105 2444 putaretls

218 2459 320 2483 errare
330 2473 343 2490 ,
368 2449 412 2482 aa
423 2449 611 2491 apostolicam
623 2453 643 2485 5
644 2453 728 2485 edem
738 2474 750 2491 ‚
769 2450 931 2494 strandum
951 2454 1031 2485 Soita
1043 2455 1107 2484 Ma·

213 2501 316 2542 jorum
330 2523 342 2541 ,
368 2499 403 2533 <v
406 2498 479 2541 ficut
485 2498 605 2543 semper
607 2500 727 2543 fae‘i‘um
737 2500 793 2542 est,
817 2501 930 2543 referre
940 2500 1078 2541 debuistis
1096 2525 1106 2541 ,

215 2547 285 2591 ficut
298 2550 334 2583 de
346 2551 435 2583 Petro
447 2551 650 2586 Alexandrino
660 2577 671 2593 ,
698 2552 752 2586 vel
757 2551 796 2585 de
808 2550 982 2585 Antlocheno
992 2554 1082 2584 Petro
1090 2575 1100 2592 ‚

217 2601 258 2633 de
277 2602 309 2644 J
311 2610 406 2634 oanne
418 2623 430 2640 ,
455 2601 490 2635 (9
504 2602 599 2635 Paulo
618 2626 629 2642 ,
648 2601 747 2646 feciffe
765 2601 942 2643 monstratur
967 2606 1106 2634 Aeacius.

219 2648 612 2694 constantinopolitanus
626 2651 807 2696 Episcopus
819 2675 831 2692 ‚
857 2653 914 2696 qui
927 2650 1034 2686 adhuc
1046 2652 1106 2686 Ot-

220 2699 389 2735 thodoxus
412 2700 501 2735 Petri
519 2701 620 2746 Mogi
638 2726 650 2742 ,
674 2702 809 2737 &Petri
831 2700 981 2746 Cnaphei
995 2726 1007 2741 ,
1031 2702 1110 2736 alio·

221 2760 359 2794 rumque
377 2750 424 2787 ob
437 2751 504 2794 jam
529 2751 655 2795 pridem
665 2750 952 2787 aChalcedonensi
965 2751 1107 2796 Synodo

221 2799 411 2836 damnatam
432 2800 578 2836 haeresim
600 2802 838 2846 Episcoporum
860 2803 1107 2837 damnationem

219 2850 378 2885 retulerat.
389 2850 431 2886 ad
442 2851 561 2886 Sedem
574 2850 603 2886 A
609 2852 801 2895 postolicam
813 2878 821 2885 .
844 2853 1031 2888 Secundum
1043 2853 1109 2888 Sci-

220 2906 257 2933 ta
266 2899 436 2943 Majorum
454 2926 463 2933 .
490 2900 535 2936 Et
547 2902 627 2936 sicut
643 2904 766 2946 semper
789 2903 891 2937 fuerat
901 2903 1038 2937 fastum.
1066 2903 1108 2937 Et

223 2948 261 2983 in
275 2947 392 2983 litteris
412 2949 453 2984 ad
462 2952 636 2987 Dardaniae
659 2953 840 2997 Episcopos
861 2953 992 2994 laudat,
1019 2953 1108 2996 quod

223 2998 316 3032 idem
327 2997 523 3035 catholicus
542 3001 651 3037 adhuc
678 3002 821 3038 Aeacius
844 3004 958 3038 omnia
971 3004 1110 3047 Impera·

225 3048 306 3083 toris
318 3048 460 3083 Basilisci
484 3061 544 3094 pro
557 3050 765 3094 Eutychiana
784 3052 905 3088 Haeresi
927 3054 1108 3089 tentamina

225 3097 302 3133 Sedi
315 3098 513 3141 Apostolicae
534 3102 706 3136 retulisset.
736 3103 780 3137 Et
802 3104 941 3138 affirmat
962 3104 1003 3138 fic
1016 3115 1108 3147 opor-

225 3148 349 3183 tuisse
377 3149 416 3183 ln
440 3150 602 3193 prioribus
622 3150 737 3186 litteris
757 3152 903 3198 adjungit
925 3154 1107 3189 rationem·

227 3203 306 3232 Cum
320 3209 407 3232 novae
419 3197 515 3243 causae
525 3223 538 3240 ,
562 3201 596 3234 (a
606 3211 686 3235 nova
695 3212 792 3236 rerum
797 3204 896 3245 factes
909 3212 1107 3246 apparerent.

226 3247 323 3287 Prior
357 3249 427 3292 post
465 3248 691 3285 Theodosiani
716 3251 852 3287 Codicis
874 3255 1108 3298 appendicem,

228 3288 386 3341 posierior
398 3298 533 3342 epistola
544 3299 671 3334 exstat'
662 3312 697 3335 m
707 3303 846 3346 antiquo
853 3304 1032 3340 Canonum
1043 3305 1107 3339 Co-

227 3347 300 3384 dice
314 3348 474 3383 Romanae
488 3349 651 3384 Ecclefiae.

278 3397 326 3432 At
338 3399 412 3434 vero
423 3400 495 3443 quis
514 3399 637 3435 nesciat
649 3423 661 3441 ‚
688 3401 778 3444 quod
793 3402 959 3449 Eutyches
979 3403 1106 3451 Aponi·

326 3448 433 3490 chrm.
445 3453 525 3495 Lupi
534 3453 677 3494 operar
698 3454 779 3489 Vm.
857 3465 864 3470 ·

1154 501 1324 537 Nestorius
1339 503 1424 537 circa
1440 502 1582 537 Paulum
1593 503 1839 537 samosatenum
1853 528 1860 535 .
1877 506 2041 548 Eusebius

1154 551 1372 587 scholasticus
1387 577 1397 593 ,
1424 554 1480 597 qui
1507 550 1682 597 postmodo
1705 553 1768 587 fuit
1794 553 1942 595 Dorylaei
1964 556 2043 598 Epi-

1156 604 1291 645 scopus,
1318 603 1471 637 adversus
1499 602 1714 643 Nestorium,
1741 611 1849 647 aperta
1868 603 1934 645 jam
1959 605 2043 639 facie

1155 653 1392 694 insanientem,
1419 653 1711 696 Constantinopoli
1733 653 1843 697 posuit
1865 652 2045 687 Contesta-

1155 701 1274 735 torium
1289 702 1458 743 libellum,
1485 704 1520 737 in
1532 715 1599 747 quo
1610 703 1756 744 asseruit,
1785 714 1823 737 ac
1845 703 2046 739 demonstra*

1156 762 1187 784 re
1211 751 1333 786 studuit
1355 754 1458 797 ipsum
1482 754 1669 796 petromnia
1691 765 1794 787 errare
1818 765 1895 788 cum
1913 753 2048 796 praefato

1157 802 1262 835 Paulo
1285 827 1291 834 .
1318 802 1419 849 Qod
1445 803 1551 847 ipsum
1573 804 1738 843 senserunt
1761 804 1865 846 plures
1889 803 1968 838 alii.
1998 802 2049 847 At

1157 850 1230 885 vero
1241 852 1282 886 de
1295 853 1403 887 Roma
1410 865 1449 887 na
1465 853 1573 888 Sancti
1587 853 1752 888 Caelestini
1766 852 1916 888 adversus
1924 853 2046 887 Nesto-

1156 902 1239 935 rium
1263 903 1402 946 synodo
1417 903 1529 937 scribit
1553 904 1594 938 ad
1606 904 1765 946 Joannem
1779 903 1969 940 Antiochiae
1982 904 2048 937 Pa-

1156 949 1326 986 triarcham
1338 954 1472 987 sanstus
1487 953 1633 997 Cyrillus
1646 951 1835 994 Patriarcha
1854 952 2051 995 Alexandri-

1158 1011 1217 1033 nus
1241 1014 1248 1032 :
1275 1004 1403 1042 synodus
1430 1004 1536 1045 palam
1557 1004 1675 1048 asser-ult
1711 1003 1880 1044 Nestorium
1917 1014 2051 1042 novam,

1156 1061 1277 1092 eamque
1298 1052 1457 1094 perversff
1458 1065 1561 1094 mam
1584 1055 1736 1088 &anullo
1746 1062 1880 1096 veterum
1895 1052 2052 1097 baeretico-

1155 1111 1222 1134 rum
1236 1104 1327 1134 antea
1341 1106 1474 1144 unquam
1486 1109 1684 1148 coagitatam
1695 1103 1829 1146 berefim
1837 1104 1901 1148 effe
1900 1105 2052 1137 molitum.

1160 1150 1305 1195 Epistola
1324 1153 1450 1186 exstat
1442 1164 1476 1186 in
1488 1154 1591 1207 prima
1603 1164 1692 1201 parte
1705 1154 1879 1198 Ephofini
1882 1144 2053 1195 Concilii.
2071 1155 2142 1192 Cap.
2161 1163 2206 1182 21»

1160 1202 1209 1235 At
1227 1199 1302 1236 vero
1320 1200 1422 1245 longe
1434 1202 1538 1246 major
1547 1202 1592 1236 est
1605 1203 1782 1236 distantia'
1774 1214 1857 1238 inter
1880 1204 2054 1246 Apollina-

1160 1252 1245 1286 rium
1266 1251 1300 1284 &
1325 1250 1571 1294 Eutycbetem,
1599 1251 1698 1296 quam
1708 1250 1765 1286 sit
1756 1262 1841 1286 inter
1853 1251 1997 1288 Paulum
2020 1253 2056 1288 &

1160 1300 1371 1335 Nestorium.

1210 1348 1430 1398 Qidquidi
1410 1350 1430 1383 s
1435 1359 1448 1385 t
1469 1361 1537 1385 non
1563 1329 1628 1385 soli
1647 1361 1808 1386 novatum
1808 1328 1972 1395 baeresion
1985 1351 2056 1399 Au-

1160 1399 1312 1440 mores,
1336 1400 1389 1434 sed
1412 1401 1512 1435 etiam
1533 1400 1731 1436 vetustarum
1754 1424 1782 1444 ,
1778 1402 1872 1446 jam
1867 1393 2061 1458 fastidia.-

1161 1461 1233 1485 rum
1247 1474 1258 1491 ,
1286 1450 1543 1487 Resuscitatores
1554 1452 1629 1485 sunt
1641 1451 1822 1493 omnino,
1835 1451 1934 1495 etiam
1942 1454 2060 1497 secun

1161 1500 1242 1536 dum
1256 1500 1351 1535 istam
1362 1499 1529 1540 Paschasii
1534 1501 1708 1549 Qesnelli
1719 1502 1886 1547 caducam
1893 1503 2058 1547 regulam,

1160 1550 1320 1587 referendi
1332 1550 1373 1585 ad
1386 1551 1504 1586 Sedem
1517 1550 1768 1609 Apostolicam.
1782 1551 1888 1596 Porro
1880 1552 1940 1598 ᾀῌ
1952 1551 2061 1599 Apol-

1162 1601 1270 1636 linarii
1308 1601 1398 1635 Sena
1429 1601 1566 1635 scribit
1577 1601 1612 1636 in
1642 1601 1885 1648 Ecclesiastica:
1902 1602 2063 1644 Historia.

1162 1650 1614 1687 Theodoretus:Ant10cb1ae
1635 1656 1762 1687 Domino
1772 1642 1980 1699 alexandro,
1995 1653 2057 1699 qui
2077 1649 2138 1690 1-ιῖ-
2147 1652 2180 1684 C·
2186 1654 2235 1689 36

1163 1701 1393 1736 Eustatianum
1407 1725 1419 1742 ,
1446 1700 1481 1737 id
1505 1702 1550 1736 est
1574 1713 1616 1736 ex
1627 1702 1753 1738 Arrana
1763 1698 1885 1746 contra
1893 1693 2061 1751 δψᾷᾳμι

1163 1750 1384 1787 patriarcham
1398 1750 1584 1789 Eustatium
1595 1752 1776 1788 rebellione
1788 1763 1915 1796 natum
1920 1748 2061 1798 schisma.

1163 1803 1374 1842 extinxerat,
1402 1807 1470 1835 vira
1493 1801 1633 1843 defundi»
1655 1827 1668 1844 ,
1693 1801 1891 1845 Theodotus,
1906 1811 2060 1846 canuam

1164 1859 1218 1888 tiae
1229 1853 1310 1887 velut
1323 1858 1514 1896 margarita,
1542 1855 1572 1885 E
1573 1852 1653 1896 ecles
1638 1866 1675 1888 ae
1688 1853 1889 1898 Prae-sulatum
1900 1848 2057 1899 obtinui.

1165 1908 1219 1936 Vir
1231 1900 1458 1945 mansuetudine
1470 1901 1590 1946 infignis
1606 1906 1641 1938 δ’
1653 1914 1793 1939 accurata
1813 1911 1890 1944 vim
1900 1905 2058 1949 institutio-

1164 1964 1201 1987 ne
1233 1953 1345 1998 egregie
1366 1960 1528 1986 exornatus
1550 1975 1557 1983 .
1584 1955 1650 1996 ,Qui
1688 1954 1803 1990 sedam
1835 1957 2059 2002 Apollinarem,

1162 2013 1282 2038 oratam
1308 2012 1342 2036 ut
1350 1999 1383 2044 se
1392 2013 1458 2036 cum
1467 2003 1578 2045 reliquo
1589 2001 1700 2044 Christ}
1710 2016 1800 2049 grege
1818 2007 1954 2049 iungeret
1965 2029 1977 2046 ,
2003 2015 2061 2040 τιε-

1165 2057 1238 2086 teris
1252 2050 1385 2091 Ecclefiae
1397 2051 1515 2086 ovibus
1525 2059 1724 2095 aggregavit.
1751 2054 1923 2097 Eutyches
1943 2055 2060 2099 igitur,

1166 2101 1244 2136 licet
1267 2111 1388 2135 novam
1416 2100 1547 2135 forsitan
1560 2112 1631 2137 non
1648 2102 1820 2144 excitarit,
1848 2114 1957 2138 tamen
1978 2105 2063 2139 anti-

1166 2162 1264 2195 quam
1277 2174 1288 2191 ‚
1317 2148 1414 2194 plene
1429 2150 1612 2193 sepultam,
1636 2162 1676 2186 ac
1689 2151 1874 2191 redae'tam
1865 2154 2061 2195 memores,

1166 2202 1365 2236 resuscitavit
1390 2212 1428 2235 ac
1453 2202 1641 2236 reformavit
1661 2200 1824 2244 haerefim,
1850 2202 2014 2253 ideoque
2005 2215 2062 2249 rpq
2099 2213 2110 2221 ·

1168 2254 1237 2285 sum
1250 2252 1361 2286 omnis
1381 2252 1504 2294 semper
1515 2252 1658 2287 Ecclesia
1673 2253 1858 2288 numeravit
1870 2254 1955 2289 inter
1977 2253 2062 2288 Hae-¹

1167 2300 1362 2336 resiarchas
1389 2300 1433 2334 Et
1446 2300 1502 2334 vix
1513 2301 1580 2335 ulla
1592 2300 1696 2337 haeres
1701 2314 1717 2336 s
1725 2314 1769 2338 tta
1782 2303 1925 2346 turbavit
1947 2304 1981 2337 ἀ
1993 2314 2061 2339 ma-

1167 2351 1290 2386 culavit
1317 2349 1494 2384 Ecclesias.
1522 2351 1658 2386 Sanetus
1681 2352 2002 2394 AnastasiusSinaita
2013 2364 2062 2388 re-

1167 2403 1217 2436 ste
1238 2402 1377 2436 affirmat
1399 2400 1493 2434 fuiffe
1521 2400 1654 2436 bestiam
1685 2401 1896 2443 decicornem
1918 2428 1931 2445 ‚
1966 2402 2060 2446 cujus

1169 2449 1428 2495 unumquodque
1440 2459 1535 2492 caput
1549 2450 1611 2484 fuit
1627 2453 1871 2492 venenosissima
1882 2451 1987 2495 hydra
1999 2476 2006 2484 .

1226 2500 1321 2548 Qid
1343 2510 1426 2544 opus
1436 2499 1573 2534 multis?
1598 2499 1693 2534 Licet
1704 2500 1883 2545 Imperator
1895 2500 2063 2539 Theodoi

1168 2552 1230 2585 sius
1243 2551 1340 2585 fuerit
1355 2550 1490 2584 scientia
1504 2550 1655 2584 modicus
1668 2575 1679 2590 ,
1705 2551 1772 2594 ejus
1783 2562 1892 2593 tamen
1906 2551 2057 2588 Secretaff

1169 2602 1232 2641 rii,
1257 2602 1292 2635 δε
1303 2599 1508 2644 publicarum
1526 2611 1632 2635 retum
1647 2595 1801 2636 Gestores
1823 2602 1954 2637 fuerunt
1975 2606 2058 2646 peri-

1169 2652 1299 2687 tissimi.
1327 2650 1408 2684 Non
1426 2650 1567 2685 solarum
1593 2649 1728 2696 legum,
1750 2650 1804 2686 sed
1830 2651 1931 2692 etiam
1952 2653 2058 2688 sacro-

1169 2713 1240 2737 rum
1268 2700 1447 2736 Canonum
1474 2725 1482 2733 .
1515 2701 1560 2735 Et
1585 2699 1621 2735 hi
1646 2699 1832 2744 judicarunt
1858 2701 2056 2746 Eutychetis

1169 2753 1298 2787 causam
1310 2750 1509 2786 referendam
1528 2750 1603 2785 Sedi
1615 2751 1644 2785 A
1649 2751 1816 2795 postolicae
1829 2765 1840 2785 .·
1869 2753 1913 2786 Et
1936 2752 2057 2793 Dorub

1171 2813 1250 2837 num
1262 2803 1353 2836 suurn
1366 2811 1598 2845 permoverunt
1622 2802 1662 2835 ad
1676 2802 1898 2845 referendum.
1932 2803 1975 2837 Et
1985 2803 2055 2848 ipse

1170 2854 1303 2888 Sandius
1318 2853 1388 2886 Leo
1414 2851 1572 2885 Flaviano
1597 2863 1663 2886 non
1688 2849 1906 2899 supplicavit,
1932 2864 1992 2887 nec
2019 2853 2055 2889 se

1169 2902 1334 2938 excusavit
1357 2902 1399 2935 de
1417 2902 1626 2942 curiositate,
1652 2902 1699 2935 uti
1726 2902 2053 2947 defelag'ranorum

1171 2953 1262 2987 Astis
1275 2952 1514 2995 instructionem
1526 2952 1693 2995 postulans
1706 2953 1786 2986 fecit
1805 2953 1910 2999 apud
1912 2952 2052 2998 Caelesti-

1172 3015 1249 3039 num
1264 2993 1459 3042 Nestorius,
1486 3002 1537 3036 sed
1548 3013 1590 3036 ex
1605 3002 1709 3035 Sanffi
1723 3002 1816 3036 Petri.
1817 2994 1980 3047 Apostoli
1987 3002 2058 3046 pri-

1170 3054 1320 3097 vilegio,
1346 3064 1383 3087 ac
1412 3053 1459 3086 sui
1487 3051 1650 3086 primatus
1675 3049 1876 3098 authoritate
1904 3053 2007 3114 scrrps
1999 3062 2049 3087 t

1170 3103 1259 3136 Fac‘li
1279 3108 1323 3135 tui
1346 3103 1417 3145 noffe
1439 3103 1573 3135 volumus
1600 3106 1767 3143 rationem,
1793 3104 1827 3137 ὦ*
1848 3097 1940 3148 usque
1949 3104 2051 3136 adno-

1163 3154 1259 3194 ssram
1269 3158 1406 3186 notitiam
1418 3151 1523 3186 cundia
1534 3151 1665 3194 differri.
1695 3152 1738 3186 Et
1757 3152 1896 3187 iterum:
1925 3157 2051 3189 Frater·

1170 3209 1251 3238 nitas
1264 3211 1313 3236 tua
1323 3210 1378 3244 per
1389 3203 1524 3235 idoneam
1540 3204 1671 3236 maxime
1682 3227 1694 3243 ,
1718 3212 1878 3246 aptamque
1890 3202 2050 3246 personam

1170 3253 1249 3287 nobis
1261 3251 1580 3296 Relationefignificet,
1605 3254 1682 3295 quid
1702 3255 1806 3286 comni
1831 3260 1991 3295 antiquam
2012 3254 2051 3296 fi-

1170 3305 1237 3338 dem
1264 3308 1407 3337 novitatis
1433 3300 1581 3345 emerserit
1600 3326 1613 3343 ,
1638 3304 1718 3345 quod
1734 3301 1878 3346 ftveriori
1900 3301 2050 3345 sententia

1170 3355 1291 3398 dignum
1303 3354 1403 3396 fuerit
1433 3352 1585 3386 vindicari
1598 3377 1605 3384 .
1634 3353 1679 3386 Et
1705 3353 1829 3387 rursus:
1856 3354 1942 3394 ,Quia
1968 3352 2049 3384 Dile-

1169 3403 1226 3439 olto
1243 3413 1298 3440 tua
1320 3404 1357 3438 de
1367 3410 1457 3438 tanta
1470 3400 1559 3447 eausa
1569 3413 1620 3436 nos
1640 3404 1727 3437 videt
1739 3402 1889 3446 neceffario
1911 3400 2046 3444 effesollt·

1567 3453 1597 3488 C
1622 3464 1641 3487 c
1693 3463 1712 3499 3
1911 3457 1995 3489 citos,
