2326 3718
677 146 959 191 Romams
995 132 1552 187 APPELLArlonrnus
1573 170 1585 180 .

230 234 354 271 dudum
364 231 533 267 lamifle'ac
543 230 832 268 fuiffeobscurum.
860 228 952 263 Hinc
964 238 1025 263 nee
1041 226 1114 270 Sy·'

230 284 336 320 nodus
354 282 460 327 ipsum
481 283 543 318 fuit
565 284 639 318 ausa
660 279 832 319 invadere,
858 281 892 314 &
917 277 1100 322 Stephanus

228 333 604 369 diffimulavit.Tandem
615 333 670 367 ille
682 332 787 376 palam
801 330 970 369 blateravit
983 329 1101 365 Decre-

210 413 211 416 ,
227 393 301 418 tum
320 384 385 418 effe
403 383 693 427 praevaricatorium
704 382 898 427 Evangelici
913 378 1076 424 dogmatis
1090 403 1101 420 ‚

225 432 380 478 professus
399 433 445 468 est
467 435 499 469 se
520 434 634 472 docere
657 443 733 467 cum
755 431 948 468 Novatiano
960 453 971 470 ,
996 429 1099 462 erexit

218 480 351 517 ‚novum
384 483 496 519 Altare
516 508 528 525 ,
563 482 659 519 evafit
696 482 884 518 manifestus
914 478 1100 517 haereticus.

225 531 330 567 Tunc
341 531 522 581 Stephanus
531 532 681 578 praevenit
693 532 864 577 Synodum
878 556 891 577 ,
916 529 1045 566 functus
1056 529 1103 565 of-

223 581 322 617 ficio*

376 778 730 829 CAPUT
831 781 945 827 IX.

218 919 482 987 Dlscutiuntur
514 922 673 972 joannis
705 914 761 983 de,
784 916 946 965 Gerbais
981 913 1106 981 Sensa

358 993 459 1035 circa
493 984 695 1035 laudatam
729 989 967 1054 Imperatori}

493 1059 679 1107 Gratiani
693 1055 823 1127 legem.

330 1177 400 1215 AEc
409 1179 483 1216 Lex
491 1177 629 1215 mirifice
640 1179 715 1214 ferit
725 1178 842 1214 oculos
860 1187 1020 1213 novarum
1044 1173 1103 1210 ho·

226 1236 229 1240 ‘
354 1230 409 1266 die
427 1239 547 1265 vocum
560 1227 783 1266 Authoribua.
811 1226 1104 1270 Eloquentiffimus

215 1281 322 1325 igitur
343 1279 398 1315 ine
408 1279 568 1325 Magister
590 1279 699 1315 noster
711 1279 783 1325 post
793 1279 1018 1324 impugnatam
1030 1276 1104 1312 Va·-

214 1329 493 1365 {eetinianitertii
505 1341 565 1374 pro
584 1330 705 1377 Magni
715 1330 839 1367 Leonis
857 1328 1008 1364 adversus
1018 1326 1106 1362 Are-

213 1380 374 1414 latensem
386 1379 553 1414 Hilarium
565 1380 717 1416 Decretis
728 1380 834 1427 legem
845 1379 953 1425 pergit
977 1389 1016 1413 ac
1032 1376 1106 1412 scri·

211 1429 268 1464 bit
278 1443 290 1464 .-
315 1434 351 1462 N
353 1441 390 1463 on
397 1431 470 1473 plus
482 1429 573 1464 babet
585 1429 693 1465 roboris
706 1432 756 1466 lex
765 1431 862 1466 altera
874 1454 885 1470 ,
911 1439 979 1475 quae
999 1431 1020 1463 ἃ
1028 1431 1105 1461 Gra-

174 1483 176 1485 '
212 1481 405 1522 etanopaulo·
418 1488 492 1514 ante
515 1482 560 1513 ad
567 1481 754 1516 Relationem
763 1481 890 1515 concam
901 1505 913 1523 ,
937 1488 1002 1514 tum
1016 1483 1106 1521 Aqui-

213 1529 332 1569 ?er'enfis
343 1553 355 1569 ,
386 1538 451 1562 tum
470 1533 620 1567 Romam,
644 1529 729 1561 edna
746 1536 817 1560 erat
829 1550 840 1559 .
865 1528 1013 1558 Adducit
1030 1528 1106 1567 pal-

214 1577 322 1611 maria
331 1575 416 1618 legis
424 1577 520 1610 verba
530 1599 542 1614 ‚
566 1577 601 1610 &
613 1575 806 1610 concludit:
834 1578 908 1607 Non
922 1572 1013 1606 habet
1026 1597 1039 1614 ,
1063 1578 1106 1606 in·

214 1629 329 1667 quarn,
355 1622 405 1654 Iex
418 1620 472 1659 ista
478 1622 552 1661 plus
562 1621 672 1653 roboris
681 1642 692 1659 ‚
706 1621 708 1623 ’
716 1621 749 1661 fi
755 1622 842 1661 sorte
858 1621 1040 1663 generaliter
1061 1633 1106 1654 ac-

213 1677 350 1715 elpiatur
364 1695 372 1702 .
397 1673 486 1703 Nam
495 1670 530 1703 ό·
537 1677 643 1711 peccat
652 1667 708 1710 ista
718 1680 831 1712 quoque
840 1677 944 1703 contra
955 1673 1106 1709 Canones,

211 1723 255 1756 ὑ·
266 1731 411 1764 quatenus
424 1717 584 1762 Episcopos
607 1720 787 1762 ‚iudicandos
801 1719 930 1753 decernit
942 1722 962 1751 ἃ
976 1717 1107 1762 Damaso

216 1773 256 1806 6·
273 1776 402 1814 quinque
425 1778 479 1804 aut
493 1768 611 1813 septem
623 1767 779 1812 Episcopis
793 1793 804 1808 ,
828 1770 862 1803 er
883 1778 1030 1812 quatenus
1045 1772 1106 1802 Me·

215 1821 413 1863 eropolttanos
430 1816 593 1863 promiscue
615 1818 757 1861 Episcopi
779 1823 927 1859 Romam,
953 1829 1007 1854 aut
1027 1825 1107 1854 viro·

217 1882 286 1906 rum
298 1870 337 1904 ab
351 1869 412 1914 ipso
423 1870 627 1912 deputatorum
632 1870 748 1911 judicio
761 1869 856 1911 plane
869 1868 1005 1912 subjicit.
1036 1869 1105 1904 Hic

207 1931 380 1957 novarum
402 1930 520 1955 vocum
531 1920 681 1955 Dilestor
703 1918 811 1963 potius
821 1920 939 1963 primas
960 1919 1104 1963 judican-

216 1970 336 2006 dorum
349 1969 538 2011 instantiam,
568 1980 667 2014 quam
691 1968 909 2013 judicatorum
922 1970 1104 2013 Episcopo-

211 2031 290 2055 ‘rum
303 2021 552 2065 Appellationes
564 2020 636 2055 vult
647 2018 847 2064 Apostolicae
868 2019 943 2055 Sedi
965 2020 1104 2064 subripe—

212 2082 269 2105 re.
296 2070 443 2106 Cunstos
465 2070 484 2104 ὲ
505 2070 566 2106 suae
586 2070 768 2105 Provinciae
783 2070 945 2114 Synodo,
972 2070 1104 2105 nullum

218 2120 290 2155 vult
305 2119 519 2164 poffeaPapa
531 2118 700 2154 damnari.
727 2120 801 2154 Nec
825 2120 911 2163 ipsos
936 2119 1104 2164 Metropo-

213 2170 297 2204 litas
316 2194 323 2201 .
351 2169 446 2204 Hinc
465 2169 607 2214 Augusti
632 2169 784 2203 Gratiani
795 2169 903 2214 legem
927 2172 1035 2204 censet
1048 2171 1106 2204 iru-

215 2218 355 2263 pingere
366 2218 401 2251 in
413 2218 584 2252 Canones.
613 2217 701 2252 Istud
712 2217 887 2253 hominum
907 2228 1010 2263 genus
1030 2228 1106 2254 ten-

217 2278 267 2303 tat
279 2278 403 2303 novam
426 2265 656 2302 Hierarchiam
678 2267 851 2309 fabricari,
878 2270 1019 2312 ideoque
1031 2280 1104 2313 pro-

216 2316 310 2352 terve
330 2319 480 2354 affeverat
502 2342 513 2358 ,
539 2316 628 2360 quod
648 2327 725 2353 ante
745 2319 889 2362 ipsorum
914 2318 1103 2354 Gloriosum

219 2366 456 2412 Magisterium
467 2379 565 2403 nemo
577 2368 633 2402 sub
640 2369 717 2403 Sole
729 2369 927 2403 intellexerit
939 2369 1101 2404 Canones.

270 2417 362 2451 Dico
373 2418 472 2462 igitur
485 2418 581 2452 istum
590 2414 888 2461 eloquentiffim'um
901 2419 1098 2464 Magistrum

215 2465 277 2501 hic
303 2466 371 2500 labi
393 2467 428 2500 in
451 2467 534 2501 duos
554 2478 694 2501 errores.
718 2469 849 2503 Primus
859 2468 924 2510 est,
951 2467 1039 2514 quod
1051 2469 1102 2502 lex

218 2516 258 2551 in
271 2516 425 2550 Canones
437 2516 547 2559 pecce't
558 2540 569 2556 ‚
593 2518 754 2561 quatenus
763 2518 908 2553 decernit
919 2519 1100 2563 Episcopos

219 2565 411 2611 judicandos
434 2565 453 2599 ὲ
480 2565 638 2600 Romano
674 2567 838 2602 Pontifice
863 2580 939 2603 cum
965 2569 1100 2604 consilio

218 2617 366 2661 quinque
391 2623 448 2650 aut
470 2617 592 2660 septem
615 2616 848 2661 Episcoporum
871 2644 878 2650 .
917 2618 988 2653 Lex
1011 2619 1099 2653 enim

148 2667 156 2682 l
216 2666 328 2701 [anxit
345 2665 385 2700 de
397 2665 628 2701 suburbicariis
649 2668 806 2702 Romanae
826 2667 1005 2702 Provincia
1028 2668 1101 2712 Epi·

217 2716 325 2760 scopis
335 2740 346 2757 ,
371 2725 511 2760 quorum
523 2715 677 2751 Pontifex
688 2728 755 2752 erat
768 2719 913 2762 proprius
934 2719 1098 2762 Metropo-

216 2764 280 2800 lita
293 2790 300 2799 .
327 2765 512 2800 Vastiffima
536 2776 604 2802 erat
623 2767 702 2802 tunc
725 2767 783 2802 ista
799 2769 975 2803 Provincia
986 2793 993 2801 .
1019 2771 1099 2803 Om-

217 2816 272 2851 nis
282 2816 378 2852 ltalia
390 2827 458 2851 non
471 2816 611 2852 habebat
626 2819 683 2852 nili
695 2828 838 2862 quatuor
848 2818 1078 2863 Metropolitas
1087 2833 1098 2852 .-

219 2865 409 2902 Romanum
419 2890 431 2906 ,
457 2868 740 2903 Mediolanensem
752 2891 762 2907 ‚
789 2868 1031 2912 Aquileiensem
1042 2894 1053 2911 ,
1064 2870 1097 2904 &

220 2914 443 2951 calaritanum
457 2942 464 2950 .
491 2917 635 2952 Proinde
648 2919 727 2952 tunc
739 2929 853 2953 omnes
863 2920 881 2953 a
891 2920 1026 2964 Liguria
1049 2921 1097 2954 us-

221 2974 284 3006 que
295 2966 334 3001 ad
347 2966 480 3010 Jonium
497 2979 583 3010 mare
595 2969 679 3002 intra
692 2969 820 3003 ltaliam
834 2969 1018 3005 Provinciae
1029 2993 1040 3010 ,
1051 2969 1096 3014 ip-

221 3013 316 3056 saque
325 3017 423 3051 etiam
434 3018 545 3052 Sicilia
557 3017 739 3062 spectabant
759 3019 799 3053 ad
811 3019 1095 3064 Metropoliticam

225 3062 450 3104 subjectionem
462 3068 608 3102 Romani
620 3067 794 3103 Pontificis
805 3094 815 3110 ‚
827 3081 865 3105 ac
876 3070 1014 3113 proinde
1027 3071 1097 3103 nul-

220 3110 273 3145 fus
285 3112 355 3146 istic
366 3114 540 3162 Episcopus
549 3118 684 3162 judicari
695 3129 822 3163 poterat
832 3145 842 3161 ‚
871 3120 930 3153 nifi
955 3131 1010 3164 per
1028 3120 1096 3163 ejus

222 3161 394 3203 synodum
407 3188 417 3195 .
441 3166 488 3201 At
499 3169 573 3203 vero
585 3168 671 3204 hanc
682 3180 806 3205 tantam
821 3170 994 3213 synodum
1018 3172 1095 3205 adu—

222 3222 300 3245 nare
311 3222 379 3247 erat
389 3225 456 3247 non
475 3219 558 3258 parvi
571 3219 754 3254 moliminis
766 3245 773 3253 .
800 3220 920 3265 Longe
944 3220 1073 3264 majoris
1084 3245 1094 3261 ‚

221 3260 320 3317 <luam
331 3262 470 3297 adunare
479 3265 618 3309 aliquam
630 3270 819 3305 Africanam
830 3296 837 3303 .
866 3271 958 3306 Hinc
980 3271 1028 3305 uti
1050 3271 1095 3304 A·

220 3309 338 3345 ff¹c²¹¹l
359 3313 514 3347 Canon&
549 3315 824 3360 degradandorum
860 3321 1093 3365 Episcoporum

220 3362 414 3403 potestatem
426 3363 485 3397 soli
496 3375 569 3398 cum
581 3365 752 3405 duodecim
765 3371 934 3415 Episcopis
956 3371 1091 3405 Primati

218 3410 422 3448 crediderunt
435 3437 447 3454 ‚
467 3415 513 3450 ita
523 3424 672 3460 perpetua
683 3418 782 3454 ltaliae
790 3422 992 3456 consuetudo
1004 3422 1092 3455 illam

1162 226 1283 268 semper
1294 220 1435 267 permitit
1446 220 1506 255 soli
1520 220 1678 255 Pontifici
1698 232 1774 260 cum
1786 225 1924 262 confluo
1946 228 2040 270 quin.

1161 286 1226 319 que
1239 285 1306 310 aut
1318 275 1441 316 septem
1453 271 1691 315 Episcoporum
1704 294 1713 304 ·
1737 275 1817 310 Non
1829 286 1903 312 cum
1920 275 2041 311 Conci·

1161 326 1229 366 lio,
1255 324 1309 359 sed
1332 335 1410 359 cum
1428 322 1583 357 confilio.
1611 320 1792 359 Rationem
1804 326 1856 360 dat
1877 326 1913 361 in
1925 327 2041 362 snaed

1160 374 1347 410 Orientales
1358 373 1504 410 Clericos
1515 372 1548 407 δε
1559 369 1749 407 Monachus
1756 374 1914 417 Synodali
1927 376 2042 419 episto-

1157 426 1192 462 ·la
1205 426 1339 460 Sanetus
1359 425 1455 461 Felix
1466 423 1523 458 111.
1550 425 1676 466 ,Quoties
1686 428 1768 455 intra
1781 424 1903 457 Itallam
1921 433 2041 468 propru-

1162 475 1264 520 causas
1290 473 1500 516 Ecclesiasticus
1519 498 1532 514 ‚
1567 475 1722 516 praeeipue
1742 470 1815 514 fidei
1835 496 1847 515 ,
1870 474 2043 516 colliguntur

1166 531 1285 560 Domini·
1295 526 1463 560 sacerdotes
1479 550 1490 566 ,
1514 522 1687 569 consuetudo
1696 532 1814 559 tenetur
1827 547 1837 563 ‚
1862 532 1895 556 ut
1908 524 2042 566 Successor

1167 575 1331 620 Praesulum
1342 577 1426 610 Sedis
1439 575 1603 617 apostolica
1612 586 1652 608 ex
1670 572 1798 617 persona
1818 573 1983 608 nullorum
2004 582 2044 609 to-

1167 633 1227 660 tius
1249 628 1347 661 Jtaltae
1367 626 1556 660 sacerdotum
1570 625 1676 659 cunda
1686 623 1826 668 disponat
1840 648 1852 665 ,
1877 628 1930 666 qui
1942 627 2044 664 Caput

1167 675 1204 715 est
1215 682 1360 711 omnium.
1388 674 1541 711 Affirmat
1553 676 1588 710 in
1608 675 1667 711 ista
1679 674 1819 721 Synodo
1838 675 1944 709 solum
1962 673 2048 708 Pon-

1168 725 1288 762 tificem
1310 725 1432 760 sancire
1457 738 1495 761 ac
1514 725 1652 760 definire
1667 726 1782 761 omnia
1795 746 1808 765 ,
1832 721 2050 760 adfidentibus

1168 776 1199 810 ei
1222 776 1390 820 Episcopis
1409 776 1471 811 effe
1491 776 1714 811 consultivum
1745 776 1917 811 dumtaxat
1943 774 2053 809 suffra-

1167 825 1259 870 gium
1272 851 1280 859 .
1309 826 1459 861 Affirmat
1470 824 1556 862 hanc
1566 827 1629 860 effe
1639 835 1826 869 perpetuam
1845 822 2052 859 consuetudi-

1168 887 1243 910 nem
1254 900 1266 917 ,
1292 874 1484 921 &adjungit
1494 877 1596 920 ipsam
1606 876 1701 911 fuine
1710 876 1938 910 confirmatam
1959 874 1978 910 a
1991 873 2053 909 Ni-

1167 937 1252 960 caeua
1280 926 1419 969 Synodo
1443 939 1451 959 :
1476 926 1611 971 Utique
1630 937 1687 970 per
1707 925 1834 960 sextum
1857 925 2052 959 canonem,

1167 976 1340 1012 Romanus
1352 977 1452 1019 igitur
1464 976 1621 1011 Pontifex
1632 976 1790 1020 subJestos
1812 977 1874 1011 suat
1882 976 2053 1017 Metropo-

1167 1025 1191 1058 li
1212 1024 1390 1068 Episcopos
1411 1034 1538 1067 poterat
1549 1025 1647 1061 etiam
1671 1027 1758 1062 solus
1769 1025 1944 1072 degradare
1957 1038 1968 1059 .·
1995 1022 2054 1058 At-

1166 1083 1276 1110 tamen
1298 1073 1340 1111 ne
1361 1073 1396 1109 iu
1418 1082 1529 1109 mente
1554 1084 1611 1106 aut
1621 1078 1736 1111 effestu
1759 1087 1919 1121 pateretur
1928 1072 2055 1118 aliquid

1167 1124 1327 1166 humani,
1352 1123 1466 1171 paffim
1486 1120 1661 1157 adhibebat
1685 1126 1831 1165 quinque
1857 1125 2056 1167 vel-septem

1169 1176 1406 1220 Episcoporum
1417 1172 1598 1211 confilium.
1624 1171 1670 1205 Et
1683 1169 1770 1205 hanc
1783 1175 2057 1208 consuetudinem

1169 1227 1347 1270 Imperator
1361 1225 1539 1262 Gratianus
1552 1223 1607 1257 sua
1618 1222 1692 1267 lege
1702 1220 1926 1256 confirmavit.
1952 1222 2057 1268 Qod

1168 1287 1282 1315 contra
1293 1275 1450 1314 Canones
1460 1273 1586 1323 aliquid
1598 1272 1703 1323 egerit
1712 1296 1723 1314 ,
1734 1274 1767 1307 in
1779 1270 1903 1305 nullius
1911 1281 2058 1317 unquam

1169 1337 1314 1367 ruentem
1334 1326 1470 1365 incidit.

1224 1375 1330 1424 Alter}
1339 1376 1429 1415 istius
1438 1374 1695 1421 eloquentiffimi
1707 1374 1768 1411 viri
1777 1384 1864 1409 error
1872 1372 1917 1408 est
1929 1398 1941 1414 ,
1966 1371 2059 1418 quod

1170 1428 1229 1465 ista
1242 1428 1295 1464 lex
1305 1427 1478 1472 impegerit
1497 1428 1533 1463 in
1545 1426 1723 1467 Canones,
1749 1424 1911 1468 quatenus
1933 1424 2060 1458 Metro-

1170 1479 1289 1525 politas
1311 1475 1493 1523 promiscue
1518 1475 1674 1521 Episcopi
1697 1475 1865 1515 Rotnani,
1890 1483 1946 1509 aut
1978 1473 2061 1507 viro-

1170 1541 1240 1563 rum
1262 1528 1304 1564 ab
1326 1529 1398 1573 ipso
1410 1528 1644 1572 deputatorum
1668 1526 1796 1570 judicio
1807 1524 1903 1571 plane
1914 1522 2059 1566 subjicit.

1171 1575 1306 1610 Etenim
1317 1578 1371 1611 lex
1382 1587 1589 1623 nequaquam
1599 1577 1641 1611 de
1651 1578 1776 1612 cunetis
1798 1576 1857 1610 sub
1867 1575 1954 1610 coelo
1965 1598 1978 1616 ,
2003 1571 2060 1607 sed

1169 1625 1212 1658 de
1222 1625 1298 1660 solis
1311 1626 1458 1660 Romani
1472 1623 1712 1662 patriarchatus
1722 1649 1734 1665 ‚
1761 1626 1934 1667 praeiertim
1944 1633 2058 1656 nmen

1169 1669 1210 1705 de
1223 1671 1325 1705 ltaliae
1349 1682 1387 1704 ac
1403 1673 1523 1703 Galliae
1532 1673 1762 1713 Meti-opuntis
1775 1673 1881 1706 sanxit
1895 1696 1907 1711 ,
1919 1670 2060 1714 ideoque

1169 1720 1215 1754 est
1240 1719 1436 1754 lucidiffima
1454 1717 1654 1754 observatrix
1689 1728 1728 1752 ac
1750 1718 1919 1752 executrix
1940 1719 2064 1752 *Cano-

1169 1781 1268 1804 nurn.
1299 1769 1366 1805 Uti
1378 1769 1670 1813 Metropolitarum
1688 1767 1927 1808 Consecratio,
1955 1767 2000 1802 ita
2025 1772 2063 1802 δε

1170 1821 1274 1864 prima
1285 1819 1327 1854 de
1337 1819 1480 1863 ipsorum
1496 1817 1623 1853 delictis
1635 1818 1790 1864 cognitio
1812 1829 1868 1862 pet
1892 1817 2065 1861 Apostoli-

1169 1881 1224 1904 cos
1234 1870 1391 1904 Canones
1416 1881 1455 1905 ac
1478 1879 1664 1913 perpetuam
1684 1868 1961 1904 consuetudinem
1980 1869 2062 1904 sem-

1169 1931 1225 1964 per
1248 1920 1404 1963 spestavit
1426 1919 1468 1954 ad
1481 1918 1727 1961 Patriarcharu‚
1751 1929 1809 1954 aut
1828 1917 1913 1952 certe
1934 1917 1976 1952 ad
1986 1917 2055 1953 Pri-

1169 1979 1290 2004 matem
1301 1995 1310 2002 .
1336 1969 1384 2005 At
1396 1969 1473 2005 vero
1484 1970 1644 2006 Romanae
1657 1970 1804 2006 Ecclefiae
1814 1967 2055 2005 Patriarchatus

1170 2020 1301 2055 nullum
1310 2021 1393 2055 olim
1407 2020 1586 2056 Primatem
1599 2020 1716 2056 habuit
1728 2045 1740 2062 ‚
1767 2021 1827 2057 nisi
1851 2020 1958 2055 solum
1980 2020 2059 2054 Car·

1170 2069 1398 2115 rhaginensem
1420 2096 1432 2113 ,
1459 2071 1602 2117 ideoque
1629 2081 1745 2106 omnes
1773 2083 1829 2116 per
1852 2070 2024 2115 Illyricum
2046 2094 2058 2111 ,

1168 2120 1297 2155 Italiam
1320 2145 1331 2162 ,
1358 2121 1527 2163 Galliam,
1552 2133 1591 2156 ac
1613 2122 1813 2166 Hispaniam
1834 2121 2059 2166 Metropolitae

1169 2169 1235 2204 fine
1245 2170 1356 2204 medio
1369 2171 1518 2206 suberant
1529 2172 1761 2207 Romanorum
1775 2172 1941 2217 Episcopo
1952 2185 1963 2206 .-
1976 2172 2053 2206 Pro·

1169 2219 1244 2254 inde
1254 2221 1271 2254 ὲ
1283 2220 1376 2254 nullo
1386 2244 1398 2259 ,
1426 2221 1487 2255 nili
1505 2221 1548 2256 ab
1559 2222 1642 2263 isto,
1672 2233 1730 2257 aut
1742 2222 1808 2266 ejus
1819 2223 1990 2268 Delegatis
2002 2233 2057 2265 po-

1168 2278 1272 2305 terant
1284 2268 1441 2311 judicari.
1467 2271 1569 2305 Hane
1591 2272 1659 2315 ejus
1678 2283 1866 2316 perpetuam
1878 2271 2057 2307 authorita-

1167 2329 1234 2354 tem
1247 2320 1299 2353 lex
1310 2320 1521 2355 confirmavit
1531 2346 1539 2354 .
1567 2321 1671 2368 Qod
1686 2331 1802 2357 contra
1813 2323 1968 2357 Canones
1982 2332 2057 2367 ege-

1167 2369 1209 2403 rit
1231 2391 1243 2408 ,
1269 2369 1514 2413 sapientiffimus
1547 2371 1604 2405 ille
1626 2371 1786 2417 Magister
1814 2372 1968 2418 dignetur
1994 2373 2057 2406 suae

1167 2418 1357 2454 Rhetoricae
1375 2420 1455 2455 artis
1465 2421 1685 2457 Auditoribus
1698 2447 1709 2463 ‚
1737 2433 1804 2458 non
1829 2423 2055 2457 Ecclefiasticae

1167 2469 1368 2503 Hierarchiae
1388 2471 1506 2505 Peritis
1518 2471 1650 2506 suadere
1673 2482 1729 2507 aut
1739 2471 1910 2517 praedicare
1920 2498 1927 2506 .

1182 2562 1184 2564 Ι
1217 2517 1402 2553 Audiamus
1417 2520 1607 2563 sequentia:
1629 2523 1789 2563 Sedneque
1804 2528 1895 2555 etiam
1906 2526 2051 2556 Gramen·

1165 2568 1319 2610 mensfuit
1333 2568 1562 2609 constitutionem
1575 2569 1661 2609 istam
1682 2573 1861 2614 generaliter
1869 2580 2051 2614 proponere,

1167 2615 1250 2661 quast
1259 2621 1330 2653 vero
1354 2620 1388 2652 (5
1397 2627 1452 2661 pro
1465 2619 1532 2652 locis
1544 2619 1679 2652 omnibus
1693 2644 1703 2661 ,
1730 2621 1764 2653 6·
1788 2627 1819 2652 in
1832 2632 1915 2655 omne
1932 2630 2050 2663 tempm

1165 2671 1299 2703 valitura
1307 2670 1388 2712 effet.
1417 2670 1525 2703 Verum
1561 2680 1597 2703 ea
1607 2670 1772 2715 dumtaxat
1791 2680 1910 2703 cautum
1926 2674 1977 2714 effe
1998 2681 2050 2703 vo-

1163 2721 1218 2753 luit
1231 2743 1246 2759 ,
1269 2720 1307 2752 ne
1316 2717 1457 2760 Ursicinus
1470 2743 1482 2760 ‚
1508 2725 1559 2762 qu}
1571 2723 1738 2752 Romanam
1749 2722 1769 2753 5
1770 2722 1851 2754 edem
1863 2717 1993 2763 Damaso
2004 2725 2049 2753 tn·

1162 2768 1286 2804 videbat
1297 2794 1308 2810 ,
1332 2768 1461 2812 amplius
1472 2770 1638 2813 quidquam
1649 2771 1799 2803 moliretur
1809 2779 1910 2804 contra
1933 2775 2046 2804 Dama·

1159 2818 1248 2863 sum:
1275 2824 1348 2853 Non
1365 2828 1421 2862 per
1439 2818 1475 2863 se
1495 2820 1635 2863 quidem,
1661 2822 1726 2853 cum
1732 2823 1801 2862 jam
1818 2828 1851 2854 tn
1860 2823 1948 2854 exilio
1960 2821 2045 2863 esset,

1158 2869 1216 2913 sed
1233 2877 1288 2912 per
1304 2868 1465 2912 Episcopos
1477 2894 1489 2911 ,
1514 2882 1587 2914 quos
1609 2871 1679 2903 oltm
1696 2873 1892 2905 ordinaverat
1904 2895 1915 2910 ‚
1941 2873 1976 2904 (a
1993 2876 2044 2912 qul

1161 2928 1322 2962 contempto
1344 2918 1467 2961 Damafi
1488 2945 1499 2961 ‚
1526 2932 1562 2954 ac
1584 2919 1708 2954 altorum
1728 2920 1936 2963 Episcoporum
1954 2943 1964 2958 ‚
1991 2923 2044 2962 qui

1162 2968 1292 3012 Damaso
1297 2970 1452 3012 favebant
1463 2994 1474 3011 ‚
1492 2971 1607 3012 judicio
1626 2971 1713 3004 sedes
1732 2969 1806 3013 suas
1833 2971 1953 3011 impune
1972 2974 2043 3001 reti-

1161 3020 1273 3054 nebant
1296 3045 1303 3052 .
1332 3020 1621 3064 Eloquentiffimus
1641 3020 1767 3054 Dostor
1787 3018 1920 3053 adducit
1942 3017 2039 3053 verba

1161 3070 1260 3114 legis,
1287 3071 1519 3105 &concluditz
1547 3075 1652 3112 Itaque
1669 3071 1720 3104 len
1746 3069 1792 3101 ad
1794 3067 2039 3111 supplicationem

1159 3120 1325 3164 hujusmodi
1338 3123 1427 3162 lara,
1451 3117 1861 3162 temporaneataentumfuit‚
1887 3127 1974 3160 atque
1992 3119 2037 3150 ad

1159 3172 1196 3203 id
1213 3182 1303 3204 unum
1324 3178 1493 3212 comparata
1508 3194 1519 3210 ‚
1543 3178 1578 3203 ut
1594 3176 1661 3211 pa'x
1682 3167 1815 3208 Ecctefiae
1837 3170 2036 3209 redderetur,

1159 3232 1248 3263 quam
1259 3220 1401 3254 turbabat
1411 3218 1553 3261 Urficmus
1567 3245 1577 3260 ,
1604 3229 1694 3261 utque
1707 3217 1848 3262 Episcopi
1861 3243 1870 3259 ,
1883 3224 1935 3261 qut
1945 3220 2038 3261 legni-

1158 3277 1214 3305 mis
1225 3271 1421 3313 obtemperare
1423 3271 1562 3315 sudum
1583 3267 1780 3312 recusabant,
1804 3269 1850 3301 ad
1869 3267 2035 3311 obsequium

1156 3331 1339 3366 cogerentur.
1368 3320 1469 3367 Qod
1490 3319 1544 3354 lex
1556 3330 1614 3363 pro
1633 3318 1787 3353 omnibus
1799 3318 1879 3352 locis
1889 3330 1958 3352 non
1970 3319 2039 3352 fue·

1158 3373 1197 3406 rit
1211 3373 1299 3411 lata,
1325 3370 1425 3404 libens
1438 3371 1557 3405 fateor.
1585 3371 1655 3413 Jam
1677 3369 1766 3403 enim
1789 3368 1944 3413 professus
1967 3371 2036 3400 sum

1156 3423 1216 3457 effe
1228 3423 1325 3456 latam
1350 3429 1410 3464 pro
1423 3420 1494 3455 solo
1504 3420 1662 3456 Romano
1679 3418 1903 3499 Patriarchatiu
1917 3442 1925 3450 .
1939 3417 2034 3472 ⁸Prae-

1891 3475 1983 3500 emm
