2326 3718
667 126 946 170 ROMANts
982 125 1560 169 APPELLATIO‘NIB'US.

210 209 281 248 ἔξυς’
298 212 501 258 Augustinus
526 225 532 244 :
563 218 706 248 Antonius
728 216 870 252 clamat,
897 220 948 245 aut
969 217 1001 244 in
1026 223 1092 245 mea

210 261 472 304 Catbedrafiedere
482 263 586 302 debui,
617 274 668 296 aut
680 263 843 307 Episcopus
854 265 906 305 esJe
927 271 983 294 non
998 262 1091 295 debut.

212 312 310 356 ,Quafi
315 323 390 345 nunc
397 311 520 355 sedent,
546 314 639 356 n'tsiin
647 313 721 357 sua.
752 314 877 354 Propter
886 313 936 346 hoc
945 319 1023 345 enim
1032 314 1092 345 loca

211 363 264 395 ella
274 363 368 394 eidem
378 364 492 405 dimissa
503 363 577 406 sunt
599 362 833 406 atqubpermtffa
846 388 856 402 ,
882 369 914 395 in
930 362 1032 405 qulbus
1057 363 1091 396 Θ

205 412 294 454 prius
317 412 481 455 Episcopus
507 424 593 453 erat,
618 425 654 447 ne
675 420 707 446 in
719 414 818 446 aliena
829 412 1091 447 cathedraecontra

209 463 332 494 statuta
346 466 472 496 Parrum
487 466 656 498 translatus
678 464 780 497 illicite
800 465 947 498 diceretur
959 487 967 495 .
994 461 1090 495 Affir-

207 521 275 545 mat
288 513 376 555 plura
388 539 395 545 .
423 513 537 548 Primo
548 538 560 554 ‚
586 512 674 556 quod
690 513 860 548 Antonius
869 511 1011 548 omnino
1024 523 1090 555 per-

210 562 361 596 manserit
387 563 583 606 Episcopus.
623 563 775 598 Secundo
795 587 808 604 ,
833 563 923 608 quod
944 561 1089 605 quaedam

208 613 236 645 F
238 612 395 647 uffalenfis
405 613 592 647 Dioeceseos
604 613 676 648 loca
690 614 810 648 fuerint
822 614 870 647 illi
882 624 934 656 per
946 609 1089 655 Synoda·

207 660 272 695 lem
287 664 479 697 sententiam
491 664 636 706 permissa
661 675 756 708 atque
768 664 894 698 dimissa
907 687 920 702 ,
944 659 1089 705 quaedam

207 711 352 747 sublata.
380 712 511 746 Sublata
535 713 664 747 fuerunt
686 713 764 754 illa,
790 711 956 756 inquibus
970 712 1091 754 praeser·

206 763 268 796 tim
281 773 417 805 patrarat
429 765 482 796 sua
509 763 654 798 facinora
666 774 763 808 atque
773 763 898 808 flagitia
911 787 919 795 .
946 762 1069 795 Tertio
1082 785 1093 801 ,

207 813 298 854 quod
320 807 399 845 istic'
415 815 621 856 permanserit
641 813 753 848 sedens
765 815 798 847 in
812 811 976 847 Cathedra
989 836 1000 851 ,
1027 810 1091 844 hoc

203 862 250 896 est
264 886 275 902 ‚
302 860 423 896 habens
445 874 542 907 atque
553 875 705 898 exercens
714 875 848 899 omnem
867 862 1091 906 Episcopalem

206 913 410 947 functionem
435 938 441 944 .
469 915 598 960 Qarto
618 938 628 953 ‚
654 915 744 956 quod
772 914 887 946 cuneta
909 912 975 954 ejus
996 922 1090 954 poena

207 962 302 995 fuerit
314 963 531 1005 quorumdam
553 963 701 996 locorum
726 962 919 1000 subtractio,
945 961 1092 1002 adeoque

205 1011 319 1045 similis
329 1013 426 1045 fuerit
441 1013 489 1045 illi
504 1036 513 1050 ,
541 1023 609 1054 quae
624 1012 747 1044 nonita
761 1009 881 1053 pridem
895 1009 1093 1043 fuerat‘infli·

206 1063 256 1094 ὄξει
278 1060 411 1098 Prisco,
444 1061 592 1100 Victori,
619 1071 655 1093 ac
682 1062 862 1094 Laurentio
882 1084 893 1100 ,
924 1059 1092 1103 Episcopis

205 1109 419 1143 Caesaraeenfis
439 1104 664 1143 Mauritaniae.
693 1111 735 1143 Et
757 1108 837 1144 hinc
860 1110 944 1144 inter
961 1109 1093 1153 Episco-

202 1169 264 1202 pos
283 1180 294 1196 ,
319 1159 375 1200 qui
402 1158 502 1192 deviae
524 1159 651 1193 Aurelii
677 1160 816 1202 Synodo
836 1160 1032 1199 adfuexunt,
1057 1160 1092 1192 ὃς

204 1208 261 1251 qui
274 1207 460 1242 infelicibus
481 1209 548 1251 ejus
570 1210 609 1243 ad
623 1210 776 1243 Sanctum
791 1209 995 1243 Caelestinum
1009 1211 1092 1243 litte-

204 1258 249 1291 ris
263 1258 513 1301 subscripserunt
524 1283 535 1299 ,
546 1260 609 1292 fuit
620 1260 718 1293 etiam
733 1259 791 1293 iste
805 1260 973 1294 Antonius
984 1284 991 1292 .
1014 1258 1090 1293 Pro‘

205 1307 284 1342 inde
297 1319 362 1341 erat
372 1309 601 1342 administrans
616 1309 796 1353 Episcopus
808 1336 815 1343 .

259 1358 312 1391 Ex
324 1357 375 1391 his
387 1358 539 1401 sequitur¹
550 1370 588 1393 ac
600 1370 686 1402 patet
698 1359 855 1394 secundus
867 1371 956 1394 error
967 1385 976 1401 ,
1004 1359 1093 1402 quod
1114 1364 1115 1367 ’

206 1407 400 1442 Fuffalensxs
413 1408 684 1445 Ecclefiaecuncta
697 1409 939 1444 administratio
962 1409 1093 1444 redierit

206 1457 250 1492 ad
274 1457 426 1492 Sanc‘itum
454 1459 682 1504 Augustinum
703 1483 711 1492 .
739 1459 876 1494 Tertius
897 1460 942 1494 est
968 1484 979 1500 ‚
1005 1460 1093 1503 quod

205 1507 304 1542 istam
322 1507 641 1543 administrationem
664 1511 798 1544 Sanetus
822 1510 1030 1555 Augustinus
1046 1511 1094 1543 us-

205 1556 273 1602 que
291 1558 332 1592 ad
354 1558 427 1592 vitae
447 1559 548 1594 finem
566 1559 714 1604 gefferit.
743 1561 891 1608 Qartus
901 1560 946 1595 est
962 1586 972 1602 ,
998 1559 1090 1604 quod

205 1605 275 1642 hoc
296 1608 502 1652 intelligatur
522 1621 565 1643 ex
588 1609 658 1652 ejus
681 1611 816 1654 epistola
839 1611 880 1644 ad
896 1610 1095 1656 Qod·vult-

204 1659 321 1696 Deus,
346 1667 427 1692 tunc
452 1659 643 1693 Diaconum
663 1684 674 1699 ,
700 1659 876 1702 postmodo
897 1661 1094 1704 Episcopum

206 1704 475 1751 Carthaginenfis
498 1708 661 1742 Ecclefiae.
693 1710 825 1744 Etenim
847 1709 914 1744 haec
943 1710 1096 1754 suntepi-

207 1756 297 1791 stolae
321 1756 414 1791 verba
440 1770 448 1790 ε
474 1761 549 1792 Non
570 1760 715 1803 poffumus
742 1761 916 1800 neceffltates
944 1759 1095 1794 bominum

207 1805 347 1850 ejusmodi
366 1805 495 1849 deserere
517 1834 528 1849 ,
555 1815 608 1851 qui
629 1809 715 1849 nostri
737 1815 865 1844 Fratres
883 1808 981 1853 sunt,
1007 1812 1042 1844 δ’
1064 1816 1097 1843 in

204 1856 356 1891 charitate
366 1856 476 1897 christi
494 1860 539 1891 ad
556 1871 658 1892 curam
675 1866 830 1901 pertlnent
843 1859 969 1900 nostram
980 1887 987 1893 .
1018 1860 1096 1895 No·-

204 1907 309 1941 tanda
320 1909 392 1941 sunt
405 1906 500 1942 verba
514 1921 521 1940 :
533 1912 579 1942 Ee
589 1913 621 1941 tn
630 1908 777 1943 charitate
789 1909 900 1949 christi
909 1935 916 1942 .
946 1910 1092 1943 Edicunt
1116 1945 1118 1948 ,

205 1955 438 2000 Presbyterum
458 1957 554 1993 illum
567 1983 578 1999 ‚
596 1970 673 1993 non
696 1971 736 1993 ex
758 1959 946 2003 Episcopali
956 1959 1069 1993 officio
1086 1984 1096 1999 ,

207 2007 263 2042 sed
275 2019 317 2042 ex
328 2008 395 2042 sola
406 2009 577 2042 communi
588 2007 777 2044 Christiana
787 2008 944 2044 charitate
954 2034 965 2049 ,
976 2010 1009 2043 &
1023 2010 1096 2043 Cle-

207 2056 300 2090 ricali
311 2058 547 2091 communione
563 2059 712 2100 spectasse
724 2059 764 2092 ad
779 2059 958 2102 Augustini
969 2068 1096 2093 curam.

207 2105 255 2139 Et
267 2106 352 2139 certe
360 2107 496 2139 Sanctus
507 2106 713 2150 Augustinus
726 2130 738 2146 ,
765 2107 786 2139 fi
799 2107 839 2140 ad
853 2106 919 2148 ejus
935 2108 1097 2150 spectasset
1115 2111 1118 2115 '

210 2165 324 2189 curam
336 2179 347 2195 ,
373 2155 515 2189 omnino
537 2156 723 2199 scripfiffet:
752 2158 812 2189 Per
823 2156 1026 2195 Presbyterum
1039 2167 1094 2189 no·-

204 2204 302 2245 flrum
315 2229 322 2236 .
350 2204 448 2245 Vox,
475 2205 853 2246 Fuffalensem‚fortiter
866 2207 1009 2241 insinuat
1022 2206 1096 2240 fuis-

208 2254 243 2287 se
253 2254 397 2287 alienum
411 2277 418 2284 .
446 2255 559 2287 Etiam
572 2255 612 2288 ad
624 2257 777 2289 Sanstum
793 2255 1006 2290 Caelestinum
1019 2257 1099 2289 Bea-

206 2314 263 2337 tus
285 2301 489 2347 Augustinus
529 2304 649 2346 scripsit
675 2304 716 2338 de
739 2304 911 2338 Fuffalenfi
935 2305 1098 2338 Ecclesia:

210 2352 333 2395 Fussala
350 2354 457 2385 dicitur
469 2356 625 2386 Territorio
648 2353 831 2396 Hipponenfi
851 2359 982 2388 vicinum
993 2354 1096 2394 Castel-

211 2404 292 2436 lum.
318 2404 415 2434 Antea
439 2402 482 2434 ibi
495 2412 647 2445 nunquam
661 2403 729 2444 fuit
738 2403 905 2447 Episcopus
920 2428 929 2442 ,
950 2403 1101 2446 sedfimul

210 2463 276 2487 cum
297 2456 430 2495 contigua
444 2451 501 2493 fibi
512 2456 642 2496 Regione
663 2453 707 2485 ad
719 2455 885 2486 Paraecr'am
910 2453 1098 2495 Hipponensis

211 2501 349 2543 Ecclefiae
367 2501 552 2544 pertinebat.
578 2501 709 2536 Diserte
731 2503 872 2536 affirmat
893 2503 976 2536 olim
1003 2505 1098 2546 perti-

209 2551 317 2586 nuiffe
328 2577 338 2592 ,
361 2562 441 2586 tunc
452 2564 518 2586 non
531 2553 689 2595 pertinere
700 2577 707 2585 .
733 2551 840 2586 Addit
854 2552 943 2595 plura
954 2552 995 2587 de
1011 2553 1098 2587 Pres-

207 2602 335 2645 byter-is
346 2627 357 2642 ,
383 2613 467 2646 quos
478 2602 550 2636 istic
559 2601 700 2645 primum
711 2601 935 2636 Misfionarios
944 2602 1074 2638 dederat
1083 2628 1095 2644 ‚

208 2652 332 2687 deinde
344 2652 511 2687 Titulares
522 2652 579 2686 sub
594 2652 747 2686 Antonio
759 2653 877 2687 fecerat
888 2677 899 2693 ‚
920 2664 976 2687 aut
990 2654 1098 2696 potius

209 2702 380 2737 faciendos
402 2700 557 2737 Antonio
578 2701 769 2737 tradiderat.
796 2704 900 2737 Erant
918 2714 959 2737 ex
972 2703 1098 2748 Hippo·

209 2753 301 2787 ‹nenfi
316 2752 456 2787 Ecclefia
467 2777 474 2784 .
491 2753 622 2786 Horum
634 2752 765 2786 forfitan
777 2764 860 2787 unus
872 2763 911 2786 ex
924 2754 1024 2787 caufis
1038 2755 1098 2788 ivit

212 2800 452 2847 Carthaginem
466 2825 476 2834 .
498 2802 593 2836 Hinc
616 2803 666 2836 illi
678 2803 883 2847 Augustinus
904 2802 996 2837 dedit
1006 2804 1098 2838 litte-

213 2862 264 2885 ras
286 2876 298 2893 ,
323 2853 356 2886 δε
380 2854 484 2896 ipsum
509 2851 632 2887 Amico
652 2853 810 2888 Diacono
834 2853 1097 2888 commendavit.

216 2899 311 2934 Alias
324 2903 463 2937 rationes
475 2900 596 2936 adduxi
608 2902 751 2946 superius
766 2928 773 2935 .

268 2949 371 2994 Quod
384 2952 635 2987 Sardicenses-de
647 2952 810 2988 Romanis
821 2953 1099 2998 ‚appellationibus

212 2998 373 3035 canones
385 3001 709 3037 RomandPontiflci
730 3003 872 3038 tribuant
883 3004 916 3047 pl
963 3004 1099 3038 iffimam

213 3049 382 3092 appellatae
402 3051 501 3084 causae
520 3062 589 3086 non
598 3053 771 3088 dumtaxat
782 3012 973 3104 deleganlssq
985 3055 1017 3087 in
1031 3066 1098 3098 par-

214 3098 306 3133 tibus
321 3123 331 3139 ,
358 3098 412 3132 sed
434 3100 533 3135 etiam
547 3101 587 3136 ad
609 3103 699 3137 suum
711 3103 881 3138 Tribunal
903 3105 1076 3138 evocandae
1088 3129 1099 3146 ‚

216 3159 255 3183 ac
268 3149 391 3183 ibidem
401 3150 604 3187 retractandae
626 3153 861 3188 &definiendae
882 3155 1073 3197 potestatem
1085 3179 1096 3194 ‚

214 3199 263 3233 est
286 3197 387 3242 longe
405 3199 614 3233 certiffi'mum
633 3224 642 3233 .
670 3201 726 3235 Est
748 3204 783 3237 in
798 3204 1020 3247 superioribus
1044 3216 1099 3249 per

216 3247 407 3283 authentica
429 3248 618 3284 testimonia
626 3261 666 3285 ac
686 3255 836 3297 exempla
851 3254 979 3289 abunde
1000 3256 1033 3289 &
1047 3266 1095 3290 va·

219 3297 266 3333 rie
275 3298 552 3336 demonstratum.
580 3299 776 3343 Nuperrime
795 3308 904 3338 tamen
928 3306 1001 3349 quis
1012 3305 1095 3339 Eru-

220 3348 309 3384 ditus
321 3349 535 3392 interrogavit
546 3361 562 3389 ,·
582 3359 679 3393 quare
691 3350 807 3386 Praeses
817 3353 940 3396 Hosius
948 3379 958 3394 ,
985 3356 1017 3389 &
1028 3366 1093 3389 om·

218 3397 275 3432 nis
283 3409 358 3433 cum
373 3398 435 3437 illo,
442 3398 596 3442 Synodus
605 3401 812 3442 expresserint
833 3404 938 3441 solam
945 3403 1097 3451 delegan-

315 3447 426 3490 Cbrlst.
439 3453 518 3494 Lupi
530 3453 626 3493 Opera
640 3453 673 3484 Τ.
690 3454 772 3487 Vm.

1865 141 1987 187 245·

1150 210 1182 244 di
1195 236 1206 252 ,
1216 208 1375 244 evocandi
1386 211 1576 253 potestatem
1589 213 1712 248 silentio
1725 214 1888 258 presserint
1899 217 1913 250 ?
1924 214 2027 249 Haud

1150 260 1249 294 dubie
1271 261 1360 294 enim
1379 260 1413 293 id
1434 260 1554 294 fastum
1576 264 1620 295 est
1644 275 1712 297 non
1732 266 1797 299 fine
1827 264 2027 299 rationibus.

1152 309 1349 355 Respondeo
1362 311 1522 344 rationem
1534 321 1593 344 nos
1603 310 1711 345 doceri
1723 314 1741 346 a
1751 315 1869 349 Sancto
1881 314 2030 349 Athana-

1152 362 1216 402 fio,
1241 360 1283 394 de
1297 372 1362 404 quo
1385 360 1471 404 apud
1483 360 1626 404 Tyriam
1639 361 1811 403 Synodum
1830 375 1948 408 agente
1959 365 2031 398 scri-

1154 411 1200 445 bit
1212 411 1378 445 Socrates:
1408 409 1583 452 Atbanafius‘
1594 416 1626 443 tn
1637 411 1791 444 calumniis
1803 414 1949 448 diluendis
1959 413 2030 457 usus
2050 407 2206 438 [nl-0²¹·

1151 461 1190 502 est
1210 461 1449 503 exceptionibus,
1476 472 1551 503 quas
1572 462 1649 504 leges
1670 459 1868 503 praescrtbunt
1889 488 1898 496 .
1929 465 1973 497 Et
1993 465 2031 497 in

1152 512 1296 555 antiquis
1321 512 1554 545 Conciliorum
1577 511 1671 545 Actis
1689 511 1873 555 frequenter
1894 514 2031 556 legimus

1153 561 1374 595 Ecclefiastica
1405 561 1533 604 Iudicia
1554 561 1671 595 debere
1691 560 1867 595 secundum
1887 561 1973 605 leges
1998 565 2033 596 ὃς

1153 611 1307 646 Canones
1317 612 1509 654 procedere.-
1536 612 1580 645 Et
1590 622 1630 645 ex
1651 612 1808 646 alterutro
1823 610 1950 644 defectu
1965 623 2035 653 pro-

1153 661 1284 695 clamari
1305 661 1393 696 irrita
1407 687 1415 694 .
1437 663 1480 696 Et
1502 662 1541 694 ad
1553 663 1715 704 Joannem
1727 686 1738 702 ‚
1765 662 1876 704 primae
1887 661 2038 706 Justinia-

1156 723 1202 743 nae
1215 711 1410 754 Episcopum
1422 736 1433 751 ,
1449 712 1725 757 scripfit'Magnus
1742 711 1924 756 Gregorius
1936 725 1947 744 .·
1967 714 2037 751 Sen-
2057 709 2114 754 Lib.
2131 722 2155 739 2.
2167 715 2213 742 In-

1155 767 1250 793 tentia
1260 771 1361 794 contra
1381 764 1460 805 leges
1478 763 1520 795 (5
1533 766 1670 795 Canones
1677 763 1798 803 prolata
1809 760 1869 805 ipso
1880 773 1938 795 non
1945 761 2038 803 potest
2054 749 2109 797 ‘³:¹⁶5
2131 762 2139 779 ¹
2154 762 2174 780 ¹·

1148 810 1370 852 juresubsistere
1381 835 1388 842 .
1417 812 1530 859 Qare
1551 811 1613 845 hac
1634 810 1675 845 de
1686 824 1718 845 re
1742 811 1909 846 nonmale
1926 812 2039 846 scribit
2056 789 2175 827 hmst'6'

1156 862 1196 893 D.
1207 860 1321 895 Petrus
1338 862 1377 895 de
1390 862 1504 896 Marca‘.
1515 875 1523 894 :
1534 885 1540 893 ,
1550 864 1626 895 Inde
1640 861 1808 903 profer-‘Jum
1818 862 1855 901 est
1865 887 1877 902 ,
1905 870 1937 894 ut
1949 863 1985 895 de
1994 873 2040 894 or-

1154 911 1223 943 dine
1229 913 1412 951 judiciorum
1425 912 1574 953 m'bilsere
1581 911 1765 948 constitutum
1786 912 1901 954 legatur
1913 911 1950 943 ab
1963 917 2046 944 anm

1154 965 1220 1001 quis
1240 963 1378 995 conciliis
1393 987 1403 1002 ,
1422 968 1499 1003 'quia
1517 963 1687 1006 legitimum
1702 960 1986 1004 ordinemrfipifiopi
2009 967 2042 994 in
2065 985 2114 1015 sb

1147 1010 1311 1049 judicando
1340 1010 1539 1053 sequebantur
1564 1037 1573 1044 .
1596 1015 1641 1050 251
1661 1013 1741 1055 *quid
1773 1014 1862 1045 verb.
1884 1015 2044 1045 Cnnonicee
2061 996 2133 1065 0¹31,
2152 996 2199 1054 30

1153 1057 1319 1103 dxj‘cufflonr
1332 1062 1581 1094 accommodatum
1615 1085 1626 1101 ‚
1664 1064 1716 1096 (τ’
1734 1064 1755 1094 ἃ
1775 1062 1888 1105 legibue
1915 1062 2054 1104 omissum⁴

1154 1110 1343 1143 decernerent
1381 1134 1392 1150 ,
1427 1112 1508 1152 quod
1530 1122 1598 1144 eam
1610 1113 1833 1152 ⁴judiciorum:
1840 1114 1962 1154 partem
1999 1117 2046 1144 ati

1154 1164 1316 1202 tingeret,
1353 1164 1386 1192 in
1411 1163 1532 1194 caretis*
1553 1162 1687 1194 articulis
1713 1160 1745 1202 se
1769 1162 1846 1205 (eges
1868 1161 1952 1204 sequi
1974 1170 2049 1204 pra-r

1150 1209 1339 1251 fitebMtw-*s
1371 1226 1373 1228 v
1461 1225 1467 1233 ι
1498 1220 1587 1250 ''ff-*⁴⁴⁵⁵
1618 1223 1647 1239 *a
1824 1234 1829 1239 .

1205 1259 1310 1292 Porro
1320 1259 1362 1293 de
1372 1260 1717 1304 antiqua-judiciorum
1729 1259 1892 1295 forma-ad
1900 1268 2020 1295 omnes
2032 1276 2051 1302 ,=

1156 1321 1238 1353 quos
1250 1309 1406 1344 Praetorio
1416 1308 1746 1345 Praefefflszdederant
1754 1336 1766 1352 ,
1778 1328 1787 1349 μ
1795 1311 1952 1349 VZicaxios
1961 1312 2054 1345 olim&

1157 1360 1349 1403 seripserunt
1376 1360 1590 1402 Imperatores
1617 1359 2055 1400 Diocletianuszqcxzmaxissx

1157 1410 1305 1444 mianu's:
1334 1410 1438 1442 Placet
1447 1410 1553 1450 nobit-3
1580 1410 1724 1452 Praefides
1737 1410 1843 1444 debis
1868 1410 1984 1452 caussfi
2012 1418 2047 1443 m

1156 1460 1285 1502 quibus,
1311 1462 1390 1502 quod
1406 1459 1669 1503 ipffnon'poffient
1692 1460 1854 1505 cognoscere
1883 1486 1893 1501 ‚
1919 1460 2048 1494 antebac

1159 1511 1446 1555 PedaneosJudices
1471 1509 1609 1552 dabant,
1634 1517 1761 1544 notionis
1778 1509 1843 1554 fieae
1855 1514 1983 1544 examen
1993 1510 2048 1543 ad-

1157 1559 1255 1594 bibere
1269 1584 1280 1600 ‚
1306 1565 1352 1593 ita
1373 1569 1475 1594 tamen
1498 1585 1509 1601 ,
1523 1570 1571 1594 *ut
1584 1560 1616 1602 'si
1636 1562 1689 1594 vel
1703 1569 1826 1603 propter
1846 1566 2048 1602 occupationes·

1154 1609 1290 1653 publicas
1303 1635 1313 1650 ,
1340 1611 1391 1644 vel
1406 1608 1697 1652 proptercausarum
1717 1612 1961 1650 multitudinem,
1987 1622 2048 1643 om-

1159 1666 1210 1694 nia
1219 1659 1385 1704 hujusmodi
1395 1666 1516 1704 negotio
1534 1671 1592 1693 non
1603 1668 1756 1701 potuerint
1775 1658 1938 1706 cognoscere
1950 1685 1960 1699 ‚
1981 1663 2013 1705 J
2015 1672 2048 1693 u-

1159 1712 1237 1744 dice‘s
1249 1711 1345 1744 dandi
1357 1709 1487 1743 babeant
1498 1710 1668 1751 potestatem
1686 1735 1693 1742 .
1719 1713 1810 1754 ,Quod
1820 1723 1872 1743 nos
1896 1718 1942 1743 tta
1952 1715 2049 1752 accipi

1158 1766 1298 1795 convenit
1311 1784 1321 1800 ,
1346 1766 1419 1793 utin
1429 1759 1478 1792 his
1491 1766 1581 1792 etiam
1592 1759 1686 1801 causis
1701 1783 1712 1800 ‚
1737 1766 1770 1793 tn
1791 1760 1900 1802 quibus
1906 1759 2045 1803 solebant

1158 1822 1196 1845 ex
1223 1812 1313 1853 officn'o
1328 1809 1382 1853 suo
1401 1808 1587 1854 cognoscere,
1613 1811 1850 1855 dandi-Judt‘ces
1870 1815 1913 1843 ets
1924 1811 2049 1843 licentia

1154 1860 1296 1903 permiffa
1307 1861 1449 1894 credatur
1459 1885 1467 1892 .
1495 1860 1588 1904 ,Quod
1598 1859 1690 1903 usque
1699 1862 1773 1894 adeo
1787 1867 1819 1893 in
1832 1859 1994 1902 Praefidum
2003 1871 2049 1892 co-

1154 1915 1287 1954 gnitione
1305 1911 1494 1943 retinendum
1514 1910 1553 1949 est
1563 1935 1574 1949 ,
1600 1918 1633 1943 ut
1643 1922 1741 1944 eorum
1757 1911 1946 1951 judicmnon
1958 1912 2051 1943 dimi-⁴

1160 1960 1429 1997 nutarvideantur,
1455 1960 1528 1995 dum
1548 1967 1651 1992 tamen
1673 1962 1756 1993 &de
1767 1966 1974 2004 ingenuitate,
1997 1957 2057 2002 suo.

1155 2018 1210 2052 per
1221 2021 1281 2052 qua
1299 2016 1438 2052 poterant
1459 2015 1550 2045 etiam
1561 2020 1633 2044 ante
1649 2008 1833 2053 cognoscere,
1860 2011 1942 2045 &de
1961 2010 2051 2051 llber-x

1160 2065 1285 2092 tinitate
1299 2058 1440 2097 Praesides
1465 2057 1520 2099 tplr‘
1524 2061 1709 2098 dijudicent.
1741 2060 1856 2094 Exstat
1866 2061 1970 2094 lexin
1980 2061 2058 2095 lina

1162 2109 1319 2152 peratoris
1330 2107 1506 2150 Iustiniani
1522 2108 1671 2147 Codice,
1697 2107 1755 2142 sub
1778 2109 1877 2142 titulo
1895 2108 1937 2142 de
1952 2110 2056 2152 Iridis:

1161 2157 1250 2192 cibus
1263 2156 1440 2193 Pedaneis.
1469 2157 1581 2191 Sancit
1602 2156 1619 2190 ὲ
1641 2158 1824 2192 Provinciae
1843 2159 1977 2193 Praeside
1997 2170 2048 2194 or-

1161 2208 1302 2242 dinarias
1328 2207 1459 2241 nonnifi
1479 2218 1521 2241 ex
1531 2207 1622 2250 gravi
1640 2209 1732 2241 causa
1745 2232 1756 2247 ‚
1782 2208 1920 2252 majores
1933 2219 2046 2247 autem

1161 2257 1354 2301 quaestiones
1369 2256 1553 2291 nullatenus
1564 2258 1651 2300 posse
1660 2256 1800 2302 delegari
1814 2283 1825 2298 ,
1844 2259 1897 2293 sed
1909 2259 2047 2303 abripso-

1161 2308 1299 2341 met'esse
1311 2306 1558 2351 cognoscendas
1574 2318 1613 2342 ac
1624 2307 1820 2342 decidendas
1830 2333 1837 2340 .
1861 2309 2050 2346 Praeseruirn

1161 2356 1352 2400 quaestiones
1377 2354 1417 2389 de
1428 2355 1578 2391 libertate
1593 2368 1630 2390 ac
1653 2356 1880 2392 libertinitate.
1910 2359 2046 2398 EtStrffl

1160 2408 1224 2440 {tio
1247 2405 1375 2442 videtur
1397 2405 1554 2449 obligasse
1580 2406 1666 2448 ipsos
1687 2408 1787 2441 etiam
1813 2407 2046 2446 Praetoriomm

1160 2456 1348 2492 Prae'festos:
1376 2454 1556 2491 Praesertim
1578 2455 1686 2498 quoad
1714 2459 1828 2491 causas
1846 2460 2049 2501 appellatas*

1159 2506 1205 2539 At
1219 2506 1295 2540 vero
1306 2505 1340 2538 in
1353 2504 1591 2541 Theodofiano
1605 2505 1733 2539 Codice
1750 2505 1933 2543 adtitulum
1942 2507 2049 2543 denis«

1159 2556 1236 2590 ficio
1250 2555 1400 2589 Rec'toris
1414 2554 1596 2588 Provinciae
1615 2554 1717 2590 exstat
1738 2554 1868 2590 adversa
1888 2557 1943 2591 lex
1963 2583 1973 2598 ‚
1998 2560 2045 2594 ab*

1158 2607 1357 2648 Imperatore
1383 2605 1514 2648 Juliano
1537 2605 1650 2647 scripta
1668 2605 1708 2640 ad
1720 2605 1907 2640 Secundum
1920 2632 1932 2647 ‚
1958 2609 2042 2643 Prae-

1158 2656 1272 2690 festum
1294 2654 1473 2689 Orientalis
1495 2654 1662 2689 Praetorii:
1692 2657 1847 2699 ‚Quaedam
1861 2655 1937 2700 sunt
1959 2670 2040 2703 nego-

1158 2712 1201 2739 tia
1211 2732 1221 2747 ,
1247 2712 1279 2739 in
1293 2705 1398 2748 quibus
1400 2703 1577 2748 superfluum
1589 2704 1625 2747 est
1639 2707 1855 2740 Moderatorem
1878 2706 2043 2750 exspeblari

1159 2760 1325 2795 Provincice
1337 2781 1347 2795 ‚
1374 2757 1495 2798 ideoque
1507 2756 1659 2795 pedaneos
1662 2759 1695 2800 J
1697 2757 1796 2799 udices
1804 2781 1818 2797 ,
1842 2756 1892 2794 hoc
1903 2758 1940 2798 est
1952 2784 1963 2799 ‚
1988 2764 2042 2802 qut·

1159 2811 1274 2850 negotia
1306 2805 1461 2839 humiliora
1487 2803 1649 2847 disceptent
1676 2831 1686 2845 ‚
1709 2803 1906 2849 substituendi
1932 2810 2040 2841 damus

1158 2855 1338 2897 Praefidtbus
1346 2854 1534 2897 potestatem.
1564 2855 1708 2899 Vulgata
1723 2856 1858 2890 Codicis
1881 2859 1984 2891 editio
1998 2859 2040 2891 le-

1157 2918 1234 2951 gem
1244 2906 1394 2939 adscribit
1406 2904 1650 2939 Constantino:
1678 2905 1725 2938 At
1746 2907 1808 2940 effe
1818 2907 1961 2952 Juliani,
1990 2919 2041 2942 va-

1158 2957 1220 2990 lide
1232 2967 1268 2989 ac
1283 2953 1390 2988 lucide
1403 2953 1602 2989 demonstrat
1614 2956 1647 2989 in
1661 2955 1723 2988 suis
1732 2949 2039 2999 ad‘ipsamscholiis

1157 3006 1293 3050 Iacobus
1316 3004 1555 3039 Gothofredus.
1657 3013 1661 3015 “
1708 3015 1711 3018 ·
1757 3011 1759 3014 ·
1808 3035 1809 3038 ,
1862 3014 1865 3025 ⁷

1207 3055 1582 3099 Etadjungitinfignem
1597 3055 1740 3091 Comme
1765 3056 1900 3090 tarium.
1930 3056 2039 3100 Expo-

1157 3108 1205 3141 nit
1234 3106 1375 3139 Pedanei
1403 3103 1522 3147 Judicis
1548 3067 1761 3139 naturam‘cssgl
1772 3106 1942 3149 qualitates
1961 3131 1971 3146 ‚
2000 3119 2037 3141 ac

1155 3157 1258 3201 pergit
1276 3170 1285 3188 .-
1311 3156 1409 3199 Igt'tur
1418 3153 1587 3196 sciendum,
1615 3164 1685 3188 ante
1699 3168 1763 3188 cam
1785 3157 1875 3200 legem
1890 3162 1952 3188 tria
1972 3168 2037 3190 cau-

1148 3206 1254 3256 sarum
1261 3216 1369 3250 genera
1380 3204 1519 3248 distingut
1529 3203 1619 3247 solita
1632 3230 1640 3237 .
1664 3205 1765 3238 'Unum
1774 3205 2037 3249 cmsaemlmhumir

1153 3258 1254 3290 lterum
1287 3280 1297 3296 ‚
1323 3261 1354 3287 in
1373 3253 1638 3296 qarbusrRec‘lores
1663 3254 2038 3301 Provtnstdsumiffiudkeae

1155 3308 1307 3341 Pedaneos
1317 3306 1389 3338 dare
1398 3304 1571 3349 cogebantur
1583 3318 1590 3337 :
1617 3307 1702 3348 ‚Quia
1712 3306 1864 3347 infimitas
1871 3305 2034 3348 xeaefausae

1152 3356 1351 3395 videbantur,
1377 3366 1468 3396 quam
1489 3364 1523 3387 ut
1541 3356 1587 3387 ad
1605 3355 1660 3387 bas
1674 3354 2040 3398 seso.Re8uriesxdimitre-‚

1152 3414 1218 3443 rent
1229 3432 1238 3442 .
1265 3405 1424 3442 secundam
1428 3415 1523 3449 genus
1534 3414 1599 3440 erat
1608 3405 1922 3448 earumwssnffquffiue
1934 3403 2037 3450 Rellog

1632 3455 1664 3489 X
1717 3464 1737 3502 3
1934 3461 1981 3485 res

2064 2087 2131 2122 L.3.
2140 2086 2184 2118 tit.
2197 2099 2228 2117 ι)
