2326 3718
98 1998 194 2040 Epist„
212 2011 260 2038 ‹³19->

380 124 477 170 218

306 208 579 249 annotationibus
598 209 641 244 ad
654 209 898 258 Geographiam
911 212 1031 246 sacram
1045 207 1155 243 Caroli
1173 206 1211 242 ὲ·

305 263 420 299 Sancto
443 259 550 295 Paulo
573 272 582 295 z
619 265 695 295 Ante
718 264 902 303 cyprianum
938 256 1192 303 Carthaginenses

305 308 445 353 Epiftopi
463 308 538 353 sunt
565 315 748 356 Agrippinas
772 336 783 352 ,
810 315 948 344 Donatus
971 333 983 349 ,
1010 310 1190 351 Fabianus-3

298 359 361 404 post
384 359 550 406 Menficrius
573 386 584 402 ,
612 364 782 404 cecilianus
806 386 816 401 ‚
853 363 1005 393 Luctanus
1031 384 1042 401 ‚
1066 358 1164 400 Rufus
1183 382 1192 396 ,

303 413 439 450 Gratus,
467 411 639 446 Genetbltas
652 438 663 454 ‚
692 413 851 449 Aurelius,
879 411 1062 451 Capreolus,
1089 408 1191 451 ,Quod-

302 461 465 497 vult-Deus
492 483 504 503 5
522 463 591 497 'Deo
605 466 730 499 Gratias
747 485 758 499 ‚
787 463 941 503 Eugenius
954 485 964 500 ,
990 459 1167 504 „Bonifatius
1178 483 1187 499 ‚

301 513 499 555 Reparatur,
527 510 707 553 Primafius,
730 508 794 551 five
806 508 979 552 Primosus.
1007 509 1189 546 Labiturin

297 561 445 598 duobus.
474 561 610 600 Primo,
637 559 726 604 quod
738 559 888 596 Sanctum
901 560 1085 594 Fabianum
1106 558 1192 593 Pon-

300 611 422 648 tificem
443 612 634 647 transmutet
660 610 694 643 in
717 609 918 652 Episcopum
949 608 1192 654 Carthaginen—

300 662 385 698 sem,
415 661 578 696 Existimo
602 660 695 695 fuisse
717 660 998 703 circumscriptum
1020 660 1038 696 a
1061 658 1188 695 verbis:

780 152 782 154 ψ
830 119 914 167 ΒΕ
949 121 1274 168 ΑἘΜΕΑΝΔΞ
1308 116 1610 178 Ecctesrte

1257 215 1305 240 rat
1324 205 1482 245 horrenda
1501 210 1568 254 ejus
1589 209 1734 246 facinora
1746 233 1757 251 ,
1772 209 2019 246 &concludin
2045 211 2147 251 Hand,

1255 256 1458 301 conscientiam
1467 267 1622 294 criminum
1628 262 1699 302 jam
1706 262 1825 302 pridem
1834 262 1959 296 timebat
1969 285 1976 294 .
2006 265 2135 305 Propter·

1255 307 1307 340 boc
1324 305 1358 349 se
1378 318 1436 340 non
1455 311 1492 344 de
1505 311 1687 351 Presbyterio
1706 312 1825 344 tantum
1850 318 1999 353 excitari,
2020 311 2080 356 sed
2097 313 2137 348 ὦ*

1255 364 1509 394 communicatione
1525 360 1677 404 prohiberi
1694 368 1753 402 pro
1772 370 1850 395 certo
1868 362 1989 397 tenebat
2001 386 2014 403 ‚
2040 365 2133 398 &ur-

1248 408 1391 453 gentibus
1405 411 1565 446 Fratribus
1587 410 1761 445 imminebat
1772 415 1943 457 cognitionis
1958 414 2023 447 dies
2035 436 2047 454 ,
2072 425 2131 456 quo

1255 461 1339 500 apud
1359 470 1411 491 nos
1433 459 1520 503 causa
1541 464 1606 503 ejus
1631 471 1768 506 ageretur
1783 486 1794 501 ,
1819 460 1877 502 nist
1889 461 2048 504 persi-cutio
2056 474 2129 498 ante

1255 511 1373 552 veniffet
1387 534 1394 541 .
1422 512 1526 553 ‚Quam
1541 513 1593 554 iste
1615 522 1683 546 voto
1702 513 1832 554 quodam
1852 512 2021 546 evadenda
2040 514 2131 547 &lu-

1253 561 1374 593 crandae
1386 561 1588 595 damnationis
1599 567 1747 604 excipiens
1761 565 1782 602 ,”
1799 562 1861 596 haec
1882 567 1981 594 omnia
1992 563 2128 605 commifit

1253 611 1286 646 ζ’]
1299 607 1410 652 miscuit
1422 635 1432 649 ,
1458 621 1494 644 ut
1515 613 1639 653 quiejici
1659 614 1695 646 de
1707 611 1835 654 Ecclefia
1863 613 2026 646 &excludi
2045 611 2133 648 babe-

1253 661 1305 692 bat
1320 684 1329 699 ‚
1349 662 1500 700 judicium
1512 662 1699 696 sacerdotum
1708 663 1879 696 voluntaria
1889 660 2046 705 difieffione
2053 670 2135 704 pm·-

299 709 509 754 Antecefforum
523 709 679 752 nostrorum
694 709 829 745 Fabiani
855 712 890 744 ό·
902 714 1032 743 Donati.
1063 708 1186 743 Verum
1249 712 1360 750 cederet
1373 733 1383 749 ,
1409 710 1493 753 quast
1498 710 1613 754 evdfiffe
1616 710 1656 755 sit
1662 719 1782 753 paenam
1795 737 1805 753 ,
1827 713 2004 756 praeveniffe
2011 710 2135 755 senten·

295 762 432 796 Sanetus
442 759 631 804 Cyprianus
643 760 755 798 scribit
769 760 810 797 ad
823 760 948 804 Papam
969 760 1163 796 Cornelium
1174 785 1184 801 ,

295 810 328 846 ἀ
358 809 469 848 laudat
501 811 671 854 utriusque
693 811 880 854 proximum
920 810 1186 847 Antecefforem:

295 861 397 897 Suum
421 880 433 900 ,
459 860 656 904 Donatum3
684 861 857 902 Cornelii,
883 860 1086 898 Fabianum.
1113 862 1184 894 De-

297 910 375 944 inde
389 911 439 946 vir
460 910 687 948 illustriffimus
699 911 838 951 labitur,
864 911 953 955 quod
965 911 1098 947 omittat
1109 912 1184 946 San-

294 960 381 997 etum
406 960 558 1004 Cyrum,
586 961 719 998 &Beato
742 960 889 997 Possidio
900 961 1067 997 laudatum
1089 961 1182 995 inin-

292 1010 408 1046 diculo
418 1013 567 1055 Operum
578 1012 687 1048 Sant‘ii
710 1010 892 1058 Augustini
907 1023 916 1056 3
940 1013 974 1046 ἅ
987 1011 1158 1045 Thomam
1171 1036 1181 1051 ,

292 1059 462 1098 laudatum
486 1062 523 1095 in
545 1060 654 1104 primo
677 1061 762 1099 libro
787 1060 930 1098 Victoris
954 1061 1109 1107 Episcopi
1122 1059 1181 1095 Vi-

292 1110 410 1148 tensis.
437 1109 524 1145 Vera
548 1111 660 1154 itaque
670 1109 978 1157 Carthaginensium
1003 1113 1179 1155 Episcopo-

290 1171 364 1197 rum
393 1160 548 1198 succeffio
570 1161 616 1196 est
638 1158 726 1195 haec:
753 1162 978 1206 Agrippinus‚
1005 1162 1179 1202 Donatus,

290 1210 428 1247 Sanetus
444 1209 655 1253 Cyprianus,
681 1211 873 1253 Lucienus,
902 1213 1034 1246 Sanctus
1046 1210 1154 1254 Cyrus
1169 1235 1179 1251 ‚

295 1259 517 1301 Mensurius,
543 1259 755 1306 Cecilianus,
778 1261 901 1296 Gratus
923 1284 934 1302 ‚
961 1259 1088 1299 Rufus,
1115 1260 1178 1294 Re-

287 1308 418 1345 stitutus
443 1334 455 1350 ,
482 1309 681 1345 Genethlius
705 1335 717 1351 ,
752 1308 905 1345 Aurelius
929 1334 940 1349 ,
979 1309 1176 1354 Capreolus,

291 1358 610 1405 Qud-vult-Deus,
636 1359 882 1400 Deo-Gratias,
907 1357 1086 1401 Thomas,
1114 1359 1176 1393 Eu-

291 1408 432 1452 genius,
460 1407 677 1449 BonifaciuS,
705 1407 914 1454 Reparatus,
937 1407 1126 1450 primosus,
1144 1410 1177 1445 &

285 1458 328 1493 fic
339 1458 574 1504 consequenter
586 1483 593 1492 .
621 1458 678 1495 An
691 1458 899 1504 Agrippinas
920 1458 1017 1495 fuerit
1031 1460 1153 1503 primus
1165 1484 1176 1506 ,

284 1506 377 1545 certo
398 1519 467 1545 non
489 1510 635 1546 constat.
665 1507 808 1544 Videtur
817 1521 886 1545 non
901 1509 1014 1546 fuiffe.
1044 1510 1175 1544 Etenim

282 1558 353 1600 ejus
375 1556 549 1602 Presbyter
572 1558 805 1595 Tertullianus
827 1560 934 1603 palam
962 1559 1060 1593 docet
1081 1557 1176 1593 Chri·

285 1605 487 1656 manitatem
511 1609 571 1645 suo
589 1617 738 1653 tempore
758 1609 846 1653 apud
858 1610 960 1644 Afros
981 1609 1074 1643 fuisse
1087 1610 1176 1644 anti-

283 1667 385 1700 quam
407 1683 415 1691 .
440 1657 526 1694 Item
546 1658 745 1705 ignoratur,
772 1671 813 1693 an
842 1661 927 1695 inter
951 1658 1174 1704 Agrippinum

282 1708 484 1745 &sanctum
508 1708 714 1752 Cyprianum
736 1708 822 1743 solus
834 1710 990 1744 Donatus
1016 1710 1176 1743 mediave-
1195 1735 1198 1739 .

282 1757 325 1791 rit
335 1779 345 1790 .=
369 1757 453 1791 Item
468 1768 509 1793 an
522 1757 607 1793 inter
620 1759 826 1802 Cyprianum
837 1759 871 1793 &
884 1757 1173 1795 Mensuriumnon

283 1807 380 1841 fuerit
391 1807 512 1851 aliquis
524 1808 637 1844 tertius
652 1833 663 1848 ‚
690 1819 747 1842 aut
759 1809 857 1843 etiam
868 1819 1001 1853 quartus
1011 1835 1018 1841 .

335 1858 615 1893 Aliud-Romanae
634 1859 866 1902 appellationis
890 1861 1080 1914 ezemplum
1105 1870 1175 1902 pro-

285 1910 348 1942 fert
375 1908 472 1944 nobis
498 1909 633 1944 Sanetus
658 1909 867 1953 Cyprianus,
893 1909 1036 1944 scribens
1049 1909 1092 1944 de
1103 1908 1172 1944 No-

289 1969 367 1992 vato
379 1983 390 1999 ,
416 1959 531 1994 nescio
549 1959 642 2003 cujus
661 1959 728 1993 loci
748 1960 834 2002 apud
861 1959 962 1993 Afros
980 1959 1146 2002 Episcopo
1163 1982 1174 1998 ,

284 2009 327 2043 ad
339 2009 496 2043 Samium
506 2009 701 2044 Cornelium
714 2023 721 2043 ;
751 2013 797 2043 De
810 2013 935 2043 Novato
955 2009 1033 2043 nibil
1053 2011 1122 2043 inde
1134 2010 1176 2042 ad

283 2070 342 2094 nos
361 2059 471 2102 fuerat
495 2060 698 2093 nunclandum
709 2084 720 2100 ‚
747 2070 812 2094 cum
834 2065 931 2103 magis
948 2067 1005 2102 per
1025 2071 1078 2094 nos
1091 2058 1173 2093 vobis

284 2109 391 2148 debeat
429 2113 465 2143 N
468 2117 577 2143 ovatus
613 2108 724 2148 ostendi
747 2133 758 2150 ‚
783 2120 884 2142 rerum
920 2120 1069 2143 novarum
1101 2107 1173 2152 sem-

284 2170 341 2203 per
352 2160 481 2202 cupidus
489 2183 501 2200 ,
525 2164 673 2192 avaritiae
686 2158 858 2201 inexplebili
867 2164 1032 2202 rapacitate
1035 2158 1172 2202 furibun.

286 2213 344 2243 das
357 2236 367 2251 ,
395 2215 574 2253 arrogantia
592 2211 625 2243 (9¹
630 2209 748 2251 stupore
760 2215 886 2243 tumoris
897 2208 1035 2250 inflatus,
1057 2207 1174 2252 semper

286 2260 370 2302 isthic
382 2258 538 2304 Episcopis
549 2261 628 2294 maie
647 2267 781 2303 cognitus
791 2282 802 2300 ,
829 2258 914 2302 quasi
926 2258 1080 2293 haereticus
1098 2257 1171 2302 sem

283 2306 341 2353 por
367 2309 540 2352 &perfidus
552 2315 681 2344 omnium
691 2310 880 2342 sacerdotum
902 2319 972 2342 voce
984 2310 1149 2342 damnatus
1162 2332 1173 2348 ,

287 2359 411 2402 curiosus
419 2357 541 2402 seraper
547 2367 580 2393 ut
586 2360 701 2401 prodat
712 2382 723 2398 ,
750 2359 794 2390 ad
801 2357 852 2391 boc
863 2358 1004 2391 adulatur
1015 2357 1151 2399 utfallat
1163 2380 1173 2397 ,

287 2418 444 2452 nunquam
453 2408 552 2451 fidelis
565 2416 599 2442 ut
610 2408 718 2455 diligat
735 2431 746 2447 ,
762 2407 829 2449 fax
853 2409 887 2442 ό·
899 2413 977 2451 ignis
1001 2407 1173 2450 adconflan·

287 2462 330 2493 aa
345 2458 503 2504 seditionis
524 2459 684 2497 incendia,
711 2458 797 2491 turbo
821 2457 1023 2500 &tempestas
1042 2459 1087 2490 ad
1101 2455 1174 2499 fidei

282 2509 430 2555 facienda
452 2507 641 2553 naufragia„
668 2507 754 2548 hostis
777 2513 885 2550 quietis
901 2532 912 2547 ,
938 2509 1174 2549 tranquillitatis

289 2558 493 2602 Adversarius
507 2583 518 2600 ‚
540 2564 627 2601 pacis
649 2563 786 2592 inimicus
799 2582 806 2590 .
835 2561 969 2600 Denique
993 2562 1117 2593 Novato
1138 2559 1173 2591 il-

289 2612 354 2646 linc
377 2612 397 2643 a
419 2609 507 2644 vobts
526 2606 700 2646 recedente,
725 2609 761 2640 id
777 2607 831 2646 est,
853 2609 979 2650 procella
1001 2609 1037 2642 6·
1059 2608 1175 2643 turbine

291 2662 466 2701 recedente,
491 2667 639 2702 exparte
658 2658 721 2691 illic
742 2663 825 2700 quies
843 2657 934 2699 falla
957 2658 1011 2698 est.
1041 2660 1127 2691 Idem
1138 2658 1176 2698 est

292 2716 438 2748 Novatus
452 2734 463 2751 ,
489 2714 542 2754 qui
551 2710 635 2752 apud
652 2719 704 2741 nos
713 2714 851 2751 primum
870 2706 1024 2751 discordiae
1047 2706 1175 2751 &schis-

291 2767 383 2795 matis
409 2761 578 2794 incendium
597 2757 762 2803 seminavit
781 2783 792 2800 ,
817 2763 868 2802 qui
888 2756 1030 2801 quosdam
1048 2757 1129 2796 isthic
1140 2770 1176 2792 ex

294 2810 458 2847 Fratribus
472 2809 510 2842 ab
526 2807 671 2853 Episcopo
679 2807 846 2853 segregavit
855 2832 867 2849 ‚
892 2813 985 2852 quiin
1006 2807 1072 2851 ipsa
1080 2808 1177 2851 perse-

291 2866 405 2896 cutione
429 2861 475 2894 ad
481 2860 661 2895 evertendas
673 2865 819 2896 Fratrum
836 2868 950 2893 mentes
965 2860 1028 2891 alia
1038 2860 1177 2901 quaedam

247 2936 249 2938 -
287 2909 452 2954 persecutio
462 2910 567 2953 nostris
574 2909 643 2951 fuit
655 2935 662 2942 .
689 2907 756 2953 Ipse
764 2908 801 2948 esl
816 2913 869 2950 qui
881 2910 1083 2949 Feliciffimurn
1093 2933 1104 2950 ‚
1123 2911 1174 2942 Sa·

294 2963 420 2996 tellitem
427 2959 513 3005 suum
521 2985 533 3002 ,
560 2964 722 2994 Diaconum
733 2983 744 3000 ,
772 2970 824 2992 nec
830 2965 1022 3002 permittente
1032 2971 1077 2993 me
1089 2983 1101 3000 ‚
1124 2971 1177 2993 nec

288 3010 398 3056 sciente
411 3035 422 3052 ,
430 3010 488 3054 sua
500 3011 645 3046 Fadione
654 3011 690 3047 Θ·
701 3008 858 3043 ambitione
868 3009 1015 3050 constituit
1027 3022 1034 3042 :
1055 3013 1101 3041 Et
1111 3020 1176 3043 cum

289 3057 348 3103 sua
359 3061 527 3102 tempestate
537 3065 662 3096 Romam
684 3069 798 3104 quoque
806 3062 852 3093 ad
869 3062 1061 3094 everten‘dam
1070 3061 1176 3093 Eccle-

289 3108 366 3152 fiam
376 3116 527 3153 navigans
542 3134 552 3151 ,
572 3110 682 3153 fimilia
704 3112 763 3144 illic
783 3112 914 3152 &paria
934 3111 1051 3143 molitus
1070 3109 1128 3149 cll,
1155 3112 1175 3143 ἂ

299 3159 385 3192 ciero
401 3165 562 3199 portionem
568 3162 668 3204 plebis
679 3162 812 3195 avellens
824 3184 834 3200 ,
862 3164 891 3192 F
893 3165 1082 3194 raternitatis
1104 3159 1178 3194 bene

296 3207 350 3252 fibi
360 3207 532 3243 cohaerentis
543 3235 554 3251 ,
579 3210 791 3255 &seinvicem
803 3212 956 3255 diligentis
966 3233 977 3249 ‚
995 3210 1176 3244 concordiam

295 3257 437 3302 scindens
449 3282 456 3289 .
484 3261 580 3293 Plane
601 3267 739 3302 quoniam
754 3269 811 3303 pro
834 3262 1042 3305 magnitudine
1060 3257 1119 3302 sua
1129 3261 1175 3293 dez

299 3309 369 3343 beat
381 3307 598 3352 Carthaginem
609 3313 703 3344 Roma
717 3312 885 3353 praecedere
899 3335 910 3351 ,
934 3312 993 3344 illic
1006 3311 1120 3350 majora
1141 3312 1175 3345 (ν-

295 3363 442 3404 graviora
463 3356 600 3398 comraifi't
625 3384 632 3393 .
662 3362 724 3401 ,Qui
747 3360 829 3399 isthic
850 3361 1000 3395 adversus
1020 3358 1175 3401 Ecclefiam

296 3412 463 3446 Diaconum
478 3406 620 3450 fecerat,
642 3408 701 3442 illic
711 3408 887 3453 Episcopum
901 3410 998 3454 fhcit.
1026 3409 1175 3445 Enume-

1251 767 1342 794 tiam.
1370 761 1499 795 Harum
1521 773 1627 796 rerum
1649 763 1798 797 meminit
1822 764 1858 796 in
1875 764 1978 798 Sancti
1992 762 2130 799 Fabiani

1254 810 1316 843 vita
1339 812 1438 844 etiam
1469 811 1549 846 liber
1562 811 1794 848 Pontificalis:
1820 814 1935 847 Eodem
1946 807 2134 857 tempor-esu-

1246 866 1390 902 pervenit
1402 866 1437 895 N
1440 871 1548 895 ovatus
1558 874 1596 895 ex
1608 861 1711 903 Africa
1723 885 1734 902 ,
1760 861 1962 907 &separavit
1976 868 2140 898 Novaria-r

1249 923 1320 945 num
1331 912 1369 944 de
1382 910 1509 954 Ecclesia
1522 937 1532 952 ,
1558 914 1592 946 cb·
1601 911 1742 955 quosdam
1753 911 1932 955 Confeffores
1944 937 1951 944 .
1979 913 2023 946 Et
2034 913 2069 947 in
2084 914 2133 946 vi-

1249 972 1280 994 ta
1294 961 1398 996 Sanc'ii
1411 961 1562 998 Cornelii
1575 975 1582 994 :
1611 961 1668 995 Sub
1677 962 1767 1003 hujus
1779 961 1963 1005 Episcopatu
1984 966 2132 1000 Novam:

1248 1015 1459 1046 Novatianum
1476 1021 1567 1048 extra
1579 1012 1734 1055 Ecclefiam
1755 1014 1934 1055 ordinavit,
1961 1014 2036 1047 &in
2048 1012 2136 1058 Afri-·

1246 1073 1280 1095 ca
1301 1061 1503 1102 Nicostratum
1514 1086 1521 1096 .

1295 1111 1428 1148 Sanetus
1441 1113 1629 1155 Cyprianus
1652 1112 1715 1147 suit
1732 1109 1751 1145 ὲ
1762 1110 1946 1158 Neophyto
1957 1111 2137 1149 ordinatus·

1248 1161 1428 1205 Episcopus
1444 1185 1452 1193 .
1476 1161 1606 1197 Primus
1616 1162 1702 1205 apud
1713 1162 1812 1196 Afros
1822 1188 1830 1195 .
1846 1163 1949 1198 Haud
1962 1162 2060 1197 dubie
2075 1174 2130 1205 per

1247 1210 1409 1244 Divinam
1423 1210 1672 1253 inspirationem
1687 1235 1695 1242 .
1723 1211 1765 1245 Et
1774 1223 1854 1245 mox
1875 1213 1916 1247 ad
1928 1213 1996 1257 ejus
2005 1213 2137 1248 Tribuv

1247 1259 1301 1293 nal
1323 1259 1540 1303 proclamatus
1562 1260 1625 1293 fuit
1647 1259 1801 1292 Novatus
1827 1260 2007 1304 Episcopus
2019 1285 2030 1302 ,
2054 1272 2130 1297 reus

1245 1308 1421 1343 criminum
1434 1333 1442 1342 .
1472 1308 1515 1355 Ες
1539 1309 1604 1354 jam
1628 1309 1823 1345 imminebat
1843 1321 1899 1354 per
1918 1309 2129 1355 cyprianum

1244 1358 1380 1394 statutus
1395 1359 1601 1404 cognitionis
1616 1371 1653 1394 ac
1664 1359 1790 1402 Synodi
1817 1359 1887 1394 dies
1897 1385 1904 1392 .
1932 1360 1980 1394 At
1991 1360 2068 1395 ecce
2078 1361 2133 1395 su·

1246 1410 1390 1452 pervenit
1415 1409 1617 1453 persecutio,
1643 1408 1787 1454 ideoque
1808 1410 2009 1445 cessavitista
2020 1411 2130 1454 Syno-

1243 1459 1325 1500 dus,
1352 1459 1386 1495 &
1400 1461 1531 1494 Sanctus
1541 1459 1729 1504 Cyprianus
1753 1459 1816 1493 fuit
1837 1461 2027 1504 compulsus
2047 1461 2134 1495 sece-

1243 1510 1337 1543 dere.
1363 1509 1463 1543 Hanc
1484 1519 1703 1553 opportunam
1724 1509 1789 1544 suis
1812 1510 1907 1545 rebus
1928 1511 2041 1545 ansam
2058 1510 2137 1546 No*

1243 1568 1338 1593 vatus
1349 1558 1484 1603 arripuit
1497 1571 1570 1594 cum
1584 1559 1709 1604 gaudio
1724 1584 1734 1599 ,
1753 1559 1786 1593 &
1797 1570 1865 1603 quo
1877 1560 1935 1595 fibi
1945 1560 2041 1605 plene
2049 1570 2135 1595 cone

1244 1609 1358 1644 suleret
1369 1634 1379 1651 ,
1404 1609 1505 1653 coepit
1528 1611 1636 1645 Sancti
1662 1610 1822 1654 Cypriani
1836 1609 2135 1655 Episcopum-ino

1244 1661 1381 1694 vadere.
1408 1659 1571 1694 Blaterare
1581 1660 1676 1693 illum
1690 1669 1805 1693 contra
1819 1661 2052 1704 Apostolicum
2066 1660 2134 1695 Ca·

1242 1720 1367 1744 nonem
1376 1710 1439 1743 effe
1449 1710 1610 1745 intrusum
1622 1722 1663 1743 ex
1675 1708 1859 1753 Neophyto
1869 1735 1881 1750 ‚
1905 1709 2045 1755 ideoque
2057 1721 2131 1744 non

1241 1760 1304 1793 effe
1328 1760 1525 1804 Episcopum
1541 1784 1552 1800 ‚
1580 1760 1632 1794 sed
1643 1756 1791 1794 -vacuum
1807 1760 2023 1803 Episcopatus
2039 1760 2136 1794 inva-

1243 1811 1347 1845 sorem
1359 1834 1367 1842 .
1397 1811 1439 1844 Et
1453 1811 1486 1844 in
1500 1811 1567 1853 ipsa
1579 1808 1828 1855 Carthaginensi
1842 1809 2124 1844 Ecclesiainvenit

1242 1860 1385 1894 Affeclas
1399 1886 1405 1893 .
1434 1861 1471 1894 ln
1487 1861 1632 1895 inferiori
1645 1860 1746 1895 Clero
1758 1860 1871 1894 nescio
1881 1871 1979 1906 quem
1990 1857 2133 1895 Felicis«

1242 1910 1359 1943 fimum
1374 1933 1385 1950 ‚
1411 1910 1609 1953 aptissimum
1630 1911 1688 1944 suo
1711 1910 1865 1946 satellitio
1886 1935 1898 1950 ,
1923 1911 1958 1944 &
1980 1909 2128 1955 quinque
2192 1955 2195 1959 .

1239 1959 1477 2002 Presbyteros,
1504 1961 1561 2004 qui
1581 1960 1732 1994 electioni
1752 1959 1914 2004 Cypriani
1936 1961 2064 1994 fuerant
2085 1959 2128 1995 ab

1240 2010 1378 2044 exordio
1393 2011 1547 2054 refragati
1561 2034 1570 2042 .
1599 2009 1764 2045 Existimo
1776 2010 1866 2053 quod
1888 2010 1922 2044 hi
1937 2010 2039 2053 ipsum
2050 2022 2128 2045 con·

1241 2059 1406 2094 stituerint
1420 2059 1568 2094 Ecclefiae
1583 2059 1794 2094 visitatorem
1804 2083 1815 2093 .
1844 2060 1896 2096 Sic
1918 2060 1975 2093 ille
1986 2062 2129 2103 praesum-

1242 2109 1300 2152 psit
1312 2108 1545 2143 Feliciffimum
1556 2111 1744 2144 consecrare
1765 2110 1800 2143 in
1812 2110 2006 2144 Diaconum
2018 2134 2025 2142 .
2054 2110 2127 2145 Nec

1242 2157 1297 2192 hic
1317 2158 1401 2193 stetit
1417 2160 1545 2194 Novati
1566 2161 1750 2211 temeritass.
1778 2160 1911 2204 Insuper
1932 2161 1963 2194 se
1974 2171 2128 2205 purgatu-

1241 2219 1293 2244 rus
1305 2233 1316 2249 ,
1342 2211 1475 2254 unaque
1492 2211 1705 2250 accusaturus<
1717 2212 1871 2259 Saniium
1895 2210 2101 2255 cyprianum
2113 2232 2128 2251 ‚

1242 2259 1433 2302 provocavit
1454 2259 1495 2293 ad
1525 2260 1674 2292 Sanctum
1697 2256 1881 2292 Fabianum
1905 2258 2126 2296 Pontificem,

1241 2308 1274 2341 &
1285 2304 1432 2342 Romam
1445 2308 1667 2342 transfretavit
1677 2332 1685 2342 .
1712 2308 1763 2342 At
1771 2306 1847 2342 ecce
1868 2307 1997 2342 invenit
2009 2306 2126 2342 Ponti·-

1242 2357 1335 2391 ficem
1348 2356 1513 2401 Martyrio
1524 2357 1671 2394 ablatum
1680 2382 1691 2398 ,
1701 2369 1738 2391 ac
1753 2357 1919 2391 viduatam
1930 2356 2125 2392 Ecclefiam.

1242 2407 1375 2441 Interim
1409 2406 1527 2441 Roma:
1562 2408 1733 2452 permanlit
1753 2399 1941 2448 exli-&ectasis
1963 2407 2127 2442 Successo-

1241 2468 1307 2491 rem
1330 2481 1338 2488 .
1366 2455 1517 2491 Succeffit
1539 2456 1673 2492 Sanetus
1700 2455 1876 2492 Cornelius
1897 2481 1910 2497 ,
1945 2455 2126 2501 habuitque

1240 2507 1274 2543 &
1287 2506 1351 2550 ipse
1363 2506 1575 2541 Adversarios
1586 2532 1594 2540 .
1621 2507 1755 2542 Horum
1767 2517 1851 2541 unus
1861 2507 1924 2542 fuit
1938 2506 2102 2543 Evarissus
2113 2531 2125 2548 ,

1243 2554 1354 2591 nescio
1373 2554 1465 2600 cujus
1485 2554 1627 2592 civitatis
1650 2556 1831 2601 Episcopus
1852 2581 1860 2588 .
1889 2557 2024 2591 Etenim
2042 2558 2125 2593 Con·

1244 2607 1348 2641 nelius
1359 2608 1393 2641 in
1407 2606 1524 2642 litteris
1543 2606 1584 2642 ad
1596 2607 1751 2642 Sanstum
1770 2606 1975 2651 cyprianum
1986 2608 2125 2642 affirmat
2142 2614 2273 2654 Epist.43,

1243 2654 1346 2701 ipsum
1369 2657 1464 2692 fniffe
1486 2656 1659 2695 authorem
1683 2656 1848 2692 schismati
1863 2680 1875 2697 ,
1900 2657 2042 2704 ideoque
2059 2657 2078 2692 a
2093 2657 2126 2692 se

1241 2707 1452 2753 degradatum
1465 2732 1476 2750 ,
1492 2703 1532 2743 ac
1543 2707 1625 2742 Sede
1637 2708 1771 2751 eietium
1781 2732 1789 2742 .
1817 2707 1875 2742 An
1885 2708 2041 2746 Novatus
2051 2718 2125 2743 cau-

1242 2758 1307 2791 sam
1323 2758 1412 2794 suam
1437 2757 1596 2792 Cornelio
1615 2758 1822 2801 exposuerit,
1847 2756 1884 2792 ἁ
1904 2757 2001 2792 fuerit
2020 2760 2124 2801 passus

1243 2808 1403 2851 repulsam
1418 2831 1429 2848 ,
1457 2808 1580 2852 ignoro
1601 2833 1609 2843 .
1635 2806 1809 2855 Quidquid
1833 2806 1869 2839 fit
1883 2830 1895 2847 ,
1920 2807 2074 2849 adjunxit
2092 2810 2125 2842 se

1243 2858 1399 2899 faillefis,
1425 2857 1615 2902 piscandum
1638 2858 1733 2894 duxit
1749 2858 1785 2891 in
1805 2866 1889 2898 aqua
1911 2856 2062 2898 turbida,
2086 2858 2124 2904 ὃς

1242 2908 1284 2943 ad
1298 2908 1481 2943 Novatiani
1493 2909 1702 2944 intrusionem
1721 2906 1890 2941 concurrit
1909 2905 1992 2940 adeo
2011 2917 2126 2951 poten·

1243 2969 1311 3001 ter,
1339 2969 1375 2992 ut
1400 2960 1534 2995 Sanetus
1559 2958 1744 3002 Cyprianus
1765 2956 1881 2990 scribat
1907 2955 1996 2999 quod
2019 2955 2124 3001 ipsum

1243 3009 1451 3046 constituerit
1471 3009 1668 3053 Episcopum
1698 3032 1705 3039 .
1735 3005 1842 3040 Novae
1862 3016 1943 3041 tunc
1964 3029 1974 3046 ,
1999 3019 2041 3041 ex
2059 3016 2123 3052 qm

1243 3059 1381 3096 turbidae
1393 3061 1455 3093 suae
1474 3057 1664 3093 ambitionis
1680 3056 1894 3091 fundamenta
1910 3058 2061 3102 sumpsit,
2085 3058 2124 3092 in

1243 3110 1368 3153 Lapsos
1377 3108 1557 3144 clementia
1573 3107 1867 3142 Novatianusante
1880 3107 2030 3141 Cornelii
2042 3117 2122 3141 crea·

1243 3162 1368 3193 tionem
1391 3157 1533 3193 omnin&
1552 3157 1673 3192 faverat
1687 3181 1698 3198 ‚
1724 3158 1846 3191 &eum
1869 3157 1942 3191 aliis
1965 3157 2122 3191 Romanae

1243 3208 1391 3244 Ecclefiae
1410 3206 1609 3250 presbyteris
1628 3206 1867 3251 subscripserat;
1896 3206 1999 3254 Quod
2011 3207 2122 3240 Nova-

1241 3269 1292 3294 tus
1307 3258 1410 3302 ipsum
1424 3256 1442 3290 a
1455 3257 1551 3301 priori
1565 3259 1722 3294 sententia
1734 3270 1772 3293 ac
1784 3258 1924 3292 Ecclesia
1936 3256 2096 3291 seduxerit
2106 3280 2119 3296 ‚

1241 3307 1377 3353 probare
1403 3318 1471 3341 non
1497 3308 1644 3351 possum,
1671 3309 1729 3342 nifi
1749 3319 1791 3343 ex
1810 3305 2121 3344 libroAPontificali.

1241 3359 1335 3406 Qun
1348 3357 1389 3391 ab
1401 3357 1461 3391 illo
1471 3358 1568 3393 fuerit
1579 3370 1638 3403 pro
1648 3359 1783 3403 integro
1794 3357 1956 3400 Episcopo
1968 3355 2119 3400 agnitus,

1240 3410 1273 3445 &
1285 3408 1388 3454 plenae
1409 3404 1613 3455 purgationis
1625 3409 1831 3455 sponsionem
1842 3407 2021 3451 acceperit,
2043 3416 2119 3489 ίιὲοιι

2022 3465 2040 3489 e
