2326 3718
725 115 1011 168 Romanis
1045 111 1633 166 Apptt'tATmmB-us.

1955 133 2011 178 511

272 219 387 247 contra
402 210 553 244 Sanstum
564 205 803 246 Athanasium,
829 205 974 250 aliosque
996 203 1144 239 Orientis
1206 202 1338 245 Nempe
1361 199 1541 236 intellectus
1565 212 1641 235 cum
1655 200 1934 238 salutariclausula
1948 226 1960 243 ‚
1986 213 2084 246 quam

273 257 491 297 otthodoxos
511 258 702 298 Antistites,
727 267 789 291 nec
809 267 877 289 non
891 254 1039 290 adversus
1049 253 1144 290 Divi-

273 322 318 345 na
340 311 446 344 Sandii
469 308 557 344 Petri
569 307 721 353 Apostoli
735 306 908 350 Privilegia
922 305 1072 346 surenas,
1097 315 1134 337 va

272 359 406 394 ferrimo
440 360 550 394 studio
595 357 766 402 congestas
798 356 967 401 praesertim
999 353 1148 389 adversus

270 409 489 455 Privilegium
537 410 694 443 Romanas
740 404 982 451 Appellationis
1015 406 1028 437 ?
1075 404 1149 439 San-

271 454 343 494 stus
379 459 575 495 Athanasius
607 456 777 492 adversum
809 457 926 500 Tyria:
955 452 1084 498 Synodi
1116 454 1150 488 &

269 509 451 544 Mareotici
484 509 645 545 examinis
666 507 876 552 iniquiffimas
903 504 1036 541 technas
1055 528 1066 544 ,
1092 503 1150 538 alii

273 558 465 602 Orthodoxi
502 570 558 603 pet
588 559 765 593 Orientem·
794 555 944 601 Episcopi
978 553 1150 589 adversum

268 610 353 645 ‘alias
383 609 516 654 praefatae
537 608 704 643 Fastionis
730 608 863 651 injurias
887 604 1088 650 appellarant
1110 603 1151 637 ad

269 660 383 695 Sanffi
404 658 492 693 Petri
513 656 734 699 Cathedram,
759 659 793 693 δε
813 656 1005 691 accesserant
1028 653 1151 697 Juliutn

271 709 364 745 illius
374 708 563 743 Insefforem
575 733 582 740 .
610 709 654 742 Et
666 708 722 742 hic
733 706 898 742 factionis
910 705 1028 749 Capita
1039 715 1153 738 evoca-

272 769 324 795 rat
334 759 376 794 ad
387 761 480 793 suum
492 757 658 793 Tribunal
667 783 683 800 ,
692 755 854 791 redditura
867 757 1009 790 rationes
1020 755 1151 788 suorum

271 820 432 854 operum.
460 807 509 843 At
530 809 565 842 in
588 808 671 843 mala
682 807 774 842 causa
783 807 911 842 nullum
922 804 1051 850 prodest
1063 804 1153 849 inge-

272 860 370 895 nium
380 885 388 893 .
415 859 511 892 Hinc
522 858 574 892 isti
584 858 737 902 desperati
750 868 819 892 non
829 857 975 893 Romam
987 880 999 895 ,
1011 855 1065 889 sed
1076 865 1152 888 cum

272 910 340 944 suis
349 906 621 953 Congerronibus
629 909 846 949 processerunt
856 904 1074 940 Antiochiam
1084 928 1097 945 ‚
1119 904 1153 938 &

272 958 374 994 isthic
392 965 609 993 evomuerunt
621 956 798 990 Canonum
807 956 924 996 fucos,
948 953 1066 998 quibus
1086 964 1153 988 non

270 1007 337 1042 ‘soli
348 1004 528 1039 Athanasio
536 1016 574 1039 ac
585 1004 653 1048 ejus
664 1005 801 1050 collegis
809 1028 820 1044 ‚
846 1005 899 1040 sed
911 1003 1035 1040 cunctis
1046 1004 1110 1038 suis
1119 1004 1154 1038 in

272 1064 465 1100 perpetuum
486 1054 670 1089 adversariis
700 1054 889 1090 Romanam
912 1056 999 1089 viam
1029 1054 1156 1089 claude-

272 1114 365 1144 rent,
392 1103 608 1140 &adversum
629 1107 700 1139 suas
725 1105 903 1149 Synodales
914 1105 1158 1149 conjurationes

274 1154 495 1190 subducerent
507 1165 609 1190 omne
618 1155 777 1191 auxilium
788 1166 886 1198 atque
898 1156 1052 1191 solatium
1062 1181 1071 1188 .
1097 1153 1158 1189 Pa·

273 1214 384 1241 rarunt
395 1205 481 1240 viam
492 1204 532 1240 ad
548 1207 602 1240 sua
616 1205 788 1241 Attentata
809 1205 898 1240 Phili
904 1204 1136 1251 ppo-Politana
1148 1229 1159 1246 ,

272 1256 312 1292 in
335 1254 454 1298 quibus
475 1255 650 1300 deposuere
669 1255 790 1292 larvam
803 1281 814 1298 ,
840 1257 875 1291 &
896 1256 1035 1291 revelata
1050 1257 1160 1291 fronte

273 1305 479 1348 arietarunt,
505 1317 542 1341 ac
553 1317 693 1341 evertere
711 1306 903 1342 studuerunt
925 1307 1087 1341 Divinam
1098 1306 1161 1340 Ec·

274 1355 378 1392 clefiae
400 1353 634 1391 Monarchiam
649 1380 662 1396 ,
687 1355 910 1391 deflnIverunt
928 1357 1076 1391 Ecclefiae
1095 1356 1163 1391 Re·

273 1404 388 1452 gimen
410 1405 474 1440 esse
494 1416 536 1441 ex
547 1405 677 1440 Divino
687 1406 846 1442 Instituto
865 1406 1137 1441 Aristocraticum
1151 1429 1163 1446 ‚

272 1454 391 1501 aequali
408 1456 555 1491 mensura
579 1455 792 1491 distributum
810 1457 846 1492 in
858 1465 921 1492 tres
930 1455 1138 1492 patriarchas
1151 1479 1164 1496 ‚

273 1511 419 1550 quorum
438 1505 548 1540 nullus
566 1503 685 1540 habeat
706 1505 1140 1542 authoritateminaltemm
1153 1529 1165 1546 ‚

276 1554 313 1588 δε
332 1555 352 1588 a
373 1564 516 1596 quorum
537 1554 634 1587 nullo
656 1552 754 1596 poffit
764 1550 806 1586 ad
824 1553 962 1588 alterum
971 1548 1167 1596 provocari.

274 1603 474 1636 Romanum
492 1604 556 1635 effe
574 1602 718 1642 primum
740 1601 928 1640 sololoeo,
955 1611 1025 1635 non
1038 1602 1167 1644 jurisdi-

272 1648 408 1683 ἃὶοιιο.
434 1645 856 1690 InAntiochena-Synodo
865 1649 1045 1691 posuerunt
1067 1648 1168 1692 hujus

274 1697 416 1743 peffimae
436 1693 596 1731 machinae
608 1703 765 1740 cooperta
775 1696 1017 1732 fundamenta.-
1043 1698 1165 1733 Sanxe·

274 1758 355 1783 runt
366 1747 558 1783 damnatum
568 1746 587 1780 a
603 1746 705 1781 divisa
717 1747 752 1781 in
764 1747 886 1782 diversa
897 1748 1046 1793 suffragia
1059 1750 1165 1792 Syno-

277 1796 327 1833 do
350 1797 550 1842 Episcopum
573 1797 662 1840 posse
683 1796 868 1840 appellare,
893 1809 965 1832 non
996 1799 1141 1833 Romam
1156 1823 1167 1839 ,

275 1846 336 1882 sed
347 1847 438 1882 aliud
447 1846 551 1890 majus
562 1846 596 1881 in
610 1847 747 1882 Oriente
758 1847 948 1883 Concilium
961 1861 971 1891 ·,
998 1848 1040 1883 ab
1053 1849 1167 1883 unani—

278 1898 328 1932 mi
342 1906 451 1933 autem
472 1898 653 1932 Conventu
676 1898 841 1933 damnatis
862 1898 992 1932 nullum
1011 1900 1168 1944 superesse

278 1948 444 1994 refugium
455 1973 463 1981 .
492 1948 550 1982 Eis
560 1948 686 1982 nullam
696 1948 813 1982 restare
822 1949 1025 1984 audientiam
1034 1974 1046 1990 ,
1058 1949 1112 1984 sed
1122 1950 1169 1983 so·

279 1998 348 2033 lam
368 1999 405 2032 in
417 1998 499 2033 laica
510 1999 1001 2042 Communionepoe'nitentiam
1014 2025 1022 2032 .
1049 2000 1089 2034 ln
1109 1998 1169 2033 Ar-

276 2059 362 2083 cana
373 2046 508 2083 historia
519 2048 701 2093 Procopius
730 2048 946 2083 Caesaraeenfis
955 2050 1096 2084 affirmat
1109 2050 1169 2084 lm-

279 2109 461 2143 peratorem
481 2098 711 2143 justinianum*-
729 2099 763 2132 in
787 2099 972 2134 condendis
983 2100 1079 2135 variis
1090 2099 1171 2144 legi·

276 2143 339 2182 bus
350 2148 520 2192 respexisse
531 2149 572 2182 ad
584 2149 657 2182 lites
668 2157 741 2182 turn
756 2148 957 2191 pendentes,
985 2161 1023 2184 ac
1042 2151 1102 2183 suo
1112 2159 1169 2184 aut

276 2198 411 2232 suorum
436 2198 528 2231 lucro
548 2197 998 2242 prospexiffe:,l>rospexiffe
1028 2199 1170 2234 vistoriae

277 2245 372 2281 istius
395 2248 516 2290 partis,
541 2248 560 2281 a
587 2258 649 2291 qua
666 2245 814 2291 sperabat
834 2248 1067 2283 commodum.
1100 2248 1170 2293 Ap-

273 2295 435 2341 parebant
452 2296 539 2342 leges
560 2296 696 2340 jussae&
709 2307 865 2341 congtuae
879 2321 891 2338 ,
916 2297 1026 2332 vetum
1042 2299 1079 2332 in
1087 2298 1169 2342 ipsa-

256 2357 258 2359 ’
275 2347 352 2381 'rum
363 2346 533 2381 visceribus
546 2346 666 2381 latebat
678 2346 830 2390 peffimus
841 2348 959 2393 anguis
972 2372 980 2380 .
1003 2347 1169 2383 Istiusmo-

278 2395 315 2430 di
337 2398 411 2431 sunt
431 2397 464 2430 δε
477 2396 873 2432 AntiocheniCanones.
898 2398 994 2432 Hinc
1015 2398 1102 2442 ipsos
1113 2399 1169 2433 du-

279 2446 361 2480 dum
373 2457 443 2480 non
463 2446 530 2480 sola
551 2447 731 2487 Romana,
756 2447 811 2481 sed
833 2445 1170 2483 &omnisOrthodo-

278 2506 322 2530 xa
332 2495 480 2530 Orientis
495 2495 711 2531 Ecclefiasuit
722 2497 864 2531 aversata
879 2521 886 2529 .
910 2499 993 2532 Sunt
1003 2497 1170 2533 ambidex-

278 2546 341 2579 tri:
362 2544 662 2589 -Cothurnusaptus
673 2545 714 2580 ad
726 2554 902 2590 utrumque
915 2547 1031 2590 pedem
1042 2572 1050 2580 .
1074 2548 1169 2583 Hinc

280 2595 454 2639 postquam
479 2594 662 2630 Eusebiana
686 2594 850 2635 vafrities,
875 2596 977 2640 &ipsi
989 2598 1168 2643 congenita

278 2645 423 2689 pericula
438 2647 599 2680 cessarunt
627 2646 663 2680 in
687 2644 767 2680 orbe
790 2644 981 2682 Christiano
1000 2671 1012 2688 ,
1037 2649 1167 2694 purgari

279 2703 450 2739 coeperunt
469 2694 522 2730 isti
543 2696 720 2737 Canones‚
746 2695 900 2739 atqueita
914 2697 1011 2732 variis
1021 2698 1166 2742 placere.

278 2744 356 2780 Nec
377 2745 469 2780 enim
492 2745 596 2790 inepti
607 2747 681 2780 sunt
692 2744 733 2780 ad
757 2743 882 2780 bonum
894 2748 1006 2782 usum.
1035 2747 1168 2783 Placere

276 2794 413 2830 tandem
434 2805 604 2840 coeperunt
623 2796 724 2830 etiam
737 2794 898 2831 Romanae
914 2796 1082 2832 Ecclefiae.
1111 2797 1167 2833 Et-

278 2845 370 2880 enim
382 2845 566 2891 Dionysius
581 2845 733 2891 Exiguus
755 2845 841 2890 ipsos
852 2847 987 2882 inseruit
998 2849 1058 2882 suo
1069 2848 1166 2883 codi-

283 2896 317 2929 ci
331 2919 343 2936 ‚
368 2896 487 2940 scripto
509 2896 550 2931 ad
573 2897 666 2930 usum
678 2895 771 2930 istius
783 2896 958 2939 Ecciefiae,
981 2909 1081 2942 quem
1095 2910 1167 2934 otn-

278 2945 332 2979 nis
341 2945 460 2981 Latina
473 2946 615 2982 Ecclesia
626 2945 830 2991 pedetentim
844 2947 993 2991 probavit
1004 2957 1103 2992 atque
1110 2949 1166 2985 ad-

281 2995 380 3030 misit.

331 3043 604 3091 Qin&dudum
615 3056 733 3090 antea,
759 3046 840 3082 dum
851 3058 893 3082 ex
903 3047 1077 3093 universae,
1104 3049 1167 3085 uti-

281 3102 349 3136 que
371 3095 548 3132 Orientalis
562 3123 574 3140 ,
600 3098 748 3134 Ecclesiae
766 3098 883 3133 codice
899 3099 1035 3134 istorum
1057 3100 1165 3134 Cano-

284 3152 368 3177 num
380 3143 479 3187 aliqui
490 3147 675 3193 legerentur
685 3149 727 3184 ad
742 3147 1048 3185 Chalcedonensem
1059 3149 1166 3193 Syno-

284 3189 389 3232 dum,
415 3191 610 3236 Apostolicae
629 3198 721 3234 Sedis
743 3198 865 3244 Legati
889 3211 960 3234 non
984 3200 1162 3235 intercesse-

284 3249 362 3275 runt
373 3265 385 3282 2
405 3252 502 3284 ²t<1ue
513 3245 557 3280 ita
568 3248 832 3285 demonstrarunt
843 3260 903 3284 nec
916 3249 972 3284 sibi
983 3274 995 3291 ,
1021 3261 1083 3285 nee
1095 3250 1164 3285 Ro-

285 3291 482 3349 mam-Sedi
504 3294 590 3337 ipsos
608 3296 776 3342 displicere
798 3325 806 3332 .
833 3300 982 3334 Forsitan
1011 3311 1055 3334 ex
1084 3310 1162 3335 tunc

285 3350 379 3375 erant
399 3352 434 3375 m
454 3344 592 3387 antiquo
613 3347 725 3384 codice
745 3349 997 3385 Romanorum.
1027 3351 1072 3385 Et
1092 3351 1159 3392 qui-

289 3388 366 3426 dem
387 3389 484 3426 isthic
505 3393 567 3426 fuit
586 3395 686 3429 etiam
703 3399 825 3434 Canon
846 3399 995 3435 decimus
1004 3401 1159 3446 quintus-

389 3439 495 3484 christ.
501 3446 579 3488 Lupi
586 3449 685 3488 opera
694 3449 728 3478 T.
735 3448 815 3482 7111.

1209 253 1243 286 in
1256 252 1372 286 litteris
1383 251 1422 285 ad
1434 248 1589 286 sanetum
1600 251 1793 288 Vistriciutn
1814 252 1963 298 expressit
1984 252 2085 287 Inno-

1208 303 1335 337 centius
1361 301 1519 337 Pontifex
1534 313 1542 332 :
1566 302 1635 335 Sine
1643 303 1818 342 praejudicio
1829 307 1973 337 Romanae
1984 303 2085 335 Eccle-

1204 352 1256 394 fiae
1265 377 1277 394 ,
1303 358 1349 385 cui
1365 358 1398 386 in
1409 351 1544 386 omnibus
1565 349 1655 392 caufis
1666 350 1752 384 debet
1761 359 1927 387 reverentia
1935 353 2100 395 custodiri-h

1210 404 1248 437 ln
1270 401 1456 437 Eusebiano
1475 401 1568 437 sensu
1594 410 1663 436 erat
1684 400 1895 443 nequiffimus
1918 427 1930 443 ,
1955 403 2087 439 laudata

1211 452 1354 488 clausula
1376 452 1454 488 facit
1475 454 1596 487 testum
1609 477 1617 485 .
1644 448 1772 487 verum
1793 449 1979 487 Paschasius
1988 453 2091 499 Qes·

1212 503 1318 538 nellus
1336 502 1453 547 probat
1473 503 1614 546 priorem
1636 501 1763 536 sensum
1776 524 1788 541 ,
1813 500 1848 533 &
1870 503 2092 546 tentatipsum

1213 553 1400 599 protrudere
1412 554 1448 587 in
1460 553 1669 588 Gallicanam
1693 550 1872 586 Ecclesiam
1882 576 1890 583 .

1263 604 1451 639 Redeamus
1471 603 1512 638 ad
1534 604 1689 645 quintum
1711 601 1886 636 Nieaenum
1898 599 2093 636 Canonem.

1215 654 1395 688 Videamus
1407 665 1449 689 an
1466 654 1522 689 ille
1536 654 1720 698 permissam
1731 651 1892 687 damnatis
1904 650 2042 686 Clericis
2055 664 2094 686 ac

1215 704 1322 739 Laicis
1336 704 1377 738 ad
1389 706 1449 738 suae
1459 704 1647 740 Provinciae
1658 700 1823 737 Tribunal
1841 701 2095 746 appellationem

1215 753 1294 789 velit
1317 756 1379 790 effe
1400 754 1671 789 inconcussam&
1683 754 1856 792 ultimam,
1881 752 2023 796 ideoque
2042 762 2098 785 ne-

1215 814 1271 849 get
1290 805 1426 839 ulterius
1451 803 1647 848 procedet-e,
1673 815 1742 838 non
1765 801 1975 838 solummodo
1984 802 2027 837 ad
2039 801 2099 836 Pa-

1215 851 1386 889 triarcham
1399 879 1410 895 ‚
1436 854 1489 890 sed
1510 854 1610 890 etiam
1633 854 1674 888 ad
1688 853 1879 888 Romanam
1897 853 2097 888 Ecclesiam.

1215 903 1345 939 Partem
1366 904 1729 941 affirmativamtenuit
1751 902 1969 938 Antiochena
1992 903 2100 946 Syno-

1215 952 1274 988 dus
1284 981 1292 988 .
1310 955 1393 990 Item
1404 956 1538 992 erratica
1549 954 1703 1000 synodus
1717 952 1845 988 Aurelii
1858 952 2102 998 Carthaginen-

1217 1004 1256 1037 sis
1275 1027 1282 1035 .
1309 1003 1355 1037 Et
1380 1004 1451 1046 ipsis
1488 1003 1630 1040 adhaeret
1665 1002 1851 1040 Paschasius
1880 1002 2080 1053 Qesnellus
2091 1026 2100 1034 .

1217 1053 1402 1101 Qousque
1412 1050 1567 1088 Aurelius
1577 1055 1662 1089 intra
1674 1054 1840 1089 Africanae
1850 1077 1862 1094 ‚
1886 1065 1955 1098 quae
1966 1052 2099 1087 inferio-

1218 1104 1245 1137 ri
1267 1102 1367 1137 Clero
1377 1103 1567 1139 Romanam
1579 1100 1861 1145 -Appellationem
1871 1114 2040 1147 nunquam
2052 1103 2105 1137 ina'

1219 1153 1380 1196 dulserat,
1407 1152 1657 1188 consuetudinis
1682 1151 1906 1188 defensionem
1930 1152 2104 1192 constitit,

1221 1200 1377 1251 generose
1399 1204 1455 1247 ipsi
1480 1202 1702 1241 adhaesemnt,
1729 1201 1898 1244 ipsumque
1919 1214 1960 1235 ex
1979 1205 2106 1244 pestote

1222 1253 1416 1297 adjuverunt
1427 1255 1561 1288 SancSIus
1573 1251 1781 1301 Augustinus
1790 1276 1802 1294 ,
1815 1252 1948 1286 Saucius
1961 1250 2107 1293 Alipius,

1218 1305 1359 1342 §maus
1369 1302 1528 1339 Poffidius
1542 1328 1553 1344 ,
1580 1303 1704 1345 aliiqtte
1713 1301 1864 1337 meliores
1883 1302 2109 1336 ate-familiares

1225 1353 1378 1399 Episcopi
1398 1379 1407 1387 .
1435 1354 1568 1389 Etenim
1602 1352 1809 1388 rationabilis
1839 1352 1874 1387 ἀ
1897 1353 1982 1386 avita
2004 1352 2107 1386 totius

1223 1406 1334 1450 gentis
1343 1405 1548 1439 consuetudo
1558 1402 1725 1448 Justiffime
1735 1413 1862 1447 poterat
1873 1402 2007 1441 defendi
2020 1427 2027 1434 .
2046 1401 2109 1436 Ast

1225 1455 1284 1489 ubi
1296 1454 1452 1489 Aurelius
1466 1455 1636 1489 Romanas
1645 1454 1746 1489 etiam
1758 1454 1996 1497 Episcoporum
2006 1452 2112 1495 appel·-

1227 1506 1368 1540 lationes
1379 1506 1478 1550 coepit
1488 1505 1644 1540 invadere
1655 1529 1667 1546 ,
1692 1505 1728 1540 δα
1739 1505 1773 1538 in
1791 1503 2000 1538 immobilem
2013 1500 2111 1545 hujus

1227 1556 1427 1597 Apostolicae
1437 1556 1607 1600 dignitatis
1617 1554 1746 1589 Petram
1757 1554 1875 1589 infelix
1885 1563 1984 1599 caput
1994 1553 2038 1587 im
2043 1553 2114 1596 pin·

1227 1613 1324 1647 gere,
1350 1604 1474 1637 laudati
1498 1604 1653 1647 Episcopi
1675 1614 1877 1637 retraxerunt
1901 1615 2019 1637 manus
2039 1627 2050 1642 ,
2077 1602 2112 1635 δε

1227 1654 1348 1684 Sancto
1359 1652 1458 1686 Petro
1472 1653 1659 1686 manserunt
1670 1651 1843 1686 fideliffimi
1860 1677 1867 1684 .
1893 1653 2023 1686 Lucent
2043 1650 2118 1684 haec-

1227 1710 1269 1732 ex
1294 1698 1402 1732 SanCti
1429 1697 1611 1742 Augustini
1634 1699 1772 1740 epistola
1801 1722 1812 1738 ‚
1838 1711 1937 1742 quam
1957 1700 1998 1734 de
2018 1702 2114 1734 causa

1230 1747 1374 1782 Antonii
1399 1747 1591 1782 Fuffalenfis
1615 1747 1770 1791 Episcopi
1796 1749 1913 1792 scripsit
1925 1748 1966 1783 ad
1984 1750 2118 1791 Celesti-

1229 1808 1311 1833 num
1321 1797 1529 1832 Pontificem.
1558 1798 1602 1831 Et
1615 1796 1682 1832 haec
1694 1796 1900 1832 laudatorum
1913 1798 2114 1833 Antistitum

1229 1848 1247 1881 a
1256 1849 1314 1883 suo
1326 1849 1449 1891 semper
1458 1847 1665 1882 dilectiffimo
1677 1846 1816 1882 Aurelio
1828 1848 1973 1883 Primate
1984 1849 2116 1884 secessio

1229 1899 1455 1939 demonstrat,
1480 1909 1519 1932 ac
1543 1896 1692 1933 altissime
1716 1898 1835 1933 clamat
1858 1899 1917 1933 ista
1938 1899 2006 1942 ejus
2030 1900 2116 1934 Asta

1229 1949 1325 1983 fuiffe
1341 1948 1437 1984 devia
1459 1958 1557 1992 atque
1578 1949 1832 1992 praevaricatoria
1846 1973 1853 1981 .
1881 1949 2029 1983 Fuerunt
2042 1962 2116 1994 prae·

1230 1999 1421 2034 varicatoria
1441 2000 1549 2044 quinti
1574 1999 1702 2034 Nicaeni
1728 1999 1877 2034 Canonis
1898 2024 1905 2031 .
1932 2000 2004 2034 Hic
2024 2001 2116 2035 enim

1230 2050 1330 2084 etiam
1351 2049 1490 2084 Clericis
1513 2049 1669 2084 &Laicis
1692 2049 1834 2084 omnino
1845 2050 2005 2094 permittit
2024 2050 2041 2084 a
2056 2052 2116 2085 suae

1231 2111 1365 2143 quoque
1393 2099 1577 2135 Provinciae
1599 2101 1760 2143 Synodo,
1791 2101 1813 2134 si
1835 2102 1951 2145 iniquo
1961 2101 2116 2145 Episcopi

1234 2149 1364 2192 Judicio
1387 2150 1611 2195 gratificetur,
1638 2151 1811 2194 procedere
1830 2151 1865 2184 &
1878 2162 2054 2195 provocare
2074 2151 2118 2186 ad

1231 2197 1430 2234 Cathedram
1445 2199 1635 2234 Romanam
1648 2224 1656 2232 .
1685 2200 1810 2235 Diserte
1830 2201 1895 2236 hoc
1913 2202 2065 2236 asseverat
2079 2203 2117 2235 in

1230 2248 1348 2282 litteris
1359 2248 1400 2283 ad
1413 2249 1662 2285 Antiochenam
1676 2249 1849 2294 synodum
1867 2252 2003 2285 Sanctus
2013 2252 2117 2294 Julius

1231 2298 1411 2332 Pontifex:
1435 2300 1501 2342 ‚Qui
1523 2299 1596 2334 bend
1615 2299 1752 2342 sentiunt
1773 2303 1810 2335 de
1830 2306 1870 2335 iis
1891 2313 1959 2344 quae
1969 2310 2118 2345 egerunt,

1228 2349 1263 2382 <v
1272 2353 1306 2380 in
1313 2348 1419 2391 quibus
1428 2348 1484 2391 ipſs
1483 2352 1516 2393 J
1518 2351 1614 2383 udices
1620 2349 1709 2391 fuere
1718 2375 1728 2390 ,
1759 2351 2116 2395 nonindignanterfnre

1223 2397 1339 2441 fhlent,
1359 2397 1473 2442 siquod
1481 2400 1521 2433 ab
1530 2399 1776 2442 ipfiJJ'udlcatum
1798 2399 1836 2441 est
1846 2423 1858 2440 ,
1883 2401 1922 2435 ab
1936 2402 2008 2436 alm
2026 2412 2116 2437 excu-

1229 2453 1323 2482 tiatur
1333 2473 1341 2481 .
1370 2452 1490 2492 ,Quippe
1500 2448 1716 2493 quisecurlfint
1727 2477 1739 2493 ,
1764 2464 1801 2485 ea
1813 2463 1880 2494 quae
1903 2451 2051 2493 ipfijnstae
2064 2455 2116 2494 ju-

1228 2499 1428 2538 dicaverunt,
1455 2499 1566 2539 injusta
1586 2511 1740 2540 nunquam
1760 2502 1829 2542 fieri
1843 2501 1936 2544 pff=
1965 2504 2116 2546 ‚Quocirca

1230 2546 1368 2590 Episcopi
1381 2571 1393 2587 ‚
1418 2553 1451 2580 in
1463 2558 1575 2590 magna
1585 2550 1605 2581 5
1600 2550 1695 2586 ‚nodo
1710 2550 1828 2583 Ntcae'ae
1840 2558 2007 2595 congregati
2017 2577 2029 2592 ,
2052 2564 2113 2587 non

1220 2597 1284 2638 fine
1297 2601 1352 2645 Dei
1372 2596 1482 2639 consilio
1501 2596 1703 2640 permiserunt
1719 2605 1831 2640 prlon's
1856 2602 1960 2639 synodi
1980 2602 2058 2638 Ma
2079 2606 2115 2637 in

1228 2649 1288 2681 alia
1299 2649 1406 2686 synodo
1414 2652 1604 2688 examinari,
1629 2656 1664 2681 ut
1675 2649 1710 2682 θ
1721 2649 1770 2682 illi
1782 2673 1794 2690 ‚
1817 2655 1868 2693 qu}
1870 2652 1990 2691 judices
2000 2661 2090 2686 etant
2099 2675 2114 2693 ‚

1223 2706 1291 2741 prae
1303 2698 1391 2731 ocules
1401 2697 1542 2731 babentes
1549 2696 1708 2740 secundum
1720 2700 1755 2732 de
1766 2710 1802 2734 ea
1824 2698 1891 2742 ipsa
1912 2713 1944 2735 re
1946 2705 1981 2746 J
1981 2703 2113 2736 adiciunt

1220 2748 1379 2790 futurum,
1405 2759 1471 2781 cum
1481 2753 1560 2781 omm'
1570 2748 1727 2792 diligentia
1745 2748 1865 2793 causam
1887 2753 2111 2794 expenderent,

1227 2800 1262 2832 ό·
1271 2799 1315 2831 mr
1326 2803 1377 2841 qui
1392 2796 1573 2842 semmtiam
1585 2807 1755 2840 acceperant
1767 2824 1779 2841 ,
1803 2804 1879 2834 cerea
1889 2801 2107 2846 cognoscerent,

1222 2847 1255 2891 se
1267 2859 1323 2881 non
1330 2857 1387 2891 per
1391 2848 1573 2890 simultatem
1591 2854 1723 2891 priorum
1726 2852 1895 2895 Judlcum‚
1919 2850 1977 2894 sed
1979 2855 2051 2893 jure
2073 2864 2108 2886 ac

1226 2904 1327 2931 merito
1339 2900 1541 2932 condemnatos
1555 2899 1605 2942 effe
1614 2923 1622 2932 .
1649 2900 1741 2942 ,Quod
1753 2899 1784 2941 fi
1791 2900 1952 2945 Isthsmodl
1962 2900 2109 2944 consuetu-

1227 2949 1264 2981 do
1273 2949 1340 2981 olim
1343 2948 1411 2990 fuit
1422 2973 1432 2989 ,
1458 2947 1576 2992 eiusque
1585 2955 1723 2983 memoria
1741 2957 1887 2983 renovata
1898 2950 1935 2990 est
1947 2974 1958 2990 ,
1984 2954 2018 2985 (τ
2030 2954 2105 2985 Scri-

1222 3006 1274 3041 pto
1282 3000 1407 3041 prodita
1425 3005 1458 3032 in
1468 3011 1581 3043 magna
1590 3000 1699 3038 synodo
1709 3023 1720 3039 ,
1747 3009 1868 3042 eamque
1878 3001 1966 3042 apud
1980 3012 2036 3035 vos
2048 3013 2104 3037 va-

1225 3050 1282 3083 lere
1302 3047 1464 3090 nonfinltis
1475 3073 1485 3089 ‚
1497 3060 1558 3082 rem
1567 3048 1699 3091 profedd
1708 3050 1879 3083 indecoram
1884 3049 1992 3091 facitis
2005 3076 2011 3084 .
2040 3055 2104 3085 Μο-

1225 3111 1287 3133 rem
1299 3104 1378 3132 enim
1390 3124 1401 3141 ,
1427 3105 1480 3142 qui
1485 3098 1580 3142 semel
1596 3104 1630 3132 in
1637 3098 1764 3141 Ecclefia
1776 3099 1919 3141 obtinuit,
1948 3103 1982 3135 (ν
1993 3103 2101 3140 &Syno-

1224 3150 1260 3182 do
1278 3148 1466 3191 confirmatus
1487 3148 1547 3189 est,
1572 3153 1708 3192 iniquum
1731 3149 1769 3190 est
1790 3152 1809 3183 ἃ
1816 3155 1922 3191 paucis
1941 3151 2098 3195 abrogari.

1226 3199 1339 3234 Palam
1351 3199 1471 3233 disserit
1483 3197 1525 3233 de
1535 3197 1825 3242 Appellationibus
1833 3201 1872 3235 ad
1883 3200 1998 3235 Sedem
2009 3202 2101 3246 Apo-

1225 3250 1373 3284 ssolicam
1389 3273 1396 3280 .
1421 3246 1506 3293 Agit
1518 3248 1615 3286 mian
1624 3247 1675 3282 ‘de
1686 3249 1840 3284 Romana
1864 3249 2100 3295 Appellatione

1224 3300 1332 3334 Sanffi
1343 3297 1509 3333 Athanasii
1521 3323 1533 3339 ‚
1558 3298 1668 3335 sancii
1681 3299 1773 3334 Pauli
1787 3300 2100 3346 Constantinopoli·-

1224 3352 1293 3385 tani
1315 3374 1327 3391 ,
1351 3348 1498 3382 Marcelli
1527 3347 1724 3392 Ancyrani,
1753 3349 1901 3394 Asclepae
1923 3352 2097 3392 Gazenfis,

1221 3399 1404 3438 &aliorum
1419 3398 1653 3443 Episcoporum
1682 3400 1906 3436 Orientalium
1926 3427 1934 3434 .
1961 3400 2099 3435 Etaffir-

1680 3450 1709 3484 Ε
1759 3462 1782 3487 2
1982 3460 2051 3484 mat
