2326 3718
682 114 969 161 Romnurs
1006 115 1590 160 APPELLATIONIB'US.

225 200 340 246 ipsum
353 199 566 234 confirmatur
574 208 616 233 ex
629 196 763 234 istorum
776 197 1012 241 Episcoporum
1024 195 1119 229 litte-.
1146 228 1147 232 ,

231 252 275 285 ris
286 250 326 284 ad
338 249 459 292 Papam
474 248 686 285 Bonifaciurn
699 263 706 283 :
732 250 777 281 De
797 250 896 281 Primo
908 246 1105 281 Commoni-

1887 128 1980 165 261

1220 191 1297 226 Nec
1319 190 1410 225 aliud
1427 190 1503 227 Afri
1522 195 1713 237 scripserunt
1731 196 1773 233 ad
1785 196 1908 242 Papam
1917 199 2052 236 Bonifa-

1172 241 1281 278 cium.
1309 241 1446 276 Etenim
1463 240 1609 277 adductis
1629 247 1691 281 suis
1714 248 1819 283 verbis
1838 260 1919 285 mox
1942 250 2055 295 adjun-

223 299 308 342 ⁴corii
318 298 473 339 articulo,
485 299 521 332 id
527 297 565 339 est
574 322 587 343 ,
599 310 632 334 ur
642 303 765 334 Romam
774 298 862 332 liceat
874 295 1029 340 Epiftopls
1037 304 1106 338 pro-
1148 302 1149 305 ’
1171 302 1258 339 gunt
1270 307 1281 326 :
1308 295 1354 326 Et
1365 302 1443 326 nunc
1450 292 1489 329 de
1496 300 1551 325 tua
1557 292 1701 336 poscimus
1711 298 1876 334 Sanaitate
1887 323 1898 340 ,
1911 308 1947 334 ur
1955 311 2056 345 quem-

225 358 334 394 ‘vocare
347 372 358 389 ,
374 350 446 390 jam
454 356 554 391 priore
563 347 791 391 annolnfinuare
800 354 973 383 curavimus
987 372 994 379 .

222 424 240 434 ,ι
279 397 478 442 Respondeo
498 396 563 434 hoc
574 399 708 436 Interim
719 423 731 440 ,
757 400 821 433 five
832 399 966 432 Pastum
988 407 1055 431 non
1067 394 1110 429 de

226 443 434 495 Episcopalis
447 449 672 494 appellationis
683 450 775 484 fuiffe
788 446 961 485 substantia
973 469 984 487 ‚
1006 445 1060 481 sed
1070 444 1111 478 de

227 498 297 538 sola
321 523 333 539 ,
361 498 453 541 Afris
477 501 592 544 ignota
614 522 630 540 ,
650 499 756 535 forma
776 498 951 535 Sardicenfi
973 521 981 528 .
1008 495 1110 542 Qod

228 548 319 582 enim
345 546 385 583 de
395 549 453 582 ista
475 548 650 584 substantia
678 550 846 594 uunquam
866 546 1111 585 dubitaverint,

226 597 275 632 est
287 597 415 635 abunde
426 597 685 634 demonstratum
695 624 702 632 .
732 600 835 648 Quod
846 599 887 634 de
898 597 964 633 sola
977 596 1038 630 ista
1050 597 1112 629 for-

229 659 285 683 ma
298 649 395 684 fuerit
407 647 604 693 ambiguitas
613 671 624 688 ,
647 650 825 685 ostendunt
835 649 972 683 istorum
983 645 1113 689 Episco-

229 709 345 741 porum
360 708 425 732 tam
437 697 476 732 ad
490 698 700 734 Bonifaciurn
711 724 722 741 ,
738 699 837 744 quam
850 696 892 733 ad
903 695 1112 732 Caelestinum

231 746 428 782 Pontificem
441 748 573 789 litterae‚
603 749 775 792 praeserti'm
794 747 862 784 haec
880 747 998 782 verba:
1027 749 1114 778 Nam

227 806 267 831 'm
275 799 371 840 aliqui
394 806 540 840 tanquam
561 800 580 831 ci
592 801 663 833 Tuae
674 799 854 833 Sanffltatls
867 801 977 832 Latere
991 802 1115 829 mittan·

227 843 300 888 tur,
326 849 410 881 nulla
430 855 604 882 invenimus
635 852 762 884 Parrum
786 850 896 889 synodo
917 846 1112 887 constitutum.

230 896 304 944 Qi
317 898 433 941 nempe
445 910 498 942 per
508 899 712 934 Pontificem
726 899 881 944 delegatae
893 896 934 931 ad
947 895 1115 931 retractan—

231 948 308 981 dam
321 949 447 982 causam
471 947 610 991 Synodo
629 947 813 991 praefideant
828 970 838 986 ,
865 945 942 981 &in
955 942 1112 989 synodali

233 1008 334 1039 opere
356 997 500 1032 habeant
523 997 778 1041 Praerogativam
797 997 894 1040 atque
916 995 1116 1031 Primatum.

234 1045 338 1080 Tales
360 1046 560 1088 Apostolicae
580 1048 671 1080 Sedis
694 1048 838 1091 Legatos
851 1045 927 1080 Afri
948 1054 1118 1088 nunquam

234 1092 411 1140 viderant:
438 1095 485 1128 At
510 1094 709 1139 ignorabant
729 1095 858 1140 probari
878 1107 934 1140 per
943 1095 1098 1130 Canones
1111 1118 1118 1125 .

222 1141 467 1186 -Nihilominus
487 1143 632 1188 stipulati
646 1147 718 1180 sunt
728 1158 863 1181 omnem
875 1146 1052 1180 canonem
1065 1155 1120 1188 per

230 1192 369 1227 Interim
384 1193 571 1230 observare.
600 1195 669 1230 Uti
693 1195 794 1232 hodie
814 1198 892 1231 novi
905 1194 1120 1239 Dogmatistae

231 1245 368 1278 censent
390 1245 646 1280 retraetatorium
668 1246 929 1290 appellationum
948 1246 1121 1289 Episcopa-

231 1293 316 1327 lium
338 1292 503 1337 Iudicium
528 1306 597 1330 non
620 1298 707 1339 poste
722 1297 867 1334 Romam
887 1295 1041 1335 evocari,
1067 1304 1122 1328 aut

224 1342 377 1387 *exerceri
389 1355 446 1387 per
457 1345 559 1388 ipsum
573 1344 772 1382 Pontificem
785 1371 796 1387 ‚
821 1346 876 1382 sed
892 1343 967 1381 e'um
981 1344 1131 1389 obligari,

231 1391 275 1427 ad
286 1392 372 1426 istud
386 1393 604 1440 delegandum
629 1396 663 1433 in
688 1396 854 1441 partibu,s;
881 1396 926 1434 ita
945 1407 1026 1431 tunc
1037 1394 1149 1442 ²³54»

226 1442 307 1477 ‘cani
323 1443 480 1489 Episcopi
503 1444 678 1480 credebant
699 1442 784 1481 istud
798 1445 964 1490 Iudicium
987 1445 1123 1490 spectate

232 1542 289 1588 g‘ia
303 1567 314 1584 ‚
346 1542 485 1588 ideoque
496 1556 565 1580 non
586 1548 674 1591 posse
684 1547 827 1592 delegari
840 1571 852 1579 1
873 1545 1045 1591 opinandi
1055 1547 1124 1580 fun·

232 1591 387 1640 damenta
397 1594 520 1630 adduxi
533 1595 691 1640 superius.
719 1595 775 1632 Ad
798 1597 896 1641 istam
909 1597 1029 1642 igitur,
1047 1606 1122 1634 ⁴om-

1171 343 1332 378 admodum
1351 354 1388 377 ea
1397 344 1483 385 apud
1507 346 1648 377 Nicaeam
1656 347 1677 378 ἃ
1690 348 1831 382 Patribus
1842 350 1911 384 aaa
1923 352 1976 386 vel
1985 362 2056 385 con-

1168 393 1271 434 stituta
1287 392 1378 436 sunt,
1399 392 1439 435 fic
1456 405 1491 427 ea
1504 395 1529 429 ἃ
1550 393 1634 427 nobis
1650 394 1756 435 facias
1775 398 1908 439 custodiri
1922 423 1934 440 ,
1959 402 1995 435 <9
2013 400 2057 434 tbi

1173 446 1256 488 apud
1267 455 1321 478 vos
1332 443 1385 484 ista
1395 468 1406 485 ‚
1433 455 1502 488 quae
1511 449 1546 478 in
1555 448 1780 478 commonitorio
1798 450 1960 483 attulerunt
1972 474 1983 491 ,
1999 450 2059 494 fa.

1173 501 1235 529 cias
1257 500 1408 535 exerceri,
1431 497 1470 529 id
1487 494 1526 535 est
1540 518 1551 535 ,
1574 493 1603 538 fi
1611 493 1776 538 Episcopus
1785 496 1932 540 accusatus
1937 500 2035 541 fuerit
2045 525 2059 543 ‚

1174 547 1228 580 &a
1258 544 1442 579 Adducunt
1473 555 1582 580 totum
1617 543 1835 580 Sardicensem
1869 547 2039 583 canonem
2050 574 2060 583 .

1177 596 1220 629 Et
1232 594 1438 630 concludunt
1450 607 1457 628 :
1483 598 1553 628 Haec
1564 600 1665 637 utique
1675 594 1764 638 usque
1773 598 1818 630 ad
1824 597 1993 631 adventum
2010 611 2063 635 ve-

1177 646 1344 685 riffimorum
1356 646 1571 687 exemplarium
1592 648 1850 680 Nicaenic'onciin
1871 645 2064 689 insertasunr

1178 695 1271 736 Gestis
1282 719 1290 727 .
1314 694 1481 739 ,Quaefiibl
1491 717 1504 736 ,
1529 697 1774 738 quemadmodum
1786 695 1848 740 ipfii
1858 721 1871 740 ,
1889 698 1972 739 quod
1982 698 2068 740 apud

1179 756 1230 778 nos
1256 749 1383 779 Fratres
1404 756 1442 779 ex
1455 744 1611 787 Apostollca
1621 748 1695 779 Sede
1709 746 1815 781 ditem
1833 746 2068 793 allegaverunt,

1179 796 1404 828 commonitorio
1414 800 1603 829 continentur
1610 819 1621 836 ‚
1647 807 1733 838 eoque
1745 797 1848 830 ordine
1858 795 1911 831 vel
1919 799 2004 840 apud
2012 808 2068 831 vos

1180 851 1212 878 in
1224 847 1315 878 ltalia
1335 845 1553 887 custodiantur,
1579 846 1659 880 nullo
1678 847 1762 879 modo
1773 857 1826 879 nos
1843 847 1921 881 talla
1931 869 1944 887 ,
1966 847 2071 893 qualia

1180 904 1401 929 commemorata
1415 897 1487 940 jam
1509 895 1666 941 nolumus,
1694 897 1748 930 vel
1766 896 1891 932 tolerare
1911 907 2071 940 cogemur,

1176 944 1233 986 sed
1253 947 1403 979 credimus
1414 947 1586 987 adjuvante
1607 944 1808 989 mffedcordia
1818 948 1937 981 Domini
1951 950 2011 982 Dei
2022 958 2074 987 mi·-¹

1173 993 1230 1034 stri
1238 1019 1249 1035 ,
1273 996 1354 1037 quod
1363 1005 1416 1028 tua
1427 999 1446 1029 5
1448 997 1594 1030 animate
1605 1000 1750 1031 Romanae
1767 996 1902 1039 Ecclefiae
1908 995 2071 1039 praefiden-

1181 1052 1212 1076 te
1225 1066 1237 1084 ,
1263 1056 1320 1077 non
1335 1044 1426 1087 fimus
1439 1047 1510 1087 jam
1530 1046 1649 1089 typhum
1661 1046 1895 1094 istumpaffuri...
1912 1046 2074 1082 Zozimus

1180 1092 1222 1128 ab
1234 1091 1325 1128 Afris
1335 1094 1553 1138 postulaverat
1563 1095 1630 1131 duo
1641 1121 1649 1129 .
1678 1097 1795 1132 Primo
1804 1122 1816 1140 ,
1842 1093 1879 1132 u't
1893 1096 2074 1142 Episcopo·

1181 1154 1253 1177 rum
1277 1144 1513 1187 appellationes
1532 1146 1687 1190 deinceps
1699 1146 1914 1193 fierentjuxta
1931 1148 2077 1184 formam

1181 1193 1405 1229 Sardiceusem
1417 1220 1426 1228 .
1448 1194 1582 1230 Deinde
1594 1205 1632 1229 ut
1646 1196 1806 1230 retraetari
1817 1207 1872 1241 per
1883 1198 2078 1232 Romanam

1184 1243 1362 1279 Ecclefiam
1373 1244 1492 1288 Judicii
1502 1243 1657 1280 executio
1668 1243 1761 1279 fieret
1771 1255 1812 1279 eo
1825 1246 1929 1281 modo
1943 1246 1978 1280 in
1989 1246 2078 1281 Afri-

1181 1306 1242 1336 ca,
1267 1305 1337 1336 quo
1359 1293 1457 1330 fiebat
1480 1294 1515 1328 in
1532 1294 1647 1332 Italia.
1675 1293 1809 1339 Nempe
1833 1294 1914 1329 dum
1927 1305 2078 1339 prompta

1156 1378 1164 1385 ,
1184 1355 1252 1379 non
1274 1343 1467 1388 sequebatur
1487 1343 1699 1384 obedientia,
1729 1344 1819 1379 fieret
1827 1355 1884 1387 per
1894 1345 2081 1380 violentam

1184 1394 1468 1437 compulsionem,
1492 1405 1590 1439 quam
1614 1394 1690 1428 Afri
1712 1393 1869 1429 dicebant
1886 1396 1948 1428 erle
1960 1394 2082 1436 typhum

1177 1444 1300 1493 sat-alr.
1329 1445 1372 1479 Et
1388 1442 1537 1489 'primum
1557 1445 1657 1489 usque
1676 1444 1719 1479 ad
1743 1444 1959 1482 Nicaenorum
1971 1444 2084 1480 Cano.

1187 1544 1360 1593 articulum
1381 1545 1455 1580 sunt
1466 1546 1560 1580 omni
1571 1545 1674 1580 modo
1684 1545 1819 1581 aversati
1832 1569 1841 1580 .
1867 1545 1952 1593 Qae
1964 1545 2083 1589 omnia.

1187 1594 1252 1634 alte
1263 1595 1405 1630 clamant
1415 1595 1481 1631 hoe
1493 1600 1620 1632 Interim
1629 1596 1724 1630 fuiffe
1739 1605 1809 1629 non
1821 1594 1863 1630 de
1874 1595 2082 1639 Episcopalis

232 1650 377 1686 nemque
401 1644 501 1679 aliam
530 1646 752 1681 sardicensem
780 1642 923 1683 formam
946 1647 982 1680 in
1009 1645 1124 1680 Africa

228 1692 449 1742 plantandam
470 1695 630 1732 Zozimus
652 1697 937 1735 transmisitetiam
949 1691 1125 1733 Canonet‘n

231 1743 276 1778 de
286 1742 527 1789 Episcoporum
540 1746 816 1794 appellationibus
826 1773 835 1785 .
1135 1759 1148 1782 r·

1186 1645 1414 1693 appellationis
1423 1645 1599 1684 substantia
1608 1670 1620 1691 ,
1647 1645 1702 1683 sed
1716 1645 1888 1682 dumtaxat
1899 1644 1942 1681 de
1963 1643 2082 1682 ordine

231 1491 276 1527 a‘d
289 1494 469 1537 personalia
480 1496 588 1530 Saneti
600 1496 690 1531 Petri
709 1498 742 1531 ἀ
755 1497 976 1534 δυεεείῖοτυῐη
995 1495 1123 1540 privile·
1189 1506 1269 1535 num
1277 1493 1457 1531 adventum
1469 1496 1594 1530 servare
1604 1490 1854 1540 spoponderunt
1865 1519 1878 1538 ,
1898 1494 2083 1530 secundum

1130 1491 1149 1756 1
1186 1697 1221 1735 ἀ
1232 1695 1335 1734 modo
1347 1720 1356 1730 .
1390 1728 1393 1729 γ

580 1961 1171 2017 ςΑΡιΤυιυΜ
1242 1963 1803 2043 QULNTUM.r

224 2103 231 2108 ”
328 2099 535 2150 Austinus
571 2099 836 2168 Episcopus,
874 2106 1063 2164 Legatus
1099 2100 1300 2149 Ecclefiae
1334 2105 1546 2150 Romanae
1563 2137 1577 2161 ,
1611 2101 1765 2150 dixit:
1803 2104 1904 2150 Nec
1939 2102 2079 2153 vestra

232 2101 326 2239 F
364 2173 576 2220 Sanctitas
625 2169 880 2240 praejudicat
928 2169 1135 2221 Ecclefiae
1185 2174 1397 2221 Romanae
1422 2208 1439 2231 ,
1487 2171 1573 2221 five
1620 2170 1676 2220 de
1712 2172 1795 2220 hoc
1833 2173 2079 2239 Capitulo‚

226 2240 321 2291 five
354 2239 410 2289 de
445 2241 544 2289 aliis
573 2276 587 2300 ,
622 2243 730 2307 quia
763 2241 911 2291 dicere
946 2241 1152 2304 dignatus
1187 2240 1248 2290 est
1285 2243 1434 2290 Frater
1470 2241 1611 2290 noster
1667 2245 1711 2290 δε
1746 2241 2079 2311 Co-Episcopus

233 2310 410 2377 Alipius
446 2308 606 2359 dubios
640 2307 722 2359 effe
758 2316 990 2360 Canones.
1028 2309 1113 2360 Sed
1149 2310 1241 2359 haec
1268 2309 1360 2378 ipsa
1385 2310 1442 2359 ad
1473 2316 1673 2362 &mestum
1711 2315 1754 2360 δε
1783 2311 2077 2364 Beatissimum

233 2382 404 2446 Papam
438 2380 633 2428 nostrum
669 2378 851 2431 scribere
885 2381 1166 2444 dignemini,
1215 2395 1265 2429 ut
1319 2384 1363 2430 &
1399 2379 1490 2448 ipse
1540 2383 1736 2444 integros
1769 2387 1975 2433 Canones
2011 2385 2077 2433 in-

232 2452 413 2517 quirens
435 2486 449 2510 ,
484 2464 585 2499 cum
621 2449 759 2499 vestra
794 2454 1034 2500 Sanctitate
1070 2450 1128 2500 de
1162 2449 1367 2500 omnibus
1403 2450 1668 2499 Constitutis
1705 2456 1885 2500 traciare
1921 2453 2075 2519 poffit.

236 2519 407 2570 Sufficit
443 2536 589 2569 autem
619 2557 632 2582 ‚
669 2535 718 2569 ut
754 2519 843 2589 ipse
878 2519 1147 2570 Beatiffimus
1182 2517 1418 2588 Episcopus
1454 2520 1588 2571 Urbis
1624 2524 1776 2570 Romae
1803 2557 1817 2581 ,
1853 2521 1966 2571 ficut
2000 2540 2077 2574 ve·-

233 2589 320 2644 stra
356 2594 572 2640 Sanctitas
608 2589 725 2658 apud
774 2589 814 2640 se
849 2596 1004 2641 traetat
1032 2627 1045 2651 ,
1096 2593 1160 2640 ita
1197 2588 1287 2657 ipse
1321 2593 1514 2658 inquirat
1539 2628 1552 2653 ,
1603 2608 1658 2640 ne
1692 2594 1922 2641 contentio
1957 2595 2076 2642 inter

233 2660 447 2712 Ecclefias
483 2660 603 2711 nasci
639 2660 843 2712 videatur
871 2699 885 2723 ‚
919 2660 992 2711 sed
1027 2663 1166 2724 magis
1200 2661 1414 2711 charitate
1450 2661 1636 2711 fraterna
1670 2660 1911 2712 deliberare
1947 2662 2075 2729 poffi-

203 2728 207 2730 ’
235 2733 295 2785 tis
319 2768 333 2793 ,
370 2730 466 2799 ipso
499 2728 759 2782 rescribente
786 2769 800 2793 ,
834 2731 944 2800 quid
979 2733 1134 2781 melius
1167 2728 1383 2782 observari
1419 2731 1575 2781 debeat
1604 2769 1616 2779 .
1651 2733 1854 2782 Aurelius
1891 2736 2074 2801 Episco-

234 2819 317 2875 pus
349 2801 464 2851 dixit
494 2822 506 2852 :
541 2806 699 2852 Praeter
733 2802 812 2851 ista
836 2840 850 2865 ,
884 2820 981 2871 quae
1015 2801 1286 2871 promisimus
1320 2805 1442 2852 Affis
1469 2839 1482 2863 ,
1518 2799 1679 2855 neceffe
1715 2803 1777 2852 est
1811 2819 1861 2853 ut
1895 2806 2074 2853 etiam-¹

237 2872 388 2923 nostrae
421 2874 658 2923 Parilitatis
693 2873 850 2923 litteris
876 2909 890 2935 ‚
931 2878 1086 2923 Sancito
1121 2874 1260 2921 Fratri
1297 2877 1339 2922 δε
1376 2871 1723 2923 Con-Sacerdoti
1759 2873 1904 2923 nostro
1939 2874 2072 2923 Boni-

237 2939 357 2990 facio
390 2942 552 3005 singula
571 2980 585 3005 ,
621 2961 718 3011 quae
752 2948 1007 3004 tractamus,
1041 2942 1278 3011 plenissime
1315 2945 1566 2993 intimemus
1592 2980 1605 2992 .
1644 2947 1763 3006 Ergo
1796 2942 1828 2993 fi
1864 2943 2070 2995 omnibus

239 3011 412 3129 placetd
424 3012 668 3080 prosecutio
701 3015 870 3078 nostra,
905 3032 980 3065 ore
1015 3015 1209 3064 omnium
1248 3012 1572 3063 condiscamus.
1611 3011 1872 3065 Universum
1900 3015 2067 3064 Conci-

239 3081 347 3137 lium
414 3083 533 3132 ixit:
570 3085 741 3135 Placet.
925 3096 927 3098 ’

1180 3192 1338 3230 Afrorum
1362 3193 1403 3229 de
1425 3194 1564 3231 adducto
1575 3195 1718 3230 Canone
1738 3193 1972 3230 haefitationem
1984 3193 2067 3229 vidit

1180 3245 1244 3280 effe
1265 3244 1456 3286 fundatam,
1482 3244 1623 3290 ideoque
1644 3244 1775 3280 &dixit
1799 3258 1808 3279 ι
1833 3245 1934 3286 Vestra
1957 3245 2067 3278 Sandi-

1181 3303 1230 3329 tas
1241 3307 1297 3330 non
1305 3295 1490 3339 praejudicat
1509 3298 1653 3330 Romanae
1665 3294 1800 3337 Ecclefiae
1811 3322 1819 3330 .
1848 3302 1990 3329 Attamen
2009 3298 2067 3328 Le-

1176 3351 1325 3389 gationem
1347 3346 1567 3380 adommales
1577 3344 1718 3390 Ecclefias
1740 3344 1851 3389 censuit
1873 3357 1932 3379 non
1944 3344 2065 3386 'xpedi-

1181 3406 1235 3438 νο,
1256 3396 1315 3443 sed
1333 3407 1469 3433 verorum
1482 3399 1636 3433 canutum
1659 3395 1869 3441 inquisitionem
1885 3393 2066 3476 affl-§acrem

1960 3453 2011 3475 dm

430 3195 923 3244 ὃοΗοιῐοΝ.

336 3339 479 3377 Dversus
489 3341 596 3376 San-sti
608 3341 713 3386 Alipii
732 3343 990 3382 interceffionem
1003 3344 1124 3380 Fausti·

362 3402 424 3428 nus
450 3392 596 3439 Legatus
627 3391 713 3429 nihil
737 3393 834 3431 duxit
868 3393 1124 3441 opponendum.
