2326 3718
358 150 424 210 78

267 1135 323 1169 Ille
332 1146 432 1172 autem
444 1136 576 1183 Epis'cop
597 1146 600 1151 ·
625 1157 636 1174 ‚
663 1138 717 1176 qui
719 1135 796 1175 jure
812 1135 864 1167 vel
871 1135 984 1173 injuria
992 1143 1058 1166 eum
1067 1140 1159 1175 expu-

263 1185 321 1228 sn,
348 1148 633 1231 aequo⁹aenimoffg¹e
642 1183 731 1217 deber
741 1207 754 1225 ,
780 1188 872 1218 rat-rei
882 1183 942 1226 fiat
950 1187 1136 1218 examinatio
1145 1205 1158 1222 ,

263 1237 301 1270 ib·
321 1237 373 1273 vel
394 1237 460 1280 ejus
485 1231 672 1275 confirmetur
686 1231 843 1276 sententia
861 1232 883 1274 ,’
900 1234 956 1267 vel
967 1238 1132 1281 corrigatur
1144 1257 1152 1264 .

266 1283 450 1328 Priusquam
461 1283 616 1328 diligenter
629 1307 642 1324 ‚
668 1284 704 1317 ὁ·
714 1295 754 1317 ex
759 1283 825 1325 fide
835 1283 959 1325 suerint
976 1286 1157 1317 examinata

258 1331 374 1378 fingula
388 1359 399 1375 ,
424 1339 477 1376 qui
499 1339 729 1368 communionem
750 1345 810 1367 non
830 1332 940 1375 babet,
966 1341 1042 1370 ante
1060 1335 1104 1367 rei
1113 1341 1155 1365 co-

258 1391 424 1429 gnitionem
434 1394 493 1417 non
501 1383 557 1425 fibi
566 1383 655 1418 debet
678 1388 906 1423 communionem
915 1392 1069 1426 arrogare.
1096 1380 1153 1416 Est

262 1433 442 1477 appellatio
452 1433 634 1469 admodum
647 1434 750 1469 accisa
760 1433 797 1467 &z
808 1434 971 1471 contras-la
983 1457 992 1465 .
1019 1431 1153 1467 Etenim

258 1482 409 1520 devolvit
422 1483 632 1522 solummodo
646 1508 658 1525 ‚
684 1495 754 1519 non
765 1483 931 1527 suspendit
940 1507 948 1517 .
975 1483 1021 1517 Et
1033 1482 1152 1517 Domi-

258 1541 322 1568 nus
332 1533 445 1569 Petrus
464 1533 505 1568 de
517 1533 632 1569 Marca
653 1533 726 1569 vult
736 1532 778 1567 ab
797 1534 872 1580 ipsa
883 1532 1017 1574 excludi
1028 1532 1153 1570 Roma-

255 1593 335 1622 nam
353 1583 624 1629 Appellationem
636 1607 645 1616 .

309 1634 512 1679 Respondeo
537 1633 628 1668 hunc
650 1631 830 1667 Canonem
849 1630 1046 1675 quibusdam
1067 1628 1152 1664 olim'

255 1685 454 1728 displicuisse
467 1709 475 1717 .
503 1683 640 1722 Etenim
653 1682 857 1721 Guilielmus
869 1680 1070 1722 Beveregius
1079 1700 1092 1716 ,
1117 1678 1152 1710 li—

254 1745 309 1770 cet
320 1733 559 1772 Heterodoxus
572 1754 583 1770 ,
609 1731 757 1763 eruditus
776 1738 889 1762 tamen
899 1750 911 1767 ,
937 1726 1072 1761 adducit
1083 1725 1150 1762 hoc

252 1782 325 1826 ejus
334 1782 509 1826 antiquum
531 1776 684 1819 scholion
698 1791 706 1817 ;
734 1782 790 1811 Hic
802 1781 910 1811 Canon
931 1781 1100 1815 contrarius
1110 1775 1149 1816 est

253 1831 295 1870 eis
306 1844 375 1876 quae
387 1828 460 1871 ante
476 1828 574 1874 ipsum
595 1827 670 1873 [unt
679 1853 690 1869 ‚
715 1829 750 1862 (ν
761 1827 954 1870 confufionum
974 1828 1008 1859 Θ
1014 1824 1150 1869 fianda-

257 1884 352 1919 iorum
361 1881 451 1926 causa
461 1907 468 1915 .
490 1877 637 1914 ‘clericum
656 1884 736 1913 enim
758 1878 798 1911 ab
810 1877 956 1922 Episcopo
970 1877 1150 1915 condemna·

254 1943 321 1971 eum
331 1933 488 1980 confugere
511 1932 555 1964 ad
563 1941 739 1976 communem
751 1931 1012 1969 Metropolitanum
1034 1925 1074 1967 est
1085 1936 1151 1959 con-

252 1978 432 2034 sentaneum
454 1983 489 2020 ‘ib'
508 1984 689 2037 Cafflum
715 1991 724 2022 ;
744 1976 773 2021 fi
790 1986 890 2016 autem
907 1978 1149 2018 Metropolitanus

255 2033 364 2078 praesto
375 2044 433 2067 non
453 2030 512 2072 fir,
532 2032 583 2084 gd
590 2031 683 2065 alium
704 2026 879 2072 confugere,
904 2038 1026 2071 eumque
1041 2030 1147 2060 Domi-

258 2096 331 2123 num
355 2085 389 2118 Θ
400 2084 649 2116 Examinatorem
656 2079 705 2125 sici
715 2079 857 2123 Episcopi
879 2078 1047 2119 constituere
1057 2101 1070 2119 ,
1097 2083 1149 2120 qui

255 2136 375 2173 nuliam
386 2139 504 2168 omnino
523 2139 557 2166 in
575 2143 640 2167 eum
649 2130 822 2175 potestatem
843 2128 933 2162 babet
950 2152 962 2170 ,
985 2130 1078 2172 quom
1100 2128 1151 2162 ab·

255 2184 385 2233 surdum
394 2185 434 2225 est
445 2209 457 2226 ‚
482 2185 641 2218 tumultum
665 2183 700 2216 Cr
706 2179 880 2224 seditionem
890 2189 1013 2213 movens
1023 2200 1034 2218 ‚
1060 2179 1094 2212 o·
1105 2177 1152 2214 bo·

260 2247 298 2268 no
308 2238 407 2269 ordini
427 2232 579 2278 exitiosum
591 2233 608 2265 ἓ
634 2232 740 2280 Qod
754 2231 861 2274 ipsum
883 2230 918 2262 in
933 2230 992 2262 suo
1011 2228 1053 2264 ad
1069 2228 1152 2263 fimi-

260 2285 326 2320 lem
339 2284 532 2321 Africanum
547 2285 721 2320 Canonem
736 2279 864 2315 scholio
885 2278 997 2315 scribit
1012 2278 1153 2312 Alexius

263 2335 447 2373 Aristinus.
476 2334 549 2371 Nec
562 2332 629 2365 fine
639 2331 733 2366 omni
750 2329 968 2365 fundamento
982 2352 990 2360 .
1019 2327 1153 2362 Nihilo·

262 2384 372 2419 minus
397 2393 466 2417 non
477 2382 539 2416 soli
551 2381 715 2416 Africanae
727 2404 739 2421 ‚
766 2379 818 2417 sed
830 2378 924 2414 omni
942 2375 1076 2414 tandem
1088 2378 1150 2412 Ec-

261 2435 367 2469 clefiae
381 2433 503 2468 Canon
525 2431 648 2477 placuit
670 2429 716 2465 ob
737 2430 934 2474 singularem
953 2427 1152 2472 pietatemin

261 2484 447 2527 oppressum
467 2479 716 2525 aquor-umdatn
738 2479 976 2522 Episcoporum
994 2477 1152 2512 violentia
1189 2511 1192 2515 ,

262 2535 401 2568 Clerum
424 2557 432 2564 .
458 2532 658 2574 Frequenter
684 2527 876 2573 praedicatur
897 2528 939 2561 ab
964 2528 1152 2563 Hincmaro

262 2583 444 2618 Rhemenfi
468 2606 476 2614 .
505 2580 640 2619 Etenim
659 2580 813 2623 quintum
842 2577 1017 2615 Nicaenum
1042 2577 1152 2615 Cano-

262 2645 340 2669 nem
352 2632 485 2677 ampliat
498 2642 535 2668 ac
547 2638 702 2675 prorogat
718 2628 923 2663 aProvinciae
933 2627 1072 2670 Synodo
1082 2638 1151 2663 uon

261 2682 434 2718 dumtaxat
446 2681 486 2717 ad
498 2679 768 2723 Metropolitam,
781 2678 833 2711 sed
842 2678 941 2713 etiam
951 2677 993 2712 ad
1007 2678 1152 2712 vicinum

265 2731 463 2777 quandoque
485 2726 687 2774 Episcopum
708 2753 715 2763 .
743 2728 865 2762 Clerici
886 2727 929 2764 ab
951 2729 1152 2773 Episcopalis

265 2781 490 2817 damnationis
509 2779 643 2815 vinculo
656 2777 801 2814 solvendi
814 2778 1004 2822 potestatem
1017 2801 1028 2817 ‚
1052 2778 1151 2822 quam

265 2834 403 2876 quintus
426 2831 482 2865 ille
501 2830 621 2866 Canon
644 2830 703 2866 soli
727 2828 909 2864 Provinciae
931 2826 1091 2873 Synodo‚
1117 2829 1151 2862 ἀ

267 2883 394 2918 duabus
413 2881 585 2915 dumtaxat
610 2891 664 2925 per
688 2889 811 2917 annum
824 2878 950 2916 vicibus
966 2879 1045 2913 facit
1057 2902 1069 2919 ‚
1095 2877 1151 2912 hic

266 2932 469 2968 extenditrad
481 2931 732 2974 Metropolitam
745 2954 758 2970 ,
784 2928 888 2965 immo
907 2930 942 2964 ἀ
953 2929 993 2965 ad
1007 2929 1150 2964 vicinum

269 2984 469 3027 Episcopum
482 3006 494 3022 ,
520 2983 554 3017 &
566 2980 605 3015 ad
616 2982 751 3016 cunstos
761 2980 862 3015 totius
873 2978 1032 3015 annidies
1043 3003 1052 3012 .

318 3032 464 3067 Proinde
486 3034 639 3074 quintum
658 3032 753 3067 illum
775 3031 951 3065 Canonem
967 3028 1152 3064 nullatenus

270 3080 436 3124 restringit
447 3090 503 3114 aut
512 3081 745 3118 circumscribit
759 3105 767 3114 .
794 3080 899 3127 Quod
911 3080 988 3115 vero
1015 3080 1071 3115 ille
1082 3079 1151 3113 Ro·

271 3141 384 3166 manas
409 3141 477 3163 non
502 3131 653 3166 excludat
679 3128 929 3176 Appellationes
945 3154 958 3171 ‚
981 3130 1028 3165 est
1052 3129 1151 3174 longe

271 3181 479 3216 certiffimum
493 3205 500 3211 .
528 3181 638 3214 Nemo
661 3181 693 3215 id
706 3191 850 3226 unquam
863 3180 991 3216 admisit
1007 3180 1043 3215 in
1060 3191 1150 3214 men·

271 3239 341 3265 tem
352 3254 362 3262 .
389 3229 528 3272 Joannes
541 3230 650 3266 David
662 3230 742 3267 reite
752 3231 857 3266 scribit
869 3233 932 3267 effe
943 3231 1150 3265 assertionem

271 3282 395 3316 fatuam
410 3303 417 3311 .
446 3276 681 3326 Longe'minus
701 3280 736 3314 id
760 3282 837 3316 fecit
846 3281 1036 3317 Sardicenfis
1047 3279 1149 3323 Syno-

273 3331 349 3367 dus.
380 3329 513 3364 Etenim
525 3330 590 3372 ipsa
602 3354 612 3369 ‚
634 3330 715 3366 solas
725 3331 890 3366 Romanas
902 3330 1149 3378 Appellationes

274 3382 480 3419 retractans,
507 3390 576 3412 non
602 3379 683 3412 solas
709 3378 880 3415 Athanafii
905 3393 942 3416 ac
975 3379 1149 3420 Marcelli,

272 3427 479 3474 aliorumque
502 3429 760 3474 Episcoporum,
788 3430 842 3466 scd
863 3431 990 3477 insuper
1006 3429 1149 3477 plurium

771 141 858 187 DE
893 134 1262 188 GAL'LtcANAE
1292 139 1601 191 Ecclesm

282 235 430 273 a'u‘xilio⁴
458 230 513 267 Est
525 237 619 263 atrox
630 226 663 260 in
677 226 852 270 Synodum
865 226 1066 262 contumelia
1078 251 1086 259 .
1114 226 1173 262 Et-

286 288 376 321 enim
398 279 590 319 sanetiffimi
616 277 668 312 isti
691 276 802 312 Patres
826 277 964 312 Cletum
991 279 1169 312 voluerunt

286 348 354 370 non
375 332 556 375 opprimere
578 330 662 364 intra
686 328 923 372 Episcoporum
951 339 1091 370 matam,
1117 326 1171 362 sed

283 383 447 430 peristum
460 381 637 415 Canonem
660 378 830 422 adjuvare.
856 379 1172 414 Excommunicato-

281 445 352 468 rum
373 431 647 466 absolvendorum
665 428 858 474 potestatem
874 451 887 469 ‚
911 439 1010 473 quam
1033 429 1170 464 Nicaena

279 481 434 525 Synodus
445 482 487 516 ad
500 482 673 526 Synodum
693 478 877 513 Provinciae
888 502 900 520 ,
925 480 961 514 dt
970 480 1011 515 ad
1023 479 1104 514 duas
1116 491 1172 523 per

279 544 406 568 annum
429 532 514 568 vices
540 532 742 567 restrinxerat
756 553 767 570 ,
795 528 851 575 ipfi
873 529 1032 574 ampliant
1041 528 1083 564 ad
1095 528 1170 563 vici-

279 594 339 617 nos
365 583 545 628 Episcopos
561 608 571 625 ,
599 583 635 616 δε
652 581 694 616 ad
715 590 833 615 omnes
854 580 925 616 dies
946 580 1059 614 totius.
1072 579 1168 614 anni,

277 635 363 669 Sunt
384 634 451 668 duo
470 635 587 669 erroris
609 631 844 669 fundamenta·
870 629 1021 667 Primum
1041 654 1053 671 ,
1080 627 1167 674 quod

276 684 469 719 Romanam
481 683 751 729 Appellationem
769 682 936 715 firmantes
949 680 1106 714 Canones
1117 691 1167 724 pa·

276 735 345 770 lam
356 735 534 779 loquantur
553 734 595 768 de
615 733 693 769 solis
705 730 878 776 Episcopis
887 754 901 776 ,
926 741 997 764 non
1011 730 1052 765 de
1063 731 1167 767 Cleri·

275 786 345 819 cis.
370 784 559 821 Secundum
581 782 627 817 est
639 793 772 828 quattus
795 782 945 820 decimus
957 780 1099 823 Canon,
1122 781 1165 815 de

274 835 439 870 damnatis
457 833 476 867 ὲ
497 835 556 868 suo
569 834 738 879 Episcopo
760 832 902 868 Clericis
917 829 986 866 haec
1000 831 1164 867 sanciens:

272 886 463 928 ,Quieiicitur
475 908 487 925 ,
509 882 820 926 potestatembabeatt
847 881 1003 926 nfugiendi
1025 883 1072 915 ad
1080 884 1164 923 Epi-

268 934 387 978 scopum
400 935 572 978 Metropolis
582 934 720 979 eJusdem
729 936 900 972 Provinciae
910 957 921 970 ,
944 934 978 970 si
986 940 1090 967 autem
1100 934 1165 966 Me·

271 985 579 1028 tropolitanuswbeft,
592 980 596 984 ’
608 987 655 1023 ‚ad
673 985 837 1029 finitimum
854 983 1044 1023 concurrendi
1069 983 1164 1016 &ro-

265 1038 364 1079 gandi
387 1059 399 1076 ,
422 1044 458 1070 ut
480 1034 577 1080 suum
610 1041 762 1081 negotium
785 1035 926 1073 accurate
953 1037 1164 1066 examinetur.

269 1089 378 1128 Neque
387 1092 467 1125 enim
478 1094 537 1120 non
543 1085 618 1131 funi·
628 1082 903 1126 auresprtebendae
915 1087 959 1116 eis
968 1087 1020 1125 qui
1033 1091 1138 1126 rogant
1151 1107 1160 1115 .

1233 225 1556 264 Clericorum‘causas
1568 227 1748 263 retrastavit
1761 250 1773 269 ,
1786 227 2010 272 acdefinivit‘.
2038 229 2118 267 Por-

1233 276 1270 310 ro
1282 276 1317 309 in
1329 276 1394 310 suis
1403 276 1596 314 Cmonibus
1609 278 1694 314 solos
1707 277 1888 323 Episcopos
1908 281 2058 325 expreffit
2069 281 2116 316 ob

1231 327 1312 361 duas
1323 328 1435 361 causas
1444 350 1454 359 .
1479 329 1625 364 Primam
1639 329 1792 373 poffimus
1812 330 1933 366 discere
1941 343 1980 366 ex
1994 333 2116 367 Graecis

1232 377 1394 412 Romanae
1407 378 1555 414 Ecclesiae
1562 379 1861 421 Archi-Mandritis
1869 392 1907 416 ac
1916 382 2095 418 Monachis
2102 407 2113 424 ,

1232 428 1480 463 Later-anensem
1493 431 1600 466 Sansti
1613 431 1752 465 Martini
1774 429 1869 474 Papa
1880 432 2054 476 Synodum
2065 444 2116 468 tos·

1231 478 1384 523 gantibus
1406 503 1417 519 ,
1442 487 1480 512 ut
1501 481 1536 515 in
1563 481 1690 527 Cyrum
1718 505 1730 522 ,
1754 480 1907 526 Sergium
1927 506 1941 523 ,
1964 484 2115 528 aliosque

1230 528 1495 565 Monotheliticae
1504 529 1682 575 impietatis
1700 530 1855 566 authores
1872 531 2027 575 dignetur
2045 545 2115 577 pro·

1227 579 1342 614 cedere
1350 577 1511 624 ¹fecundum
1521 583 1674 620 synodales
1685 584 1803 626 regulas
1814 594 1828 615 .·
1851 580 1899 617 At
1911 584 1987 616 veto
1998 581 2116 619 harum
2133 588 2201 622 Ast.
2222 600 2248 619 2.

1228 631 1416 675 regularum
1440 643 1504 664 una
1527 630 1573 665 est
1586 655 1600 671 ,
1622 643 1660 666 ut
1683 631 1838 676 synodus
1859 645 1927 667 non
1947 632 2087 668 definiat
2102 656 2115 675 ,

1228 681 1287 714 nifi
1298 679 1341 716 de
1360 682 1461 716 rnotis
1473 681 1559 724 apud
1583 680 1685 722 ipsam
1707 683 1952 718 controversiis.
1979 684 2028 718 At
2050 684 2114 719 isto

1227 741 1375 774 tempore
1387 732 1437 766 Eu
1444 730 1571 765 sebiana
1581 730 1696 766 Fafflo
1707 741 1775 766 non
1794 733 1951 768 movebat
1963 757 1975 774 ,
1999 733 2060 769 nifi
2072 734 2116 768 de

1229 781 1468 825 Episcoporum
1490 781 1654 816 Romanis
1677 779 1966 826 Appellationibus
1984 809 1992 817 .
2018 784 2115 819 Hinc

1228 831 1331 876 igitur
1350 832 1393 865 de
1405 831 1495 865 hisce
1518 832 1595 865 solis
1615 830 1782 875 respondit
1793 832 1985 869 Sardicenfis
2008 835 2115 877 Syno-

1225 882 1289 916 dus
1305 904 1315 914 .
1339 881 1489 918 Secunda
1512 882 1597 916 ratio
1618 882 1664 916 est
1686 903 1697 921 ‚
1721 881 1814 925 quod
1838 882 1944 925 plures
1964 879 2114 920 damnati

1226 930 1383 976 Episcopi
1395 930 1436 966 ad
1449 932 1601 972 nullum,
1628 932 1686 965 nist
1710 932 1751 966 ad
1762 931 1956 967 Romanum
1975 932 2116 968 Pontifi-

1224 993 1298 1017 cem
1307 981 1426 1027 poffint
1438 991 1615 1026 provocare
1625 1006 1633 1014 .
1657 981 1793 1016 Etenim
1803 982 1952 1017 damnari
1965 994 2034 1017 non
2047 982 2118 1027 pos-

1225 1033 1301 1067 sunt
1311 1032 1370 1066 nifi
1389 1043 1444 1076 per
1453 1031 1634 1068 Provinciae
1654 1031 1846 1075 Synodum.
1876 1032 1926 1066 At
1937 1033 2016 1067 vero
2025 1032 2117 1067 dam-

1226 1083 1296 1117 nati
1317 1081 1441 1117 Clerici
1465 1082 1561 1117 istam
1580 1092 1698 1116 omues
1720 1080 1917 1125 Synodum,
1940 1082 1977 1117 ἀ
2001 1082 2115 1117 cuncti

1224 1132 1411 1169 orientales
1431 1133 1562 1177 insuper
1581 1134 1674 1167 suum
1697 1131 1922 1166 patriarcham
1946 1140 2003 1166 aut
2016 1132 2117 1166 Exar-

1222 1180 1324 1218 chum
1344 1183 1499 1219 invocare
1520 1191 1690 1227 poterant:
1718 1182 1813 1216 Hinc
1835 1183 1952 1217 inistis
1973 1182 2116 1217 suisCa·

1221 1232 1367 1267 nonibus
1387 1233 1581 1270 Sardicensis
1592 1231 1747 1277 Synodus
1770 1232 2006 1277 exprimendos
2015 1231 2115 1269 duxit

1221 1281 1309 1320 solos
1332 1282 1537 1326 Episcopos.
1563 1280 1567 1284 ’
2014 1309 2024 1321 .,

1267 1331 1415 1368 Proinde
1434 1330 1503 1367 haec
1513 1331 1668 1376 Synodus
1691 1331 1727 1365 in
1740 1330 1892 1367 Clericos
1917 1330 2118 1370 fuitliberar·

1218 1382 1335 1418 liffima
1344 1404 1353 1414 ·
1378 1382 1449 1420 luis
1460 1383 1539 1421 fecit
1551 1382 1800 1428 quadruplicem
1813 1381 2001 1425 appellandi
2012 1381 2116 1417 viamt·

1218 1431 1275 1468 Ad
1299 1433 1490 1471 Romanam
1512 1432 1715 1472 Ecclesiam,
1740 1431 1782 1466 ad
1808 1431 1992 1466 Provinciae
2009 1431 2116 1475 Syno-

1217 1482 1299 1518 dum
1310 1508 1323 1525 ,
1347 1482 1389 1521 ad
1403 1483 1655 1528 Metropolitam
1666 1507 1678 1524 ,
1689 1481 1724 1519 r&
1735 1481 1882 1518 vicinum
1892 1481 2114 1525 Episcopum).

1217 1533 1730 1574 Duaeprioreserant²autiquae,
1753 1531 1901 1571 filndatae
1922 1532 1958 1565 in
1973 1532 2119 1573 Aposto-

1217 1579 1292 1615 licis
1303 1579 1524 1622 Canonibus;
1551 1588 1586 1614 at
1611 1578 1693 1616 vero
1711 1579 1784 1614 duae
1803 1578 1995 1623 posteriores
2018 1587 2114 1615 cnut

1218 1640 1304 1664 nova
1315 1630 1351 1667 ἀ
1362 1629 1535 1673 singularis
1545 1629 1651 1673 gratia
1662 1652 1675 1668 ‚
1689 1628 1769 1662 binc
1779 1630 1919 1664 restricia
1929 1630 1964 1663 δι
1972 1630 2115 1664 circuni-

1216 1678 1332 1722 scripta
1345 1701 1354 1709 .
1380 1677 1602 1712 Solummodo
1613 1676 1808 1714 devolvebat
1817 1701 1830 1718 ,
1841 1703 1844 1706 Δ
1854 1687 1925 1714 non
1937 1677 2112 1722 suspende·

1216 1727 1290 1761 bat.
1317 1727 1360 1761 Et
1371 1726 1440 1769 jure
1465 1728 1608 1762 merito.
1636 1727 1773 1763 Etenim
1791 1726 2044 1772 Metropolim,
2069 1739 2110 1763 ac

1219 1777 1392 1821 pr'oesertitn
1413 1775 1542 1812 vicinus
1567 1777 1752 1822 Episcopus
1771 1776 1942 1821 judicabat
1959 1785 2111 1812 exnmero

1216 1827 1352 1865 indulto
1363 1851 1374 1867 ,
1395 1826 1540 1872 ideoque
1551 1828 1622 1871 ejus
1638 1826 1761 1863 limites
1771 1826 1929 1864 excedere
1936 1838 2008 1862 non
2019 1836 2111 1871 poto·

1217 1887 1284 1912 rat:
1313 1877 1396 1912 Non
1410 1886 1537 1923 poterat
1549 1888 1626 1912 ante
1645 1878 1814 1922 expletam
1837 1878 1940 1914 totius
1948 1877 2054 1912 causa
2065 1884 2111 1912 re-

1215 1927 1443 1965 tractationem
1452 1927 1603 1965 revestire
1612 1953 1620 1964 .
1631 1928 1783 1963 Africani
1795 1927 1952 1964 Canones
1963 1939 2029 1970 ‚ex
2042 1926 2110 1963 hoc

1216 1977 1396 2015 ,sardicensi
1421 1978 1528 2023 palam
1541 1978 1726 2024 desumpti,
1752 1976 1939 2023 adjungunt
1951 1988 1987 2013 ut
1997 1978 2112 2022 appel-

1217 2027 1297 2063 latio
1309 2028 1366 2062 fiat
1379 2033 1450 2064 non
1468 2029 1509 2063 ad
1520 2040 1625 2064 unum
1634 2054 1648 2071 ‚
1674 2029 1728 2063 sed
1741 2029 1782 2063 ad
1793 2030 1878 2063 duos
1890 2027 2018 2063 vicinos
2030 2027 2110 2073 Epi-

1217 2080 1336 2123 scopos
1350 2093 1361 2113 .-
1384 2079 1427 2113 Et
1439 2091 1476 2113 ut
1488 2080 1546 2124 ipfi
1558 2081 1688 2114 causam
1702 2090 1772 2114 non
1783 2081 1955 2114 retractent
1968 2103 1980 2118 ,
2006 2078 2110 2123 longe

1217 2130 1327 2164 minus
1345 2129 1506 2164 definiant
1516 2131 1585 2164 fine
1595 2131 1691 2165 venia
1704 2129 1824 2173 proprii
1838 2128 2016 2173 Episcopi.
2042 2129 2110 2164 Ex-

1193 2199 1195 2201 ·
1216 2179 1278 2214 stat
1300 2179 1498 2213 Sardicenfis
1520 2179 1670 2215 Canonis
1693 2179 1797 2214 latina
1817 2178 2011 2219 translati03
2035 2189 2108 2223 que

1217 2228 1282 2265 hoc
1292 2228 1399 2273 ipsum
1422 2229 1584 2273 praecipit‚
1610 2229 1825 2274 &adjungite
1859 2227 2109 2273 Priusquamom·

1215 2284 1267 2313 nia
1275 2281 1433 2324 diligenter
1451 2279 1620 2320 acfideliter
1635 2276 1756 2321 fuerint
1774 2283 1954 2311 examinata
1966 2302 1978 2318 ,
2010 2278 2107 2311 Cleri·

1213 2339 1262 2360 cus
1274 2333 1504 2363 communionem
1524 2340 1582 2363 non
1603 2328 1690 2362 debet
1708 2327 1915 2371 praesumere,
1935 2329 2103 2369 donecpro·

1210 2384 1299 2420 prius
1311 2376 1477 2422 Episcopus
1497 2389 1564 2412 eum
1574 2383 1698 2420 recipiat
1711 2401 1723 2418 ,
1749 2380 1783 2412 6
1794 2383 1988 2411 communioni
1996 2377 2104 2422 societ.

1214 2428 1440 2471 Metropolitae
1451 2451 1463 2468 ‚
1489 2438 1547 2462 aut
1557 2429 1676 2463 vicinis
1687 2428 1857 2471 Episcopis
1871 2427 2032 2472 permittit
2057 2430 2107 2462 so-

1215 2478 1280 2512 lam
1299 2476 1529 2516 definitionem
1552 2479 1652 2512 causae
1664 2501 1676 2521 ‚
1700 2477 1932 2512 executionem
1945 2477 2014 2512 fieri
2034 2477 2106 2512 vult

1215 2539 1271 2571 per
1295 2527 1462 2571 proprium
1484 2527 1704 2571 Episcopum.
1731 2528 1837 2574 Qod
1859 2538 1968 2562 autem
1982 2527 2104 2562 Clerici

1215 2578 1256 2612 ad
1266 2578 1494 2622 Apostolicam
1506 2578 1622 2613 Sedem
1638 2601 1650 2617 ,
1675 2587 1731 2611 aut
1751 2577 1791 2611 ad
1805 2576 1986 2611 Provincia:
1998 2578 2105 2619 Syno-

1214 2629 1294 2663 dum
1306 2627 1500 2674 Appellatio
1520 2628 1622 2663 etiam
1634 2627 1829 2671 suspendat,
1854 2636 1926 2660 non
1948 2625 1995 2660 est
2007 2625 2103 2661 dubi·

1214 2678 1371 2714 tandum.
1433 2695 1437 2698 >

1264 2729 1363 2763 Error
1382 2726 1533 2767 >decimus
1552 2727 1621 2768 ests
1645 2727 1735 2769 quod
1757 2726 1917 2763 zozimus
1942 2725 2102 2762 Pontifex

1215 2778 1393 2814 vicinitatis
1411 2779 1502 2821 jure,
1524 2789 1563 2813 ac
1588 2776 1684 2821 hujus
1705 2778 1857 2812 Canonis
1871 2776 1985 2821 vigore
1995 2775 2102 2811 admi-

1215 2830 1288 2864 serit
1298 2829 1555 2872 appellationem
1578 2828 1707 2872 Apiarii
1719 2826 1902 2870 Presbyteri
1926 2825 2099 2868 Africani.v

1215 2880 1272 2914 Est
1284 2879 1467 2916 miseranda
1479 2878 1519 2913 ad
1533 2876 1793 2914 obnubilandam
1817 2876 1986 2910 veritatem
1997 2875 2100 2911 subti-

1214 2930 1304 2965 litas.
1326 2929 1468 2966 ·Etenim
1494 2929 1648 2972 Apinius
1667 2937 1739 2962 erat
1764 2925 1917 2962 Siccensis
1937 2926 1972 2961 in
1994 2924 2101 2970 Caesa-⁴

1214 2981 1322 3015 raeensr
1340 2980 1543 3015 Mauritania
1566 2977 1712 3012 Ecclefiae
1732 2975 1928 3020 Presbyter,
1954 2976 2096 3018 ideoque

1213 3032 1233 3065 a
1255 3032 1410 3067 Romana
1432 3030 1564 3064 civitate
1585 3027 1813 3062 remotiffimus
1832 3051 1840 3061 .
1863 3027 1958 3062 Hinc
1980 3037 2097 3070 nequae

1212 3092 1311 3126 quam
1334 3079 1513 3115 vicinitatis
1534 3079 1603 3122 jure
1614 3102 1626 3118 ‚
1653 3077 1707 3111 sed
1722 3077 1926 3121 Apostolicae
1937 3074 2097 3110 Authori·

1213 3132 1288 3165 tatis
1310 3130 1490 3175 Privilegio
1503 3129 1659 3164 Zozimus
1680 3127 1806 3161 censuit
1820 3128 1850 3161 se
1873 3127 1981 3161 fulciri
1995 3152 2003 3160 .
2029 3126 2096 3167 Ve-

1213 3182 1285 3215 rum
1298 3180 1361 3214 haec
1372 3180 1416 3214 est
1430 3179 1491 3214 alia
1503 3178 1633 3222 quaestio
1644 3203 1651 3210 .
1681 3178 1813 3212 Etenim
1825 3178 1962 3212 inferior
1969 3174 2095 3211 Africa·

1215 3243 1263 3267 uae
1273 3229 1419 3276 Ecclesiae
1433 3229 1547 3264 Clerus
1567 3240 1609 3263 ex
1619 3227 1705 3262 avita
1725 3229 1834 3272 gentis
1857 3223 2093 3262 consuetudine

1210 3281 1338 3317 carebat
1349 3281 1503 3315 facultate
1514 3278 1691 3314 invocandi
1709 3280 1825 3315 Sedem
1841 3275 2066 3321 Apostolicam
2079 3297 2092 3314 ,

1210 3330 1396 3375 compulsus
1410 3331 1537 3365 suarum
1549 3329 1761 3373 Synodorum
1774 3326 1902 3372 Judicio
1912 3324 2093 3368 acquiesce-

1211 3393 1262 3416 re.
1291 3380 1463 3423 Excipitur
1475 3381 1670 3414 acommuni
1686 3379 1813 3423 regula.
1841 3376 1885 3410 Et
1895 3375 2004 3418 generi
2019 3386 2091 3409 non

1212 3433 1386 3477 derogatur
1398 3442 1452 3476 per
1462 3431 1616 3475 speciem.
1643 3430 1702 3466 Est
1720 3425 1852 3474 quaestio
1874 3426 1932 3459 suo
1942 3425 2093 3508 locatim

1952 3486 1996 3520 8¹¹
2030 3491 2042 3500 ·
