2326 3718
107 1386 112 1390 .
126 1352 226 1419 efflat.
236 1367 262 1393 4.

120 1624 221 1656 Actor·
237 1634 248 1662 5

363 162 436 199 662*

303 241 350 270 to'r
374 237 410 270 (5
422 234 533 276 custos,
552 232 701 273 precipit
711 241 759 265 eos
768 253 779 270 ‚
803 238 855 274 qui
867 233 979 266 dudum
984 232 1114 276 Judices
1120 229 1187 271 fue-

764 150 880 196 ,ΒΕ
915 142 1654 197 Ort-merua‘Ecc-1-Lesmz‘

1245 228 1296 263 sed
1307 229 1526 267 accusatores.
1553 233 1678 269 Eadem
1697 233 1851 276 synodus
1868 233 1982 270 scribit
2004 233 2046 269 ad
2057 238 2131 271 oni·

300 292 370 319 r‘unt
382 310 393 326 ,
420 292 452 317 in
471 285 528 316 loco
547 292 644 317 eorm
660 281 715 324 effi
733 288 785 325 qui
799 284 963 323 J'udicandt
978 278 1070 322 sunt,
1097 291 1189 322 neque
1246 289 1300 312 nes
1314 277 1371 312 sub
1384 280 1471 316 coelo
1482 283 1679 328 Episcopus:
1707 283 1873 327 Eusebium
1884 286 2031 327 fraudem
2039 285 2128 330 suam

299 335 408 368 babere
430 341 551 374 tempus
573 333 721 373 docendi,
746 335 850 375 quoad
866 335 931 374 ejus
958 333 1109 366 licentiam
1130 342 1185 363 vos

299 386 442 418 dederitis
457 409 466 417 .
491 383 543 415 Ad
549 393 585 416 ea
597 386 663 426 ergo
678 407 688 422 ,
714 394 781 425 quae
792 394 869 416 nunc
890 383 910 415 ci
930 381 1122 426 religiofiffimo
1132 385 1187 413 Ar-

297 432 502 476 chi-Episcopo
515 436 669 467 Flaviano
681 433 763 466 dicia
770 431 844 475 sunt
855 457 866 473 ‚
892 434 927 466 (τ
939 432 988 465 hoc
998 431 1082 466 doceo
1094 457 1103 472 ,
1114 437 1185 474 quia

297 482 448 527 accusator
457 484 577 527 quidem
588 481 677 527 suam
697 481 906 527 accusationem
924 484 1079 524 implevit,
1106 484 1140 516 <¹5
1151 489 1184 513 ut

296 533 463 568 arbitratus
483 533 522 574 est
535 559 546 575 ,
571 538 663 574 vicit,
689 534 723 567 o·
742 534 853 578 Judex
864 532 1040 574 accusatoris
1063 529 1183 572 causam

289 586 360 626 jam
385 589 418 617 in
433 583 625 628 semetipsum
645 581 796 623 transtulit
817 607 829 623 ,
849 582 922 623 ficut
948 584 982 616 ό·
1005 587 1038 614 in
1055 579 1183 623 publicis

292 632 451 678 sententiis
461 635 616 676 custoditur
625 658 634 666 .
662 633 814 668 Affirmat
828 631 1006 667 Eusebium
1029 631 1066 665 in
1080 631 1182 674 prima

295 685 491 729 cognitione
511 685 606 718 fuisse
628 684 688 718 suo
708 682 822 718 officio
842 681 942 726 plene.
958 681 1182 726 perfunctum,

292 734 435 779 ideoque
458 745 568 769 totum
592 732 767 768 accusandi
791 744 876 769 onus
889 733 1027 776 effejam
1042 732 1076 765 in
1087 742 1181 767 retra·

292 786 430 819 statorio
452 785 583 827 judicio
604 783 799 819 devolutum
822 784 858 818 in
879 783 1018 826 priorem
1030 781 1179 827 Iudicem

292 835 446 869 Sanctum
456 834 652 869 Flavianum
664 859 676 867 ..
700 834 822 881 Dicere
833 833 988 879 debuerat
999 832 1082 869 istud
1093 843 1179 868 onus

290 884 387 918 etiarn
398 884 432 918 in
447 883 595 928 Judicem
609 884 781 919 tranfiiffe.
809 884 864 919 Sic
877 882 946 925 ejus
966 882 1178 919 interlocutio

289 934 397 969 fuisset
410 933 709 978 irreprehenfibilis.
739 935 855 982 Qare
866 933 940 968 talis
949 932 1110 968 sententia
1124 944 1178 968 ne-

289 996 453 1029 quaquam
466 985 649 1030 improbata
660 985 726 1018 fuit
735 995 790 1026 per
801 984 975 1028 Synodum
994 981 1176 1026 Chalcedo-

289 1038 421 1070 nensem
433 1060 442 1068 .
471 1037 579 1070 Immo
591 1036 676 1070 circa
688 1034 889 1070 Dioscoron
900 1033 964 1070 fuit
974 1034 1177 1071 confirmata,

339 1085 464 1121 Eadem
476 1097 590 1120 norma
606 1085 786 1128 processum
800 1082 863 1118 fuit
874 1083 908 1117 in
922 1082 1030 1126 primo
1043 1081 1174 1127 Ephefi-

286 1146 335 1169 no
347 1135 522 1169 Concilio.
553 1134 688 1170 Etenim
711 1132 847 1170 Sanetus
870 1132 1017 1175 Cyrillus
1037 1132 1174 1171 Patriar-

284 1182 347 1221 cha
362 1184 631 1223 Alexandrinus‚'
657 1183 690 1217 &
700 1183 865 1223 Memnon
877 1181 1094 1227 Ephesiorum
1106 1182 1171 1222 Pri·

284 1246 374 1275 mas,
401 1245 457 1277 per
469 1233 634 1269 factiosam
645 1233 781 1278 Ioannis
803 1232 1012 1271 Antiocheni
1036 1234 1173 1272 Patriar·

284 1284 352 1318 chae
365 1284 538 1326 Synodum
554 1282 722 1328 degradati
737 1308 750 1324 ‚
775 1295 814 1319 ac
827 1286 890 1318 suae
899 1283 1112 1326 appellationi
1125 1284 1172 1317 in·

284 1334 445 1372 fistentes‚
474 1332 570 1367 isthic
588 1333 705 1370 dicunt
723 1333 763 1367 ad
775 1333 905 1368 Patres:
933 1337 1083 1378 Vos-Jure
1103 1341 1170 1375 per·

284 1390 373 1424 moti,
384 1388 417 1429 J
418 1394 543 1419 oannem
553 1392 610 1426 per
615 1382 807 1427 sandtffimos
819 1382 982 1430 Episcopos
996 1382 1149 1424 accersistis
1159 1409 1170 1425 ,

283 1444 316 1467 ut
328 1446 397 1477 quae
416 1441 515 1467 contra
527 1437 620 1478 Leger
640 1432 874 1475 Ecclefiasticas‚
901 1440 991 1467 immo
1018 1435 1088 1467 vero
1106 1445 1170 1470 con—

283 1494 334 1518 tra
348 1485 491 1518 Ordinem
501 1483 729 1526 Ecclcfiasticum
751 1484 918 1527 deliquerat
932 1507 944 1523 ,
969 1483 1141 1525 defenderet
1159 1508 1171 1525 ,

282 1536 316 1568 6
328 1541 473 1568 rationem
484 1536 522 1568 de
531 1534 579 1567 bis
589 1559 601 1575 ‚
626 1547 694 1579 qua*
706 1536 813 1569 temera?
823 1544 925 1569 contra
940 1538 1077 1569 Canones
1088 1535 1170 1570 moli⁴
1222 1550 1224 1556 ·

282 1594 331 1618 tus
341 1583 470 1626 fuerat,
496 1586 650 1620 redderet.
676 1585 722 1618 Et
734 1584 886 1618 rursum,-
913 1584 1040 1630 Libellos
1063 1582 1170 1614 obtuli-

280 1637 346 1666 mus
367 1658 378 1674 ‚
401 1634 584 1674 postulantes
606 1642 641 1664 ut
657 1637 802 1676 Joannes
820 1632 1089 1671 Reverendffmuc
1110 1634 1168 1664 Ec-

281 1682 370 1725 clefiae
391 1681 581 1716 Antiochenae
602 1680 791 1723 Episcopus,
817 1683 913 1724 &qui
933 1683 997 1717 una
1015 1691 1083 1712 cum
1103 1678 1168 1720 ipfii

281 1736 427 1775 injuriam
451 1738 483 1763 in
495 1742 547 1763 nos
568 1736 782 1763 contexuerunt
796 1752 807 1767 ,
833 1739 870 1762 ac
884 1726 1068 1768 depositionis
1080 1727 1166 1761 abuti

281 1787 398 1816 nomine
405 1777 660 1823 prasumpftrunt
672 1801 682 1817 ‚
707 1779 751 1811 ad
755 1775 896 1820 sanc‘lam
905 1777 1024 1812 baneas
1035 1777 1169 1812 OEcume-

227 1869 231 1874 ,
280 1839 379 1866 nicam
402 1831 545 1870 Synodum
571 1827 787 1871 accersiuntur
808 1852 819 1866 ‚
844 1830 903 1870 quo,
925 1838 1023 1860 coram
1045 1826 1167 1869 causam
1192 1857 1194 1863 ,

276 1892 335 1925 pro
353 1880 386 1924 se
406 1882 509 1914 dicant
532 1904 543 1920 ‚
568 1877 689 1922 suaque
708 1880 861 1912 dicacitati
880 1883 1163 1919 patrocinarentur,

273 1932 338 1975 five
349 1931 474 1973 injustas
484 1930 720 1974 machinationes
742 1927 940 1970 defenderent
953 1953 960 1960 .
987 1927 1167 1971 Imperator

281 1981 491 2016 Theodofius
503 2005 514 2021 ‚
540 1981 581 2014 ab
600 1979 742 2022 ejusdem
763 1979 899 2021 Joannis
922 1978 1066 2012 factione
1076 1978 1166 2013 sedu—

281 2035 369 2073 stus,
396 2029 934 2066 caffavitAetalaudatiConcilii.
961 2028 1171 2066 Comeslre-v

280 2094 368 2117 naeus
391 2082 432 2117 ad
457 2081 548 2115 istius
559 2080 723 2116 Fastionis
735 2081 915 2122 Episcopos
931 2078 1052 2117 *scribit
1072 2080 1168 2113 ratio-

281 2145 377 2168 nem:
406 2135 493 2176 ‚Quin
517 2133 552 2166 (τ’
565 2133 643 2165 illud
657 2141 770 2173 quoque
791 2131 886 2162 modis
898 2129 1034 2167 omnibus
1050 2128 1168 2172 perspi·

281 2195 365 2217 cuum
390 2180 482 2224 evafit
504 2193 514 2224 ;
543 2193 594 2215 nec
613 2182 691 2216 νεθο
719 2183 753 2214 ei
774 2191 893 2223 congruo
919 2181 1022 2214 ordine
1042 2178 1169 2223 servato

286 2235 452 2266 Concilium
467 2241 657 2273 convocatum
669 2231 760 2274 futffe
782 2231 821 2263 ab
834 2233 993 2274 AEgyptio,
1019 2241 1071 2263 nec
1087 2236 1114 2263 ei
1116 2231 1174 2270 ju„

282 2285 381 2316 dicare
402 2281 522 2324 licutffe,
549 2293 614 2315 cum
636 2293 711 2315 unus
734 2281 800 2324 esset
824 2292 862 2314 ex
873 2286 916 2316 eis
936 2285 987 2321 qui
1005 2281 1168 2321 judicandi

283 2343 369 2367 erant
380 2359 387 2365 .
416 2333 478 2365 Per
491 2331 696 2377 AEgyptium
722 2330 878 2374 intelligit
890 2331 1043 2366 Sannum
1059 2329 1167 2373 Cyril-

282 2384 350 2417 lum
363 2408 370 2415 .
396 2382 609 2416 Haerefiarcha
624 2382 796 2417 Nestorius
816 2381 858 2415 ab
876 2379 950 2422 ejus
967 2380 1066 2415 etiam
1088 2379 1165 2422 judi·

283 2435 339 2468 cio
352 2441 581 2477 provocaverat
605 2432 646 2466 ad
659 2431 846 2475 Synodum.
881 2429 1167 2475 Hssincpraefidere2

283 2484 389 2518 immo
399 2483 540 2517 adlidere
551 2495 619 2516 non
632 2482 788 2527 potuiffe‚
806 2481 860 2517 sed
874 2481 959 2515 inter
971 2480 1169 2523 judicandos

283 2547 354 2569 reos
365 2534 442 2568 stare
454 2533 597 2568 debuisse
614 2532 741 2567 censuit
759 2533 1001 2565 circumventus
1014 2529 1175 2573 Princeps.

285 2583 494 2619 Theodosius
507 2609 518 2625 ,
533 2583 674 2627 ideoque
683 2582 717 2616 ὃ(
728 2581 950 2616 circumduxit
962 2579 1073 2614 omnia
1086 2580 1168 2613 A&a
1192 2579 1194 2581 ’

285 2635 482 2678 Synodalia.
511 2633 659 2676 Epistola
677 2632 781 2664 exstat
806 2631 891 2667 inter
911 2629 994 2664 Aeta
1016 2629 1170 2673 Ephefini

285 2697 341 2727 per
355 2686 515 2727 Ioannem
529 2679 780 2716 Antiochenam
805 2678 908 2714 habiti
923 2679 1163 2714 Conciliabuli.

287 2730 414 2767 Verum
424 2733 568 2775 Cyrillus
587 2730 733 2765 Nestorii
756 2740 822 2764 non
839 2730 1009 2773 personam
1021 2754 1033 2771 ,
1059 2729 1171 2773 utpote

288 2782 419 2817 alterius
429 2782 609 2816 Dioecefios
621 2805 631 2820 ,
658 2781 709 2815 sed
722 2779 824 2814 solam
847 2778 987 2813 haerefim
1001 2780 1170 2814 damnave-

288 2844 355 2867 rat:
384 2833 431 2866 Ea
443 2830 484 2866 de
507 2833 601 2866 causa
623 2842 691 2865 non
711 2828 866 2875 poterat&
879 2827 992 2874 Judice
1009 2830 1169 2864 caderein

288 2895 378 2918 reum
390 2908 397 2915 .
924 2914 927 2917 .

341 2934 391 2967 Ex
400 2933 514 2966 eadem
524 2932 634 2977 regula
647 2929 794 2975 proceffit
803 2930 996 2964 Sardicenfis
1007 2930 1169 2973 Synodus.

289 2983 423 3016 Etenim
444 2983 486 3017 de
498 2984 616 3017 sancto
637 2981 840 3021 Athanafio,
868 2980 923 3024 qui
946 2980 1173 3021 Eusebianos,

290 3033 340 3065 sui
354 3033 589 3073 Damnatores,
617 3031 731 3075 Tyriae
750 3043 789 3065 ac
802 3030 1022 3065 Antiochenae
1043 3030 1170 3074 Synodi

290 3081 469 3124 Episcopos
483 3079 624 3116 Romam
638 3081 812 3126 appellarat
825 3105 835 3120 ‚
853 3080 963 3115 scribit
976 3081 1015 3114 ad
1030 3080 1172 3115 Alexan·

290 3130 418 3165 'drinam
443 3130 615 3163 Ecclesiam
630 3145 640 3164 .-
668 3136 780 3166 Frater
801 3130 891 3171 nester
910 3130 1087 3172 Athanasius
1108 3136 1171 3163 ani-

291 3192 372 3215 mum
395 3191 452 3213 non
465 3178 624 3221 despondit
637 3203 647 3219 ,
669 3179 692 3222 s
688 3183 725 3213 ed
735 3194 845 3224 magna
869 3193 935 3215 cum
943 3181 1055 3224 fiducia
1065 3192 1112 3213 eos
1129 3181 1173 3212 ad

286 3232 448 3276 Judicium
462 3235 655 3269 provocavit.
683 3232 773 3272 ,Quod
792 3232 825 3264 (θ’
837 3232 918 3265 nobis
942 3238 974 3265 in
1002 3240 1070 3264 voto
1081 3230 1168 3271 fuit.

291 3284 333 3314 Ac
350 3281 478 3320 proinde*
500 3290 546 3312 eos
569 3278 780 3318 hortabamur,
803 3288 835 3312 ut
840 3283 953 3323 judicio
970 3279 1003 3324 se
1021 3279 1170 3320 fisterem,

291 3327 496 3373 &fipoffenn
523 3326 714 3370 accusationIs
737 3327 856 3371 causam
877 3338 962 3365 certis
987 3331 1168 3366 documentis

288 3386 464 3424 peragerent
477 3404 484 3410 .
513 3377 570 3412 Ut
582 3377 765 3412 sefisterent
777 3379 1091 3424 retractatorioopud
1102 3380 1168 3413 Sar-

290 3431 399 3466 dicam
421 3428 574 3473 Judicio,
599 3427 634 3463 &
657 3425 751 3462 isthic
772 3429 990 3472 nonffJudices
1013 3440 1169 3478 agerent,

1241 338 1294 371 per
1303 340 1339 362 ea
1350 354 1360 370 ‚
1387 341 1454 371 quae
1466 335 1498 365 in
1511 332 1565 367 hoc
1571 333 1767 377 sacratissima
1776 337 1884 374 synodo
1903 339 2011 380 gesJere
2027 361 2038 376 ,
2063 338 2130 370 lon.

1236 380 1275 424 ge
1291 379 1474 422 manifestius
1492 383 1683 419 declararunt
1698 409 1705 416 .
1733 388 1829 421 Nam,
1840 396 1906 420 cum
1916 388 1961 420 ad
1971 388 2126 420 sardicam

1240 434 1396 464 civitatem
1407 431 1566 474 acceffiffent
1578 457 1589 475 ,
1616 434 1773 478 conspedlis
1787 435 1830 468 ibi
1842 436 2002 478 Athanafio
2013 462 2023 477 ,
2042 440 2126 470 Mar-

1242 480 1308 518 cello
1320 505 1331 520 ,
1357 482 1391 514 (5
1401 479 1522 523 Asclepa
1534 508 1544 523 ,
1569 485 1693 529 aliisque
1704 487 1850 518 nonnullis
1864 507 1876 524 ,
1901 493 1994 520 veriti
2002 486 2078 529 sunt
2090 493 2124 520 in

1234 534 1266 576 J
1267 532 1397 564 udicium
1406 533 1572 573 procedere.
1602 539 1650 569 Et
1659 548 1723 570 cum
1735 547 1792 569 non
1799 534 1889 578 semel
1908 545 1962 568 aut
1975 536 2022 569 bis
2037 560 2048 576 ,
2067 535 2128 579 sed

1239 582 1344 614 iterum
1363 590 1453 624 atque
1471 583 1576 616 iterum
1595 591 1679 620 citati
1705 589 1792 629 efflent
1815 611 1824 626 ,
1851 585 2040 620 citationibus
2064 597 2123 620 non

1238 631 1471 673 obtemperarunt
1486 645 1498 665 .·
1520 635 1650 675 Tametfi
1656 648 1753 670 mmm
1765 635 1906 680 Episcopi
1912 636 2000 679 fimul
2007 645 2125 680 congre·-

1236 688 1305 725 gati
1316 682 1404 725 effent
1415 707 1426 723 ,
1436 684 1471 717 Cb·
1481 693 1579 716 omnes
1590 682 1792 726 exspectarent
1803 690 1838 721 ἐν
1849 687 2041 720 hortarentur
2053 698 2098 720 eos
2109 710 2123 727 ‚

1237 739 1270 764 ut
1281 738 1313 765 in
1313 735 1346 780 J
1347 734 1476 765 udicium
1482 735 1641 774 prodirent
1649 757 1660 772 ,
1681 736 1716 769 Θ
1724 746 1758 769 ea
1770 748 1837 779 quae
1846 738 2012 771 rumoribus
2025 738 2059 771 Θ
2071 738 2122 770 lit-

1236 788 1308 815 teris
1321 783 1359 815 de
1371 783 1587 823 comministris
1598 784 1701 825 nost‘ris
1710 785 1879 828 absentibus
1894 788 2097 830 janaveram
2108 806 2121 827 ‚=

1231 831 1394 875 praesentes
1399 832 1487 874 justis
1495 834 1659 868 rationibus
1668 835 1887 877 comprobarent
1898 862 1906 870 .
1931 840 2039 872 Verum
2051 839 2098 870 illi
2107 862 2123 877 ,

1236 889 1503 925 quantumcumque
1528 890 1617 919 citati
1644 909 1656 925 ,
1674 886 1800 926 prodire
1824 889 1976 923 noluerunt
2000 913 2008 920 .
2044 890 2120 930 ,Qua

1234 930 1473 976 tergiverfiztione
1494 931 1584 975 suam
1609 934 1831 976 sycophantiam
1863 936 2122 977 manifhstiffimam

1235 983 1434 1016 reddiderunt
1442 1005 1453 1022 ‚
1480 984 1514 1016 o·
1520 986 1733 1025 propemodum
1743 996 1782 1018 ex
1793 984 1859 1027 ipsa
1878 985 2058 1028 recusatione
2068 997 2122 1019 ac·-

1234 1032 1490 1075 cipiendiJ'udicii
1510 1032 1630 1077 insidias
1648 1033 1722 1076 ficas
1743 1034 2018 1078 &conspirationes
2038 1034 2124 1077 quafi

1234 1082 1406 1117 clamoribus
1415 1082 1600 1126 confefflsunt
1611 1109 1618 1117 .
1642 1083 1757 1119 Palam
1773 1086 1913 1121 affirmat
1929 1087 2015 1129 ipsos
2026 1087 2124 1120 fuisse

1233 1132 1352 1172 citatos
1362 1133 1402 1167 ad
1416 1132 1690 1169 Retrastatoriurn
1700 1134 1859 1177 judicium
1873 1160 1884 1177 ,
1908 1136 1961 1170 cui
1973 1136 2126 1171 adessent

1233 1191 1270 1217 ut
1291 1182 1338 1222 rei
1359 1193 1414 1217 aut
1435 1183 1653 1230 accusatore-s.
1681 1186 1793 1232 Qare
1813 1185 2002 1221 Paschafius
2013 1187 2124 1235 Qes-

1233 1232 1358 1272 neilus,
1383 1232 1463 1266 dum
1477 1235 1722 1269 sunmernorem
1744 1235 1882 1269 affirmat
1892 1236 2007 1270 sanciri
2020 1237 2040 1270 a
2051 1239 2121 1271 Sar-

1232 1280 1349 1323 dicensi
1359 1282 1499 1325 synodo
1509 1306 1519 1323 ,
1531 1283 1708 1321 infeliciter
1721 1282 1942 1320 hallucinatur
1952 1311 1960 1318 .
1983 1286 2028 1319 Et
2039 1285 2122 1320 hinc

1233 1331 1319 1366 lucet
1331 1356 1342 1372 ‚
1368 1333 1459 1376 quod
1472 1332 1532 1373 ista
1543 1332 1700 1376 Synodus
1711 1333 1872 1370 Romano
1885 1334 2049 1379 Episcopo
2067 1334 2125 1369 adi

1233 1382 1391 1426 scripserit
1403 1393 1470 1416 non
1485 1383 1590 1424 solum
1602 1384 1818 1420 decernenda:
1839 1386 1874 1419 in
1887 1385 2030 1427 partibus
2039 1385 2126 1419 revi·.

1232 1432 1388 1477 fionisjus
1399 1456 1411 1475 ,
1438 1432 1491 1470 sed
1515 1433 1645 1478 plenam
1665 1432 1901 1471 authoritatem
1925 1446 2004 1470 vera:
2012 1437 2121 1479 appel-

1232 1482 1365 1517 lationis
1375 1505 1383 1515 .
2120 1498 2124 1502 “

1276 1531 1393 1564 Hosto
1415 1531 1574 1570 Canoues,
1591 1533 1638 1569 ita
1656 1533 1821 1568 intellexit
1841 1543 1941 1578 atque
1962 1540 2125 1570 exeamus

1230 1579 1275 1614 est
1287 1579 1387 1613 etiam
1400 1578 1523 1621 primus
1536 1579 1698 1618 Pontifex
1714 1580 1931 1619 Innocentius
1947 1608 1957 1616 .
1982 1583 2126 1620 Etenim

1229 1638 1361 1671 accepta
1381 1629 1487 1661 Sancti
1507 1629 1646 1670 Ioannis
1666 1629 1900 1672 Chrysostomi
1928 1627 2129 1675 appellatio?

1230 1689 1271 1711 ne
1282 1700 1304 1718 ,.
1322 1677 1356 1713 ὄε
1366 1676 1487 1710 auditis
1501 1678 1672 1722 utriusque
1684 1678 1925 1725 partisLegatis
1935 1705 1948 1722 ‚
1963 1682 2123 1720 82an

1229 1728 1390 1771 loannem
1412 1725 1447 1759 in
1461 1728 1514 1761 sua
1533 1729 1772 1766 communione
1789 1731 1947 1771 retinuit,
1972 1731 2061 1774 Juffit
2072 1744 2124 1768 rev*

1230 1776 1459 1816 vestiendum,
1486 1777 1521 1811 ἀ
1544 1777 1587 1812 de
1607 1779 1828 1813 retraetatorio
1847 1779 1974 1822 judicio
1995 1781 2123 1826 scripsit

1229 1827 1271 1862 ad
1292 1827 1504 1862 damnatricis
1523 1826 1651 1869 synodi
1675 1827 1863 1872 Principem
1883 1829 2122 1874 Theophilum

1231 1876 1520 1911 Alexandrinum:
1547 1881 1654 1920 ltaque
1668 1877 1699 1921 fi
1714 1877 1899 1922 conscientiae
1908 1880 2031 1923 confidis
2042 1906 2055 1923 ,
2083 1891 2124 1916 uo

1227 1938 1340 1971 quoque
1345 1928 1458 1969 iudicio
1468 1938 1586 1962 accurre
1595 1929 1641 1962 ad
1649 1930 1791 1967 synodum
1799 1932 1935 1972 proxime
1957 1937 1991 1965 in
2003 1931 2122 1974 christo

1228 1978 1434 2012 celebrandam
1445 2002 1456 2018 ,
1481 1979 1516 2012 Θ
1527 1978 1690 2021 illic-juxta*
1700 1982 1736 2012 N
1738 1985 1825 2014 icaeni
1838 1983 1966 2014 concilii
1974 1986 2121 2025 canones„

1229 2031 1263 2063 Θ
1277 2031 1404 2062 Decreta
1413 2029 1552 2062 contende
1566 2053 1575 2061 .
1602 2030 1684 2063 Alios
1706 2036 1815 2073 quippe
1826 2034 1963 2065 Curiones
1977 2036 2118 2067 Romana

1229 2090 1285 2112 non
1298 2079 1434 2111 admittit
1444 2078 1570 2120 Ecclesia
1582 2104 1588 2111 .
1619 2080 1726 2124 ipsum
1737 2091 1853 2115 evocat
1873 2081 1914 2116 ad
1927 2082 2119 2118 Romanam

1231 2129 1405 2172 Synodum
1417 2153 1424 2161 .
1454 2129 1577 2165 Verum
1592 2128 1660 2164 haec
1672 2141 1741 2165 non
1754 2131 1899 2166 succeffit
1909 2154 1921 2172 ,
1946 2132 1981 2165 &
1993 2143 2036 2167 ex
2044 2143 2121 2167 cau-

1229 2179 1265 2212 sss
1281 2179 1342 2212 fuit
1356 2179 1508 2213 translata
1518 2177 1801 2219 Theffilonicam.
1829 2180 1923 2216 Hinc
1933 2181 1974 2216 ad
1985 2183 2123 2218 fratrent

1230 2231 1263 2263 δε
1275 2229 1451 2273 Collegam
1466 2228 1647 2263 Arcadium
1668 2231 1788 2273 scripsit
1801 2232 1979 2272 Imperator
1991 2233 2119 2266 Hono«

1230 2281 1317 2312 rius:
1345 2283 1404 2312 Hoc
1432 2288 1504 2311 ante
1514 2285 1613 2312 omnia
1636 2281 1674 2312 de
1687 2289 1741 2312 tua
1753 2279 1982 2321 mansuetudine
1989 2278 2095 2325 postulo
2104 2306 2118 2322 ,

1230 2337 1262 2361 ut
1275 2327 1468 2371 Theophilum
1497 2329 1738 2363 Alexandrinum
1761 2335 1854 2365 etiam
1873 2335 2005 2363 invitum
2024 2332 2119 2375 adefflr

1229 2384 1391 2421 praecipiar
1405 2402 1413 2410 .
1443 2377 1660 2415 Manifestum
1675 2380 1720 2413 est
1733 2378 1964 2422 Theophilum
1974 2381 2067 2416 citari
2078 2391 2120 2416 ut

1232 2439 1322 2462 reum
1341 2442 1349 2461 z
1377 2425 1432 2461 Ad
1458 2427 1639 2470 reddendas
1658 2430 1800 2463 rationes
1820 2430 1867 2463 sui
1891 2429 2012 2474 Judicii
2034 2455 2043 2464 .
2071 2430 2120 2466 Ee

1236 2478 1395 2512 Pontifex
1412 2477 1550 2521 affirmat
1560 2477 1629 2513 haec
1642 2479 1755 2514 omnia
1767 2479 1898 2517 decerni
1909 2480 2001 2522 juxta
2011 2482 2120 2515 Nicae-

1235 2540 1296 2562 nos
1305 2529 1460 2566 Canones
1468 2550 1478 2560 .
1505 2523 1618 2564 Palam
1630 2528 1787 2574 intelligit
1798 2530 1999 2564 Sardicenses
2007 2556 2015 2562 .

1282 2578 1362 2612 Huc
1377 2579 1478 2612 etiarn
1488 2579 1606 2621 spectat
1618 2602 1630 2618 ,
1657 2580 1745 2621 quod
1758 2577 1799 2612 de
1811 2579 2007 2622 imperatore
2019 2579 2119 2614 Arca-

1220 2624 1289 2665 vdio
1301 2628 1342 2662 ad
1353 2628 1520 2667 laudatum
1533 2628 1730 2664 Pontificem
1743 2627 1851 2663 scribit
1875 2628 1960 2662 idem
1973 2628 2120 2673 Chryso·

1233 2680 1372 2714 stemus.
1392 2678 1546 2718 Affirmat
1557 2679 1588 2711 se
1598 2678 1638 2712 de
1651 2677 1768 2721 iniquo
1779 2677 1966 2721 Theophili
1980 2679 2116 2714 Patriar-

1234 2729 1303 2764 c-hae
1326 2728 1544 2764 Alexandrini
1559 2750 1569 2767 ‚
1594 2739 1632 2762 ae
1655 2729 1759 2762 totius
1776 2729 1862 2772 apud
1875 2730 2043 2776 Qercum
2052 2730 2120 2772 Sy·-

1236 2779 1315 2814 nodi
1331 2778 1458 2823 judicio
1482 2778 1574 2813 fuine
1586 2778 1802 2822 conquestum
1811 2780 1896 2823 apud
1909 2779 2004 2813 istum
2016 2778 2119 2813 Prin-

1235 2830 1341 2874 cipem
1352 2853 1362 2869 ‚
1389 2829 1423 2862 &
1432 2828 1585 2873 adiungit
1597 2842 1604 2862 :
1633 2831 1780 2863 Arcadius
1787 2837 1845 2870 pro
1856 2828 1914 2872 sua
1920 2834 2036 2871 pietate
2045 2827 2117 2872 mis·

1228 2879 1270 2922 fis
1280 2881 1326 2912 ad
1332 2877 1525 2920 Theophilum
1539 2883 1670 2912 Nuntiis
1681 2904 1692 2920 ‚
1718 2891 1783 2913 eum
1795 2880 1829 2913 δ’
1838 2891 1938 2912 omnes
1948 2903 1959 2919 ,
1985 2884 2119 2921 quicum

1234 2929 1393 2974 ipso'erant
1413 2939 1451 2962 ex
1464 2932 1596 2973 AEgfflto
1611 2954 1622 2970 ,
1647 2936 1790 2970 vocavit,
1816 2937 1850 2962 ut
1872 2933 2004 2963 rationes·
2016 2929 2116 2971 fallo-

1234 2992 1301 3014 aeum
1314 2980 1470 3014 redderent
1482 3004 1489 3012 .
1520 2979 1654 3023 Utique
1665 2980 1833 3014 redderent
1842 2979 1878 3012 in
1890 2980 2044 3023 superiori
2056 2979 2118 3022 Sy·-

1235 3030 1346 3064 nodali
1358 3028 1495 3073 Judicioi
1506 3054 1514 3063 .
1539 3034 1646 3072 Neque
1653 3028 1781 3072 sufficere
1790 3037 1937 3071 putarent
1955 3031 2000 3079 ad
2013 3028 2118 3071 defen·

1227 3080 1334 3122 sionem
1347 3104 1358 3121 ,
1384 3092 1453 3122 quae
1472 3089 1663 3114 attentarant
1684 3092 1723 3114 ex
1737 3091 1797 3113 una
1804 3087 1896 3122 parte
1906 3104 1917 3120 ,
1942 3078 2117 3123 absentibus*

1234 3131 1317 3163 nobis
1329 3155 1340 3171 ‚
1366 3140 1430 3163 tam
1451 3131 1559 3171 iniuste
1572 3155 1583 3172 ,
1606 3139 1711 3164 contra
1730 3140 1774 3163 tot
1784 3141 1819 3163 ac
1840 3138 1940 3164 tantos
1955 3135 2093 3164 canones
2102 3152 2118 3161 .,

1233 3179 1330 3214 Certe
1345 3192 1413 3214 non
1426 3180 1509 3215 alios
1519 3205 1531 3222 ‚
1556 3191 1654 3226 quam
1668 3180 1880 3225 Apostolicos
1905 3181 1939 3215 &
1950 3179 2117 3214 Sardicen-

1234 3231 1281 3267 [es
1294 3253 1303 3261 .
1835 3230 1837 3239 '
1956 3240 1958 3242 ’
2113 3255 2115 3257 .

1282 3279 1361 3313 Haec
1373 3280 1487 3314 omnia
1499 3280 1671 3325 insigniter
1680 3281 1854 3315 confirmat
1867 3278 2021 3322 Evagrius
2034 3276 2115 3320 Epi-

1234 3328 1418 3374 phanienfis
1431 3354 1439 3361 .
1464 3329 1518 3364 De
1530 3331 1768 3374 SanstiCyrilli
1787 3343 1825 3366 ac
1849 3327 2038 3363 Mem-nonis
2060 3325 2112 3360 ad-

1234 3378 1341 3415 versus
1361 3379 1513 3422 iniquum
1540 3380 1676 3423 Joannis
1698 3377 1900 3416 Antiocheni
1925 3378 1959 3410 in
1984 3379 2015 3411 se
2030 3375 2114 3420 judit

1232 3431 1322 3466 cium
1345 3429 1387 3465 ad
1399 3428 1592 3473 Ephefinam
1615 3432 1787 3477 synodum
1806 3427 2025 3472 appellatione
2043 3425 2119 3467 haec,

1983 3476 2063 3512 suri-
