2326 3718
690 128 966 176 RoMAms
1000 125 1588 173 Ammiano-muns.

218 212 362 250 mnibus*
371 212 556 249 Primanbus
569 233 579 251 ,
597 211 647 246 vel
659 209 801 252 universis
814 207 969 251 Epist-opis
981 211 1108 243 Provin-

51 1009 141 1052 Epist.
149 1022 182 1045 ar
189 1023 215 1048 7·

63 2622 235 2660 «affirm»

226 269 336 301 ciarum
357 262 588 306 Africanarum,
611 270 730 305 propter
743 262 827 304 ,longi
851 265 966 293 itineris
989 264 1109 294 novita-

221 325 287 354 tem
296 312 603 356 baberepermiffaest
614 338 621 345 .
649 315 727 350 Cum
738 309 848 352 consilio
866 306 1109 356 carthaginensis

226 361 485 410 Ecclefiaefadium
494 363 533 405 est
547 388 554 396 .
580 362 674 399 Hinc
684 361 838 396 discimus
848 362 937 403 plura
946 385 953 392 .
982 359 1110 399 Primo,

220 411 318 459 *quod
337 413 410 448 duae
437 413 649 448 Mauritaniae
667 413 790 454 semper
803 412 925 446 fuerint
947 410 1020 445 duae
1035 408 1113 442 Pro-

225 462 361 500 yinciae.
389 465 434 499 Et
454 464 582 499 >Civiles
603 464 639 499 ⁴&
668 461 913 496 Ecclefiasticae.
940 456 1112 498 Secundo,

226 513 317 555 quod
330 513 489 550 Sitifenfis
499 512 676 551 Provincia
685 511 772 545 olim
798 522 858 546 nec
869 511 1046 546 primatem
1059 507 1112 541 ha-

223 562 354 605 buerit,
377 575 442 600 nec
461 563 633 608 synodum
654 587 662 596 .
688 561 811 596 Tertio
831 587 842 603 ,
867 561 956 606 quod
979 569 1047 593 non
1070 558 1112 591 ad

226 613 440 649 Caesaraeensis
451 613 652 651 Provinciae,
679 612 732 646 sed
744 614 784 647 ad
796 611 966 646 Numidiae
991 608 1111 643 Prima-

225 671 295 698 tem
322 663 543 708 acsynodum
556 663 757 707 spestaverir.
790 663 868 697 Erat
892 658 1112 701 Hevtetoclyta

226 712 442 749 Hierarchia:
467 711 629 750 Radicem
642 715 759 757 ignoro
771 736 781 746 ,
805 712 911 755 Ipsam
921 710 969 745 ob
980 707 1112 753 longin-

225 764 386 804 quitatem
395 762 551 799 itinerum
577 776 614 797 ac
635 763 716 799 ,alias
736 762 881 797 rationes
903 760 1019 804 pertaesi
1039 758 1114 792 Siti-

226 813 335 850 sense-„s
354 813 560 857 postularunt
583 812 779 858 fingularern
800 810 979 849 Primatem
999 835 1011 850 ,
1037 819 1113 852 pro-

227 863 401 911 priamque
422 863 594 907 Synodum
607 886 619 905 ,
638 864 678 901 i&
692 863 925 898 obtinuerunt.
952 860 1045 894 Hinc
1072 857 1113 893 ad

228 912 444 950 Victorinum
465 913 666 959 Episcopum
686 912 869 948 Numidam
885 936 898 953 ‚
924 912 981 953 qui
1001 918 1115 945 contra

230 961 439 1007 Xantippum
460 961 681 997 contendebat
697 961 762 996 effe
779 960 890 994 senior
914 962 949 994 dt
969 957 1116 997 primas,

230 1012 353 1055 scripsit
370 1013 506 1049 Sanstus
519 1011 747 1055 Augustinus:
774 1012 847 1053 Legi
868 1014 900 1042 in
919 1010 1025 1044 eadem
1043 1010 1117 1042 Tra·

229 1061 346 1103 Retia,
370 1066 464 1094 eiiam
481 1062 528 1093 ad
543 1064 749 1095 Maur-iunias
772 1060 825 1102 effe
841 1058 989 1102 scriptum
1001 1082 1014 1099 ,
1038 1070 1116 1101 quas

230 1113 412 1150 Provincias
417 1108 528 1153 scimus
538 1109 724 1153 baberefitos
736 1113 889 1145 Primates
902 1134 908 1141 .
934 1110 1026 1153 ,Quod
1031 1107 1061 1150 st
1084 1108 1119 1145 θ

230 1172 270 1195 ex
289 1165 331 1195 eis
352 1160 397 1192 ad
404 1162 590 1196 Numidiam
603 1162 829 1197 ‚convocandum
849 1161 915 1203 esset
928 1161 1093 1194 Concilium
1107 1181 1119 1200 ,

228 1215 362 1254 oportuit
372 1216 473 1254 utique
482 1220 516 1247 ut
526 1212 690 1254 aliquorum
701 1214 874 1246 Maurorum
885 1208 1096 1253 Episcoporum
1109 1232 1120 1249 ‚

230 1267 284 1306 qui
304 1262 363 1295 illic
381 1267 497 1303 priores
510 1259 588 1307 sunt
598 1284 609 1300 ,
632 1267 754 1295 nomina
770 1266 804 1295 in
814 1260 971 1296 :crudaria
978 1268 1123 1305 poneren-

232 1322 304 1347 tur.
326 1312 425 1354 ⁴,guod
444 1317 478 1359 in
497 1310 552 1352 ista
561 1311 716 1347 TraHoria
735 1322 794 1344 mn
803 1315 974 1353 reperiens,
996 1310 1122 1342 muitum

231 1367 362 1396 miratus
362 1358 436 1406 sum
446 1385 455 1392 .
482 1361 676 1398 Victorinus
686 1362 758 1405 post
771 1359 945 1395 Valentini
958 1358 1120 1403 Vajanen·

229 1410 272 1449 ‚sis
283 1420 423 1445 mortem
433 1411 603 1454 praetendit
613 1412 645 1446 se
654 1410 825 1447 Seniorern
835 1411 871 1446 N
874 1409 1004 1447 umidiae
1012 1433 1024 1451 ,
1035 1408 1124 1446 ideo-

232 1472 302 1506 que
326 1460 363 1496 ἀ
373 1459 552 1497 Primatem
563 1486 572 1496 .
600 1461 645 1499 Et
656 1460 764 1498 statim
777 1462 808 1494 se
818 1459 998 1498 primatem
1018 1459 1124 1496 osten·

234 1519 364 1547 taturus
371 1509 499 1548 indixit
509 1511 682 1554 synodum
693 1534 705 1551 ‚
725 1511 764 1549 ἀ
773 1521 828 1553 per
837 1510 1028 1544 Trastorias
1041 1509 1123 1543 litte-

235 1570 288 1597 ras
305 1560 507 1597 convocavit
527 1570 598 1595 non
623 1558 834 1597 solummodo
856 1558 1045 1600 Numidiae,
1070 1557 1125 1593 sed

234 1610 371 1655 insuper
379 1609 606 1651 Mauritaniae,
618 1612 733 1654 utique
741 1609 915 1649 Sitifenfis,
929 1609 1124 1653 Episcopus.

234 1659 371 1703 Nempe
389 1657 509 1693 dictam
529 1661 764 1702 separationem
782 1657 987 1702 improbabat
998 1682 1010 1698 ‚
1038 1659 1125 1694 vole·

234 1708 360 1752 batque
378 1707 639 1745 circumducere.
668 1708 760 1744 Fecit
779 1708 865 1742 istud
877 1706 1008 1752 ipsum,
1034 1707 1125 1751 quod

235 1759 349 1805 elapso
360 1757 476 1795 saeculo
486 1758 567 1794 fecit
576 1758 747 1796 Dominus
760 1757 898 1793 Carolus
914 1757 932 1794 a
952 1756 1127 1794 Lotharin·

236 1810 319 1857 gia,
342 1806 644 1854 Archi-Episcopus
664 1809 878 1849 Rhemensis,
906 1809 963 1853 qui
988 1808 1126 1843 noaso·

235 1856 311 1895 lum
321 1858 484 1904 Iprensem
511 1870 550 1894 ac
559 1858 646 1898 alios
656 1870 761 1894 novos
777 1859 804 1893 F
805 1859 835 1893 la
841 1859 935 1894 ndriae
946 1870 984 1893 ac
996 1857 1128 1894 Artefiae

237 1907 423 1954 Episcopus
444 1931 458 1949 ‚
480 1910 537 1948 sed
559 1910 660 1945 etiam
678 1910 786 1954 ipsum
807 1907 1127 1953 Archi-Episcopum

238 1961 510 1996 cameracensem
521 1962 671 1996 evocavit
682 1961 722 1994 ad
734 1962 824 1994 suam
834 1959 1025 2003 synodum:
1044 1958 1127 1992 Cen·

239 2011 307 2048 suit
324 2010 414 2055 ipsos
436 2011 455 2045 2
476 2011 531 2045 sua
543 2009 724 2054 Metropoli
737 2010 912 2054 illegitime
938 2007 1129 2044 acinvalide

239 2059 488 2097 disrnembratos
499 2085 507 2093 .
533 2060 666 2096 Sanstus
677 2060 882 2104 Augustinus
906 2059 989 2094 istud
1000 2059 1129 2103 arguit:

240 2112 336 2153 ,Quas
357 2112 535 2146 Provincias
543 2109 654 2153 scimus
671 2107 744 2152 ficos*
752 2110 858 2146 babere
869 2111 1041 2142 Primates.
1071 2108 1131 2141 Af-

241 2159 354 2196 firmat
375 2157 570 2194 divifionem
592 2160 656 2194 effe
677 2158 880 2202 legitimam,
907 2158 1049 2202 ideoque
1061 2168 1128 2190 non

243 2208 456 2246 tentandam.
486 2209 630 2246 Videtur
639 2210 736 2246 fuiffe
743 2208 827 2244 faeta
838 2219 928 2244 anno
939 2208 1068 2245 decimo
1089 2208 1132 2241 se-

240 2258 352 2307 ptimo
362 2256 473 2300 quinti
485 2256 588 2291 saeculi
596 2281 606 2291 ‚

245 2336 249 2342 .
294 2306 351 2341 De
369 2305 432 2344 hac
442 2304 638 2344 Hierarchia
660 2304 824 2343 scribitad
833 2305 1048 2344 Gennadium
1071 2305 1131 2341 Pa-

244 2355 377 2392 tricium
399 2380 412 2397 ,
447 2357 576 2391 Africaen
590 2355 779 2393 Exarchum
800 2380 813 2397 ,
839 2357 987 2402 Magnus
1007 2356 1137 2401 Grego-

244 2406 314 2443 rius
328 2420 340 2440 .·
365 2407 535 2441 Concilium·
554 2405 776 2441 Carbolicorum
799 2405 1012 2449 Episcoporum
1033 2406 1134 2441 admo-

241 2460 314 2492 ·n‘eri
322 2460 481 2499 precipiti·
491 2479 503 2496 ‚
527 2464 561 2489 ut
575 2458 739 2491 Primoiem
748 2466 808 2491 non
817 2466 855 2489 ex
865 2458 966 2490 ordine
977 2457 1030 2490 loci
1041 2481 1052 2497 ,
1063 2455 1135 2497 post·

243 2505 350 2553 positis
368 2511 446 2543 vitae
466 2511 603 2546 meritis,
623 2505 749 2548 faciat,
777 2510 914 2549 quoniam
934 2507 1020 2548 apud
1041 2509 1137 2539 Deum

248 2567 309 2593 non
311 2556 433 2601 gradus
440 2558 586 2591 olivarior
595 2580 607 2597 ,
628 2554 686 2598 sed
695 2561 770 2590 vitae
781 2556 910 2594 melioris
918 2555 996 2589 adio
1004 2564 1131 2597 compro·

249 2607 359 2643 batur.
388 2605 523 2641 Textus
534 2604 655 2641 habet:
685 2606 810 2644 Gradus
831 2606 1009 2650 elegantior.
1026 2604 1137 2640 -Vide-

249 2667 304 2699 tur
325 2655 393 2692 hoc
419 2656 523 2694 modo
548 2656 763 2701 corrigendus
782 2678 792 2688 .
816 2655 1012 2700 Gregorius
1034 2655 1139 2692 voluit

248 2706 413 2747 Primates
422 2706 576 2751 deinceps
588 2717 657 2744 non
669 2717 725 2750 per
733 2715 860 2741 aetatem
871 2706 1057 2747 succedere,
1083 2705 1137 2741 sed

246 2769 293 2800 ex
312 2755 441 2795 cunctis
462 2755 645 2794 Provinciae
665 2755 836 2800 Episcopis
855 2755 947 2800 juxta
979 2756 1136 2794 virtutum

248 2809 367 2849 merita
375 2805 457 2851 eligi
466 2805 657 2851 digniorem
669 2831 677 2839 .
705 2805 750 2841 Et
759 2805 870 2841 denuo
883 2807 1005 2851 scripsit
1012 2806 1057 2844 ad
1066 2818 1136 2845 om·

252 2868 311 2898 nes
329 2855 501 2895 Numidiae
522 2855 705 2901 Episcopos
726 2856 882 2897 :dPetistis
897 2866 956 2901 per
985 2859 1138 2895 Hilarium

250 2905 476 2949 Chariulgrrium
485 2906 611 2948 nostrum
620 2908 642 2943 ti
654 2907 751 2944 beatae
761 2913 910 2943 memoriae
931 2908 1139 2950 Praedeceffore

250 2953 365 2998 nostro,
388 2966 529 2995 urmes
541 2957 626 2994 vobis
648 2959 730 2992 retro
740 2965 906 3000 temporum
913 2956 1135 3001 consuetudines

248 3004 444 3056 servarentur
454 3030 469 3048 ‚
489 3018 565 3051 quas
576 3010 598 3042 ἃ
609 3009 703 3042 Beati
713 3009 799 3044 Petri
810 3032 822 3050 ‚
846 3007 1040 3050 Apostolorum
1051 3010 1138 3044 Prin·

253 3060 331 3099 cipis
344 3079 356 3097 ,
379 3057 599 3095 ordinationum
615 3063 711 3092 iniciis
725 3057 857 3098 vetustas
873 3060 961 3102 ionga
972 3056 1117 3101 servavit
1128 3081 1137 3091 .

255 3109 305 3146 lit
328 3116 382 3141 Μ
405 3107 523 3150 elidem
533 3132 544 3149 ‚
561 3108 772 3156 juxtaseriem
784 3110 950 3144 Relationis
962 3108 1067 3149 vestre
1077 3119 1140 3142 con-

253 3154 464 3200 suetudinem,
488 3167 557 3198 quae
573 3166 676 3195 tamen
685 3157 883 3200 conirafidem
893 3157 1077 3195 catholicam
1097 3164 1139 3191 ni

259 3204 457 3252 bllusurpflff
466 3204 664 3252 dignoscitur,
687 3215 840 3247 immotam
858 3218 1037 3252 permanere
1047 3219 1139 3243 conce-

259 3257 364 3291 dimus
375 3278 388 3296 2
406 3255 470 3299 five
489 3257 528 3291 de
554 3258 738 3296 Primanhm
759 3259 967 3300 constituendis
978 3284 991 3303 ‚
1015 3256 1140 3301 caeteris-

259 3315 320 3348 que
339 3307 491 3350 Capitulis
503 3331 514 3349 ,
538 3312 669 3351 exceptis
688 3306 759 3349 his,
782 3315 834 3355 qui
850 3321 890 3344 ex
908 3308 1073 3351 Donatistis
1097 3310 1142 3343 ad

263 3352 479 3398 Episcopum
485 3362 688 3401 perveniunt,
711 3360 911 3401 quosprovebi
924 3363 969 3395 ad
986 3362 1140 3397 Primam:

1894 138 1984 182 153

1168 205 1292 239 eundem
1311 203 1410 246 defert
1420 227 1444 246 ‚-
1457 207 1553 239 modis
1570 207 1706 245 omnibs
1723 209 1916 252 prohibemus
1939 234 1947 242 .
1975 210 2056 252 §uffi-

1169 262 1230 291 ciat
1239 257 1413 296 autemillis
1423 280 1435 297 ‚
1457 256 1671 298 tonnniffaeffii
1678 261 1777 301 plebis
1797 262 1999 295 tantummodo
2008 268 2058 294 cu-

1169 318 1237 340 ram
1253 317 1354 351 gerere
1365 332 1375 346 ,
1404 317 1461 339 non
1479 314 1581 341 autem
1594 308 1766 341 iilossnam
1783 311 1933 351 Antistites
1944 335 1955 350 ‚
1977 322 2055 354 quos

1170 355 1324 390 catholica
1339 356 1419 399 fides
1437 361 1475 390 in
1498 354 1702 399 Eccleisaefinu
1714 360 1748 391 (5
1758 360 1869 393 edocuit
1880 364 1913 395 er
1926 367 2033 406 genuit
2045 384 2058 401 ,

1171 406 1412 444 adobtinendum
1418 409 1536 442 eulmtn
1549 410 1704 442 Primam:
1721 414 1834 442 anteire
1845 434 1852 440 .
1881 412 2005 445 Eadem
2016 410 2059 445 de

1168 469 1204 492 re
1217 457 1397 502 Gregorius
1417 458 1573 502 rescripsit
1590 457 1632 494 ad
1648 458 1870 495 Dominicum
1882 459 2060 495 Primatem

1173 506 1464 553 Carthaginensem
1478 533 1485 541 .
1512 507 1642 544 Audita
1661 508 1816 553 Gregorii
1838 508 1873 541 in
1895 508 2063 551 Apostoli-

1171 570 1245 594 cam
1266 558 1384 593 Sedem
1409 560 1599 599 evestiooe,
1625 559 1825 594 Dominicus
1836 560 2064 603 gratulatorias

1174 609 1292 651 scripsit
1303 609 1443 647 litteras,
1470 621 1508 644 ac
1522 609 1604 652 ipsas
1615 609 1791 645 transmisit
1802 620 1856 652 per
1877 608 2069 643 solemniffi·

1178 669 1264 691 mam
1273 657 1517 703 Legationern:
1544 660 1607 695 Per
1616 659 1795 695 Donatum
1818 657 2067 707 &Qod-vult·

1173 707 1267 742 Deus
1290 709 1488 752 Episcopos,
1515 709 1687 745 Victorem
1708 711 1900 745 Diaconum
1912 734 1923 751 ‚
1943 709 1984 745 x&
1996 707 2068 744 An·

1175 757 1289 802 gelum
1307 759 1502 798 Notarium.
1526 758 1658 794 *Nescio
1681 772 1745 802 qua
1765 773 1806 795 ex
1828 761 1921 794 causa
1933 761 2068 795 fuerunt

1175 809 1211 841 in
1237 809 1288 842 via
1308 810 1387 853 paffi
1414 819 1544 850 moras,
1565 810 1604 845 .&
1616 810 1714 845 serius
1726 821 1886 845 venerunt
1899 810 2069 853 Romam,

1178 856 1318 903 ideoque
1338 859 1517 904 Gregorius
1538 870 1606 894 non
1630 860 1797 904 respondit
1820 883 1831 899 ‚
1857 861 1914 894 nifi
1935 860 2070 896 decimo

1175 906 1343 950 Kalendas
1364 910 1511 955 Augusti
1534 935 1546 952 ‚
1580 910 1766 946 indictione
1801 911 1929 945 decima
1953 936 1961 943 .
1991 913 2070 946 Erat

1175 958 1260 993 sexti
1284 960 1393 994 saeculi
1415 972 1521 995 annus
1545 961 1777 1006 nonagesimus
1801 961 1965 995 secundus
1986 973 1995 1003 ;
2023 963 2072 996 At

1181 1006 1258 1041 ver&
1279 1009 1459 1054 Gregorius
1479 1009 1718 1046 Pontificatum
1739 1011 1968 1055 iniveratjam
1995 1021 2074 1045 ante

1181 1057 1370 1093 biennium.
1398 1057 1572 1101 Rescripsit
1592 1062 1675 1094 inter
1695 1071 1808 1097 caetera
1820 1075 1831 1096 .·
1859 1065 1907 1095 De
1926 1060 2076 1103 Ecclefia·

1176 1106 1256 1148 stitis
1262 1108 1527 1151 privilegiisquod
1537 1109 1634 1149 vestra
1649 1115 1847 1146 Fraternitas
1867 1111 1974 1156 scribit
1986 1136 1996 1152 ‚
2023 1112 2076 1146 boc

1176 1155 1334 1201 postposita
1346 1158 1530 1193 dubitatione
1542 1168 1644 1192 teneat
1657 1184 1667 1199 ,
1693 1160 1843 1202 quiaficur
1850 1162 1950 1201 nostra
1963 1162 2077 1205 desem

1181 1210 1304 1249 dimus,
1323 1212 1374 1242 ita
1393 1206 1518 1250 fingulis
1541 1208 1701 1252 quibusque
1720 1209 1858 1250 Ecclefiis
1867 1209 1924 1253 sua
1931 1211 2079 1255 jur-aser·

1183 1269 1315 1293 vamur.
1338 1263 1408 1294 Nec
1429 1259 1546 1293 cuilibet
1561 1283 1572 1299 ‚
1590 1259 1726 1302 favente
1742 1265 1869 1302 gratia,
1894 1261 2080 1302 ultraquam

1180 1316 1333 1349 meretur,
1360 1313 1539 1350 impartior,
1562 1320 1617 1343 nec
1643 1311 1697 1343 ulli
1720 1309 1773 1343 hoc
1785 1310 1867 1352 quod
1872 1307 2010 1352 suijuris
2021 1311 2083 1351 est,

1184 1358 1300 1392 ambitu
1306 1357 1479 1398 stimulante
1488 1360 1599 1403 derogo
1612 1384 1624 1400 ‚
1645 1359 1705 1402 sed
1713 1365 1847 1395 Fratres
1857 1371 1934 1394 meos
1948 1368 2005 1401 per
2025 1372 2084 1393 om-

1186 1414 1240 1442 nia
1260 1407 1402 1443 bonorare
1412 1415 1514 1450 cupio,
1536 1408 1631 1452 fitque
1637 1410 1740 1449 studeo
1753 1410 1859 1443 bonore
1877 1409 2003 1454 fingulos
2014 1410 2086 1453 subc

1187 1457 1279 1500 vehi,
1300 1459 1459 1495 dummodo
1477 1471 1534 1492 non
1538 1459 1578 1503 fit
1592 1462 1673 1502 quod
1691 1463 1779 1495 -alieri
1783 1462 1857 1502 jure
1866 1461 1906 1494 ab
1920 1461 2014 1494 altero
2018 1457 2083 1506 pq(-

1182 1508 1222 1551 fit
1231 1515 1361 1550 opponi..

1241 1557 1408 1595 Africanae
1429 1558 1580 1594 Ecclefiae
1604 1560 1776 1603 disciplina
1801 1572 1857 1604 per
1877 1561 2014 1606 longam
2025 1560 2087 1595 sub

1192 1607 1390 1645 VVandalis
1402 1609 1626 1653 captivitatem
1641 1611 1704 1644 fuit
1715 1612 1786 1645 laesa
1810 1613 1843 1644 in
1857 1611 2002 1654 pluribus
2014 1634 2026 1651 ,
2050 1611 2087 1646 δε

1192 1659 1344 1692 alterata.
1375 1659 1418 1693 Et
1441 1671 1495 1702 per
1518 1659 1591 1693 lites
1612 1662 1653 1694 de
1675 1661 1779 1694 tribus
1810 1661 2088 1695 Chalcedonensis

1193 1707 1340 1741 Concilii
1362 1708 1536 1750 Capitibus
1553 1711 1754 1743 accesserunt
1766 1711 1830 1743 alia
1858 1712 1993 1744 vulnera
2006 1735 2014 1742 .
2043 1710 2088 1744 Et

1194 1758 1266 1801 quis
1274 1767 1354 1791 tunc
1368 1757 1542 1794 Romanus
1551 1756 1712 1792 Pontifex
1726 1760 1854 1794 videtur
1866 1760 1987 1794 avitam
2009 1759 2090 1795 Pro·

1195 1807 1385 1841 vincialium
1398 1808 1603 1843 primatuum
1615 1810 1847 1844 successionem
1860 1835 1870 1850 ‚
1896 1811 1972 1852 quia
2000 1821 2092 1844 com-

1196 1858 1290 1892 muni
1314 1859 1467 1892 omnium
1490 1858 1642 1903 gentium
1672 1859 1875 1894 Hierarchiae
1899 1860 2093 1901 adversam,

1195 1908 1408 1951 improbasse,
1434 1909 1468 1944 δε
1493 1909 1628 1944 voluiffe
1641 1921 1820 1945 mutatam.
1849 1911 1942 1945 Hinc
1963 1911 2090 1946 Africa·

1196 1958 1229 1991 ni
1253 1969 1369 1992 omnes
1385 1984 1395 1998 ,
1421 1958 1589 1993 Numidiae
1611 1961 1783 2003 praesertim
1806 1983 1816 2000 ,
1843 1961 1997 2010 Episcopi
2026 1961 2091 1995 avi·

1194 2019 1266 2043 tum
1278 2020 1402 2042 morem
1418 2009 1546 2052 probari
1558 2010 1592 2046 dc
1607 2010 1728 2045 firmari
1741 2010 1946 2055 postularunt
1959 2012 1977 2045 ὲ
2001 2011 2094 2046 Pela-

1194 2059 1252 2102 gio
1275 2059 1418 2092 secundo
1445 2084 1451 2090 .
1480 2059 1523 2093 Et
1545 2070 1583 2094 ut
1617 2061 1818 2096 Pontificem
1842 2072 2092 2105 permoverent,

1195 2110 1391 2142 asseruerunt
1403 2109 1465 2142 effe
1477 2109 1737 2153 antiquiffimum
1747 2134 1759 2150 ‚
1782 2112 1800 2145 ὲ
1813 2122 1960 2154 tempore
1982 2112 2093 2147 Sansti

1196 2157 1349 2200 Apostoli
1373 2157 1480 2193 Petri.
1507 2158 1645 2194 Aviram
1671 2160 1760 2194 suam
1776 2159 2007 2195 Hierarchiam
2028 2162 2094 2195 stu-

1194 2207 1338 2242 duerunt
1351 2219 1406 2251 per
1420 2219 1539 2243 novam
1555 2209 1758 2253 Apostolicae
1768 2211 1860 2245 Sedis
1870 2212 2094 2246 confirmatio-

1194 2268 1270 2290 nem
1281 2259 1394 2293 redere
1404 2259 1646 2294 immutabilem
1659 2286 1666 2293 .
1695 2261 1811 2295 Preces
1840 2260 1989 2295 videntur
2003 2262 2095 2296 Pela-

1194 2307 1458 2354 giuminveniffe
1468 2309 1658 2343 defunctum
1671 2333 1680 2349 ‚
1708 2322 1746 2344 ac
1759 2312 1854 2344 suiffe
1880 2312 2003 2344 traditae
2017 2313 2093 2345 Suc-

1197 2357 1312 2391 cessori
1336 2357 1503 2402 Gregorio
1524 2384 1531 2391 .
1561 2359 1604 2394 Et
1626 2357 1681 2394 hic
1712 2360 1914 2405 improbavit
1942 2372 2094 2402 morem,

1198 2407 1368 2451 ipsumque
1382 2420 1450 2442 non
1466 2408 1600 2453 quidem
1615 2410 1823 2451 immutavit,
1850 2411 2000 2454 sedjusfir
2026 2412 2094 2445 im·-

1199 2457 1318 2490 mutari
1330 2467 1385 2502 per
1405 2457 1579 2501 Synodum
1594 2482 1605 2498 ‚
1632 2460 1667 2492 ὃς
1679 2459 1776 2502 hujus
1788 2462 2019 2494 executionem
2037 2460 2093 2495 de·-

1198 2506 1320 2551 legavit
1352 2505 1508 2542 Exarcho
1537 2507 1719 2542 Gennadio
1736 2532 1743 2540 .
1775 2508 1894 2543 Voluit
1930 2511 2091 2546 Primates

1197 2556 1349 2600 deinceps
1368 2556 1451 2603 eligi
1465 2568 1519 2601 per
1528 2556 1700 2600 synodos:
1730 2558 1821 2603 Eligi
1844 2560 2030 2604 digniorem
2042 2571 2092 2595 to·

1197 2608 1261 2641 tius
1283 2606 1467 2642 Provinciae
1491 2632 1500 2640 .
1528 2607 1606 2644 Erat
1629 2608 1820 2644 sanssiffima
1842 2610 1965 2644 sanctio
1986 2635 1993 2643 .
2021 2610 2090 2645 Ni·-

1198 2655 1381 2692 hilominus
1405 2658 1535 2693 suarum
1553 2658 1833 2694 consuetudinum
1860 2670 1990 2695 tenaces
2013 2662 2089 2695 Afri

1197 2707 1442 2743 intercesserunt
1464 2731 1476 2748 ,
1500 2708 1535 2742 δι
1557 2719 1659 2742 novas
1682 2709 1839 2745 miserunt
1866 2721 1972 2753 preces
1993 2735 2000 2743 .
2027 2711 2090 2745 Per

1198 2757 1367 2794 Numidia
1388 2758 1584 2802 Episcopus.
1614 2758 1658 2793 Et
1676 2760 1824 2802 optimus
1836 2760 2015 2806 Gregorius
2040 2762 2090 2796 in-

1197 2806 1296 2843 dulfit
1320 2807 1446 2852 aliquid
1480 2809 1741 2844 moderaminis,
1780 2811 2087 2852 Consuetudinem,

1197 2858 1354 2903 quoniam
1365 2857 1552 2895 Catholicae
1563 2859 1639 2893 fidei
1650 2871 1719 2894 non
1742 2859 1974 2895 adversabatur
1985 2886 1994 2901 ,
2022 2872 2089 2903 per—

1197 2909 1283 2943 mifit
1305 2908 1499 2952 procedere,
1524 2921 1563 2944 ea
1585 2920 1694 2944 tamen
1716 2909 1788 2953 lege
1802 2922 1837 2945 ut
1847 2912 1931 2953 apud
1945 2911 2087 2945 Donati-

1196 2959 1258 2995 stas
1276 2958 1458 2995 consecrati
1468 2983 1482 3002 ‚
1505 2959 1541 2996 ἀ
1558 2958 1731 3004 postmodo
1742 2959 1785 2995 ad
1798 2960 1942 2994 Matrem
1962 2960 2087 2995 Catho-

1197 3010 1295 3046 licam
1314 3008 1506 3044 accedentes
1531 3010 1685 3055 Episcopi
1707 3021 1877 3054 nunquam
1899 3013 2025 3055 possent
2044 3011 2085 3045 ad

1197 3060 1381 3097 Primatum
1403 3059 1563 3105 adspirare
1580 3084 1590 3093 ‚
1619 3059 1737 3095 Postea
1756 3060 1960 3096 advenerunt
1985 3061 2085 3096 etiarn

1196 3111 1311 3146 litterae
1330 3110 1364 3144 &
1385 3109 1526 3155 Legatio
1547 3108 1702 3146 Primatis
1723 3110 1918 3146 Dominici:
1947 3111 1990 3145 Et
2006 3112 2085 3146 Gre-

1198 3162 1311 3208 gorius
1321 3159 1431 3195 denuc
1444 3159 1584 3196 firmavit
1595 3160 1688 3194 suum
1716 3160 1892 3198 Decretum
1904 3187 1912 3195 .
1938 3161 2086 3196 Proinde

1199 3213 1259 3249 ista
1271 3210 1478 3246 Primatuum
1488 3209 1653 3246 Succeffio
1674 3211 1798 3255 semper
1821 3213 1993 3255 permansit
2015 3239 2025 3253 ,
2052 3212 2086 3245 ὃς

1199 3262 1279 3298 dum
1293 3259 1440 3296 Africam
1458 3260 1636 3305 contigerit
1647 3260 1756 3296 reduci
1779 3262 1824 3296 ad
1833 3262 2002 3296 Christum
2015 3264 2086 3297 Dor

1199 3315 1328 3351 minum
1339 3309 1468 3346 debebit
1482 3321 1668 3354 permanere
1679 3335 1688 3345 .
1719 3311 1762 3346 Et
1773 3311 1830 3347 ista
1844 3312 1998 3358 Gregorii
2008 3324 2047 3346 co
2054 3325 2086 3345 nr

1199 3374 1247 3400 tra
1258 3360 1453 3399 Donatista:
1463 3360 1627 3405 appendix
1638 3371 1708 3396 non
1719 3362 1782 3397 fuit
1795 3373 1880 3397 nova
1891 3388 1899 3396 .
1926 3364 2030 3398 Lucet
2043 3373 2083 3394 ex

260 3406 445 3455 ¹‘dignirairm
455 3431 468 3450 ‚
492 3412 583 3448 etiam
591 3417 656 3444 cum
663 3407 734 3445 ordo
754 3409 928 3446 clericorum
937 3423 985 3448 eos
994 3411 1039 3448 ad
1051 3411 1142 3448 hcm
1198 3415 1267 3452 illis
1275 3437 1287 3456 ,
1296 3431 1303 3438 ·
1313 3422 1384 3459 quae
1405 3408 1501 3448 nobis
1517 3410 1632 3448 Viaor
1652 3411 1890 3449 Tonnoneniis
1900 3412 1987 3447 dixit
1997 3412 2083 3446 circa

1969 3459 2036 3495 Pri-
