2326 3718
93 272 176 313 Epist.
190 279 241 307 162

122 3012 197 3047 Cap·
217 3018 239 3045 ς.

343 130 442 169 226

812 119 900 164 DE
934 120 1263 163 Apamam
1312 115 1533 164 E-ches
1551 135 1614 163 ΜΞ

263 202 370 244 firma
379 201 561 241 symdaiium
569 198 802 243 sententiarum.
813 201 818 221 ³
832 202 1014 236 Confirmat
1027 201 1061 234 in
1074 202 1158 234 litte-

1223 197 1501 241 Respondeomec
1515 200 1720 236 Cecilianum
1730 224 1742 242 ,
1773 212 1833 241 nee
1844 203 2037 240 Donatistae
2055 214 2108 250 ap·

268 252 312 290 ris
323 252 363 287 ad
374 249 532 294 quosdam
552 250 810 286 Donatistarum
825 252 1005 296 Episcopos
1025 251 1157 284 Sanctus
1221 249 1351 292 pellaffe
1374 248 1416 282 ad
1430 249 1667 286 Melchiadem.
1695 250 1827 287 Etenim
1843 254 2038 290 ‘Cecilianns
2060 258 2108 292 se·

244 307 247 312 ’
267 301 477 345 Augustinus
490 314 502 335 .·
528 300 622 344 Ipfius
635 304 728 335 Beati
740 301 915 337 Melcbiadis
928 302 1035 334 ultima
1046 299 1083 341 est
1090 309 1157 342 pro-

265 352 329 388 lata
337 349 492 394 sententia
503 376 511 384 .
532 351 757 400 IQia.nempe
768 350 923 385 Pontifex
947 362 1015 383 nou
1039 351 1157 383 solum-

265 401 369 435 modo
392 403 426 435 in
443 400 718 436 patriarchalibus
732 401 793 434 suis
804 425 814 440 ‚
842 400 897 433 sed
909 402 1009 434 etiam
1022 401 1056 434 in
1070 411 1159 434 oecu-

1220 298 1317 332 debat
1331 299 1442 334 firmus
1453 300 1487 334 iu
1496 299 1747 345 Carthaginensi
1759 301 1924 344 Thmoo..
1949 306 1984 340 ἀ
1993 306 2106 340 Dona-

1221 348 1299 382 tistae
1312 350 1440 383 causam
1449 361 1563 386 contra
1589 352 1694 396 ipsum
1707 351 1938 396 obtinuerant,
1962 355 2105 399 ideoque

1219 410 1333 433 neutra
1355 409 1425 443 pars
1450 402 1574 437 censuit
1601 400 1832 445 appellandum
1846 419 1860 434 κ.
1884 403 2105 451 AdtMagnus

264 451 404 488 menicis
417 451 575 494 ..synodis
598 451 696 485 habet
711 450 965 494 Praerogativam
977 450 1129 494 Suffragii
1142 475 1152 489 ,
1170 446 1174 484 l
1219 448 1456 484 Constantinus
1467 452 1560 486 salitas
1572 451 1878 486 fibiDonatistarum
1892 453 1998 496 preces
2008 457 2106 495 tmus-

264 501 476 538 Relationem
490 500 669 545 judicandae
678 502 781 534 causae
796 524 806 539 ,
835 500 1001 543 &Iudicii
1021 502 1155 534 conclu-

264 552 578 646 fiogtxbaginenfis
603 600 758 642 synodus
784 612 839 642 per
859 600 1037 634 Primatem
1052 598 1153 634 Aure—

1218 502 1357 534 mutavit
1381 500 1414 533 in
1448 500 1719 536 Retraktatorium
1739 501 1912 545 Synodalis
1922 507 2106 541 contrat-'oe-

1217 549 1375 584 cilianum
1389 551 1554 586 sententiae
1566 552 1725 595 Judicium
1745 578 1754 592 ‚
1782 553 1923 594 ideoque
1943 554 1978 587 ὅ(
1991 554 2026 587 in
2037 556 2106 589 ffir-

1217 610 1302 634 mam
1316 601 1542 644 appellationis
1554 626 1562 633 .
1590 602 1771 637 Donatistae
1781 625 1792 641 ,
1806 604 1879 637 licet
1890 603 2107 640 cecilianum

263 652 348 687 lium
373 663 412 686 ac
438 652 493 694 ipfi
521 650 717 683 adsidentem
746 651 899 684 Sanctum
928 651 1152 695 Augustinum
1216 651 1442 691 damnaflent,
1467 662 1612 685 attamen
1639 663 1700 686 nec
1721 654 1807 687 intra
1831 664 1891 687 nec
1910 665 2004 687 extra
2020 654 2107 688 Afri-

260 703 371 738 sanxit
385 716 395 735 :
422 702 541 734 Placuit
560 708 595 732 ut
608 705 783 741 quicumque
801 701 840 733 ab
862 705 1041 743 Imperatore
1061 707 1151 744 cogni-

260 758 369 785 tionem
391 750 575 791 publicorum
578 754 611 793 J
614 750 774 782 udiciorum
790 756 932 792 petierit,
959 750 1066 784 bonore
1085 761 1154 793 pro-

254 807 322 844 prio
327 806 468 842 privetur
486 811 499 840 ;
517 798 547 841 fi
556 808 654 834 autem
667 798 843 842 Epifiopale
848 804 879 845 J
882 803 1010 834 adiciam
1035 801 1072 834 ab
1095 805 1153 833 Im·

255 859 395 893 peratore
401 854 525 891 petierit
537 872 548 893 ‚
575 849 654 884 nibil
660 856 686 883 ei
698 849 784 891 obsit.
814 851 983 895 Epist-opis
1009 864 1046 886 ac
1058 853 1150 884 omni

257 901 359 935 Clero
371 900 530 943 permittit
546 924 558 940 a
584 911 620 935 ut
631 901 742 935 causas
753 902 823 935 suas
834 901 979 936 deferant
1007 903 1046 936 ad
1060 901 1150 934 Prin·

256 952 366 994 cipem
379 977 390 994 ,
417 962 455 984 ac
468 949 761 994 abipsorflagitent.
778 951 1040 985 Ecclefiasticum
1065 952 1151 995 Judi-

255 1002 344 1036 cium
359 1025 366 1033 .
395 1001 474 1036 Erat
488 1012 561 1035 mos
590 1001 681 1036 istius
694 1002 863 1044 temporis.
899 1003 952 1036 De
964 1003 1029 1046 ipso
1042 1002 1149 1036 scribit

254 1051 426 1087 Dominus
445 1049 561 1086 Petrus
573 1051 614 1086 de
623 1051 737 1086 Marca
750 1050 862 1094 :lz-Usus
874 1051 956 1092 illius
982 1057 1084 1096 Regia·
1099 1064 1148 1084 au-

253 1100 406 1137 thoritatis
420 1103 616 1148 manavitsii
638 1101 841 1142 constantino.
848 1108 894 1139 in<
904 1101 992 1146 causa
1006 1103 1148 1135 ceciliani

252 1150 497 1197 Carthaginensi]-
511 1149 674 1195 Episcopi,
699 1158 814 1194 quipar
830 1151 981 1195 summam
1004 1155 1147 1192 injuriam

250 1200 475 1245 &septuaginta
487 1199 645 1242 Episcopi}
656 1225 668 1241 ,
695 1205 809 1235 Donati
817 1201 979 1245 schismate
1000 1202 1119 1243 infetffis
1136 1225 1146 1240 ‚

252 1254 418 1287 damnatus
441 1249 787 1294 Ecclefiam.retinebat-.
806 1255 866 1291 ⁴*Dc
880 1264 941 1294 qua
963 1263 995 1284 re
1006 1251 1146 1292 conquesti

250 1300 326 1345 sunt
340 1300 504 1344 Donatista:
516 1301 642 1335 Anulmo
659 1300 828 1343 Proconsuli
836 1300 950 1341 Africae
959 1325 970 1342 ,
997 1301 1146 1342 impendio

246 1351 429 1394 postulantes
438 1374 451 1390 ,
478 1359 514 1384 ut
527 1348 705 1391 fasciculum
718 1355 751 1382 in
762 1351 846 1383 aluta
863 1348 1011 1393 fignaeturn
1029 1362 1093 1383 cum
1111 1351 1144 1382 li-

248 1401 323 1437 bello
329 1399 385 1441 fibi
397 1400 493 1435 oblato
505 1397 674 1443 adsacrum
686 1403 871 1435 comitatum
877 1402 1023 1445 dirigeret
1035 1425 1043 1433 .
1069 1405 1144 1433 Con·

244 1449 399 1491 stantimi'c
413 1460 424 1490 ·,
442 1452 529 1492 juris
541 1449 757 1495 religiofiffimus
779 1454 922 1493 Princeps
932 1476 942 1492 ,
954 1456 1145 1496 cognitionem

249 1506 384 1538 criminis
414 1498 604 1541 Ecclefiassici
625 1502 778 1535 adversas
802 1501 982 1545 Episcopum
999 1499 1145 1545 suscipere

250 1553 345 1586 naluit
354 1577 366 1593 ,
386 1549 446 1595 sed
453 1550 663 1591 Donatistiseae
672 1553 710 1585 de
721 1563 753 1585 re
761 1558 876 1587 acriter
900 1551 1064 1595 objurgatis
1076 1575 1087 1591 ,
1097 1580 1099 1582 .
1111 1552 1145 1584 Θ

250 1600 414 1645 Episcopos
436 1603 454 1635 e*
469 1602 575 1634 Gallia
586 1600 673 1641 ,Αιόὶ
688 1603 830 1644 Princeps
861 1612 932 1636 tunc
951 1602 1122 1635 morabatur
1132 1624 1143 1643 ‚

241 1651 297 1694 fibi
303 1656 336 1698 J
339 1652 439 1686 udices
449 1652 517 1686 dari
524 1650 740 1694 postulantibus
756 1677 767 1693 ,
793 1655 825 1685 εὸ
837 1654 917 1695 qnod
929 1652 1072 1694 Africana
1078 1655 1110 1696 J
1112 1664 1142 1686 u·

249 1704 330 1737 dicia
339 1711 395 1745 per
405 1706 605 1745 contentiones
613 1707 750 1744 partium
750 1701 892 1748 suspffa
915 1704 1002 1745 essent
1015 1727 1025 1742 ,
1054 1705 1141 1735 Prin-

250 1761 317 1795 ceps
338 1758 423 1795 pacis
449 1750 649 1792 Ecclefiasticae
667 1751 875 1798 studiofiffimus
899 1757 959 1786 tres
974 1754 1141 1786 Galliarum

251 1802 412 1847 Episcopo:
429 1803 585 1846 delegavit
594 1827 605 1843 ,
620 1808 683 1845 ‚qui
695 1804 757 1835 ami
767 1803 833 1835 crim
845 1802 1013 1837 Melcbiade
1033 1807 1140 1836 Roma·

251 1867 287 1888 m
303 1853 443 1895 Pontifice
455 1854 678 1893 dijudicarent.
705 1857 773 1886 Nec
781 1858 858 1887 enim
867 1852 958 1900 causa
980 1853 1034 1887 illa
1052 1865 1139 1898 gene-

250 1906 325 1938 ralis
336 1929 346 1944 ‚
371 1916 439 1946 quae
450 1908 541 1937 totius
553 1901 686 1944 Ecclefiae
697 1910 925 1938 communionem
929 1903 1140 1946 perturbabat,

250 1953 360 1996 absque
373 1958 504 1987 Romano
517 1952 656 1994 Pontifice
676 1955 735 1988 rite
747 1954 865 1996 definiri
880 1963 1021 1996 poterat.
1050 1954 1143 1988 Errat

249 2006 381 2039 eausam
395 2004 488 2039 istam
500 2014 580 2040 tunc
594 2005 687 2038 fuiffe
697 2004 881 2049 generalem
892 2029 905 2045 ‚
931 2005 964 2038 &
981 2003 1142 2047 perturba-

249 2056 366 2090 tricem
379 2054 481 2089 totius
496 2053 644 2088 Ecclefiae
654 2078 662 2086 .
688 2055 783 2088 Licet
794 2054 971 2097 postmodo
982 2054 1055 2087 talis
1073 2066 1141 2088 eva-

248 2105 325 2140 serit
340 2129 351 2144 ‚
377 2114 457 2138 tunc
482 2114 591 2141 tamen
614 2112 682 2138 erat
704 2104 744 2136 lis
761 2115 940 2147 paucorum
962 2103 1140 2147 Episcopo-

248 2167 322 2189 rum
338 2179 345 2187 .
375 2154 517 2198 Aliquot
531 2154 702 2197 praesertim
712 2154 933 2188 Numidarum
945 2179 952 2186 .
981 2153 1140 2188 Constan-

249 2206 338 2240 tinus
353 2205 453 2249 ipsam
475 2215 515 2238 ex
537 2203 599 2238 isto
613 2205 720 2246 capite
741 2203 984 2241 nontranstulit
1006 2204 1041 2237 in
1065 2205 1139 2238 San·

249 2259 337 2290 c‘tum
363 2254 607 2289 Melchiadem.
637 2254 753 2288 Unica
776 2254 870 2297 hujus
893 2253 1139 2288 transmiffionis

249 2307 344 2340 causa
358 2306 421 2338 fuit
449 2305 498 2338 vel
511 2305 695 2346 supremum
706 2303 847 2347 Papale,
873 2303 924 2336 vel
948 2303 1140 2337 Patriarchi·

252 2366 329 2389 cum
343 2354 506 2389 Romanae
520 2353 726 2396 Ecclessaejus
737 2378 747 2394 ,
775 2354 829 2386 cui
841 2353 996 2387 Africana
1008 2353 1140 2387 Dioece=

249 2407 288 2441 fis
316 2403 442 2439 suberat
471 2428 478 2437 .
505 2403 884 2448 Juriszeligioszffimus
907 2402 1061 2446 Princeps
1082 2402 1140 2436 Pa-

250 2453 434 2490 triarchalia
446 2454 546 2488 etiam
559 2454 588 2486 A
594 2454 761 2495 postolicae
776 2452 870 2486 Sedis
886 2451 1063 2497 Privilegia
1084 2465 1140 2487 no-

252 2507 315 2540 luit
327 2505 441 2539 laedere
453 2530 461 2537 .
490 2503 533 2537 Et
549 2512 612 2543 tres
624 2502 787 2536 Gallicani
805 2502 961 2547 Episcopi
977 2514 1068 2537 erant
1084 2504 1141 2536 mi-

250 2557 343 2590 nima
355 2556 446 2589 istius
458 2554 585 2597 Synodi
598 2554 709 2596 portio
723 2578 729 2584 .
756 2554 890 2587 Etenim
904 2553 1038 2587 aderant
1049 2554 1141 2597 quin·

250 2605 356 2640 decim
380 2605 452 2640 Itali
468 2630 478 2646 ‚
503 2603 740 2647 elestiJudicio
762 2602 981 2637 Melchiadis.
1009 2605 1052 2637 Et
1067 2604 1140 2637 isto·

252 2668 325 2691 rum
338 2656 513 2690 Gallorum
526 2655 700 2691 associatio
708 2664 774 2687 erat
787 2655 1008 2687 consentanea
1034 2654 1140 2687 Cano·

255 2706 372 2740 nibus.
403 2706 537 2738 Etenim
564 2705 597 2738 ὃ(
612 2704 783 2737 Gallicana
798 2703 941 2737 Ecclesia
954 2704 1051 2746 pleno
1064 2705 1139 2737 sem·

253 2767 308 2800 per
323 2755 396 2798 Jure
410 2754 560 2798 spectavit
569 2755 609 2788 ad
622 2752 876 2787 patriarchalem
889 2754 1062 2796 Synodum
1072 2753 1141 2787 Ro-

254 2807 344 2840 mani
367 2805 563 2839 Pontificis.
594 2804 694 2839 Erant
715 2814 778 2837 tres
801 2804 917 2837 summi
936 2803 1019 2836 viri:
1047 2803 1139 2837 Hinc

254 2857 341 2899 ipsos
351 2854 505 2900 Princeps
518 2880 529 2896 ,
557 2853 742 2889 Donatistis
755 2854 868 2888 volens
879 2854 988 2897 largiri
1002 2853 1140 2897 aliquid,

254 2907 347 2940 suafit
371 2905 615 2951 adjungendos.

304 2957 448 2999 Scriptor
472 2956 677 2999 Anonymus
698 2955 796 2989 etiam
819 2955 903 2989 rodit
927 2954 992 2988 haec
1003 2954 1113 2988 omnia
1129 2968 1140 2988 .-

256 3009 362 3039 Prima
377 3007 481 3047 fronte
485 3005 602 3049 falsum
628 3006 666 3046 est
678 3007 859 3039 Ceciitanum
882 3007 927 3038 ad
945 3005 1140 3038 Melchiadem

257 3058 376 3096 Papam
387 3056 541 3100 appellasse
552 3080 563 3095 ,
588 3067 641 3090 aut
655 3057 711 3089 ullo
723 3058 806 3088 modo
814 3056 889 3098 poffe
911 3055 1052 3087 ac‘lionem
1074 3055 1138 3087 litis

258 3106 294 3138 de
302 3106 493 3138 Ordinatione
504 3109 569 3144 eius
581 3130 591 3146 ‚
621 3107 830 3148 appellationis
843 3111 957 3138 nomine
963 3104 1137 3148 signficari.

258 3155 303 3188 Et
315 3154 398 3187 infra
415 3166 422 3185 ε
449 3157 478 3186 5i
493 3155 636 3196 verafuit
648 3160 683 3188 ἐπ’
703 3156 758 3189 hac
768 3155 857 3198 causa
868 3153 1018 3197 adsedem
1029 3153 1138 3196 Aposto-

257 3207 345 3238 licam
363 3212 532 3245 provocatio
554 3230 564 3245 ‚
589 3213 643 3239 aut
658 3206 725 3247 fuit
748 3212 863 3238 nomine
883 3206 1026 3237 ceciliani
1051 3229 1062 3244 ,
1087 3213 1139 3235 aut

260 3252 502 3294 Donatistarum?
529 3258 600 3287 Non
613 3255 705 3296 potest
715 3254 821 3297 censeri
845 3261 961 3288 nomine
973 3252 1137 3292 Donatista-

259 3316 324 3338 rum
337 3328 348 3345 ,
375 3308 513 3345 quoniam
532 3304 614 3335 litem
638 3305 827 3338 obtinuerant
849 3311 880 3338 i'n
891 3307 1019 3338 Concilio
1029 3308 1136 3337 Numi-

259 3356 337 3388 diae.
364 3358 437 3386 Non
457 3351 548 3394 potest
565 3358 656 3385 etiam
681 3355 739 3386 dict
756 3361 870 3388 nomine
893 3355 1049 3388 ceciliani.
1076 3357 1138 3386 Cur

260 3410 336 3439 enim
346 3401 543 3446 bancfilentio
561 3402 784 3447 'pratermffiffet
796 3406 816 3436 5
817 3405 922 3439 antius
937 3403 1110 3449 Augustinus
1123 3405 1139 3436 ,ἒ

1215 713 1287 735 cam
1326 712 1502 744 potuerunt
1531 701 1677 735 nancisci
1699 703 1747 736 sui
1769 704 1890 746 Judicii
1909 704 2047 739 studium
2072 704 2107 741 &t

1215 754 1444 785 executionem
1459 776 1466 783 .
1497 751 1690 794 Posteaquam
1703 775 1714 791 ,
1724 758 1822 794 inquit
1835 754 2009 798 Augustinus
2019 779 2030 795 ‚
2048 758 2108 787 Do-
2122 752 2275 792 Epist-162·

1214 801 1330 840 natist‘ae
1341 808 1459 843 experti
1465 801 1538 843 sunt
1548 813 1611 834 cum
1628 802 1775 838 eeciiiano
1782 811 1959 844 permanere
1981 816 2107 838 commu»

1214 859 1330 884 nionem
1343 853 1435 884 Orbis
1456 861 1626 891 terrarum,
1652 854 1686 886 (θ’
1698 853 1742 884 ad
1758 863 1825 885 eum
1847 855 1868 885 ἃ
1889 853 2104 897 transmarinis

1214 901 1346 942 Ecclefiis
1357 908 1628 936 communicatorias
1639 904 1757 935 litteras
1770 909 1853 935 mitti
1862 927 1874 943 ,
1894 914 1952 938 non
1962 907 2006 938 ad
2016 907 2040 938 il
2042 908 2103 940 lum

1213 953 1394 991 Majorinum
1401 977 1412 993 ,
1437 964 1528 994 quem
1527 951 1583 993 fibi
1588 952 1614 995 s
1609 953 1733 986 celerate*
1742 954 1962 987 ordinaverant
1973 968 1989 994 ,·
1993 957 2104 996 puduit

1213 1014 1258 1034 eos
1276 1000 1392 1044 semper
1414 1012 1528 1035 tacere.
1557 1003 1651 1036 Hinc
1668 1004 1686 1036 a
1708 1003 1861 1046 Principe
1882 1005 2104 1047 supplicarunt

1212 1053 1272 1084 suae
1284 1052 1449 1086 sententiae
1463 1053 1695 1086 executionem
1708 1077 1714 1084 .
1742 1053 1848 1086 Porro
1860 1065 1915 1096 per
1924 1054 2102 1090 Transma-

1212 1102 1296 1135 tinas
1309 1102 1478 1137 Ceciliano
1503 1103 1788 1136 communicantes
1803 1103 1959 1137 Ecclefias
1971 1106 2101 1139 Sanctus

1191 1123 1198 1201 Ι
1211 1152 1418 1195 Augustinus
1432 1152 1602 1195 praesertim
1615 1153 1774 1196 intelligit
1786 1153 1975 1188 Romanam
1987 1166 1996 1186 .⁴
2024 1155 2100 1189 Nee

1210 1199 1429 1234 dubitandum
1450 1202 1494 1235 est
1508 1225 1520 1240 ,
1546 1203 1627 1241 quin
1642 1201 1831 1236 cecilianus
1851 1203 1908 1245 ipsi
1918 1205 2008 1238 suam
2021 1217 2101 1239 con*-

1212 1249 1423 1283 secrationem
1439 1273 1450 1288 ,
1476 1250 1624 1293 adeoque
1645 1250 1678 1284 ὃ(
1698 1249 1859 1291 Majorini
1887 1252 2101 1288 intrusionem

1211 1298 1363 1334 retulisset
1377 1323 1389 1340 ,
1414 1299 1651 1334 acob'tinuisset
1664 1300 1754 1334 istius
1772 1300 1960 1334 firmitatem
1973 1326 1980 1334 .
2007 1301 2103 1340 Hinc

1213 1349 1398 1387 Donatistae
1409 1361 1477 1384 non
1488 1351 1507 1384 ὲ
1520 1348 1703 1390 Pontifice,
1729 1351 1781 1384 sed
1797 1350 1814 1384 ἢ
1828 1350 1980 1394 Principe
1994 1353 2102 1394 postu-

1210 1399 1317 1433 larunt
1330 1401 1492 1434 auxilium
1506 1425 1513 1433 .
1541 1401 1674 1435 Norant
1693 1401 1785 1434 suum
1810 1401 1851 1435 de
1863 1401 2036 1437 ceciliano
2047 1403 2102 1446 Jug-

1209 1449 1331 1484 dicium
1341 1452 1402 1484 effe
1413 1450 1526 1485 multis
1545 1452 1578 1485 &
1589 1451 1719 1495 magnis
1731 1451 2102 1494 exceptionibus-obum-

1210 1501 1303 1534 xium
1317 1525 1327 1541 ,
1341 1501 1483 1542 ideoque
1492 1500 1577 1544 prius
1587 1499 1821 1535 retranstandum
1832 1502 1868 1535 &
1879 1501 2099 1542 firmandum

1209 1550 1307 1594 quem
1317 1551 1510 1584 donandum
1524 1550 1720 1585 executione
1733 1575 1740 1582 .
1767 1551 1862 1585 Hinc
1874 1551 1980 1595 ipsum
1991 1552 2100 1595 'postus-

1209 1601 1316 1634 larunt
1336 1600 1494 1635 retractari
1518 1614 1529 1635 .·
1556 1601 1715 1635 Attamen
1739 1614 1807 1635 non
1831 1613 1887 1645 per
1909 1602 2102 1638 Romanam

1210 1651 1383 1685 Ecclefiam
1396 1676 1409 1690 ,
1435 1652 1488 1684 sed
1514 1662 1568 1693 pet
1593 1652 1773 1694 Episcopos
1785 1652 1966 1686 Galliarum
1980 1677 1986 1684 .
2012 1653 2098 1687 Iceni

1209 1712 1329 1736 norant
1342 1701 1526 1735 Gallicanis
1538 1701 1707 1744 Episcopis
1728 1702 1853 1735 nullam
1864 1703 1925 1735 effe
1936 1702 2099 1747 istiusmo-

1207 1751 1241 1786 di
1264 1752 1473 1787 facultatem:
1502 1751 1595 1785 Hinc
1616 1753 1803 1796 refugerunt
1827 1751 1868 1785 ad
1890 1751 2098 1794 Maiestatem

1209 1801 1282 1836 laici
1299 1801 1460 1845 Principis
1473 1827 1480 1833 .
1508 1801 1546 1835 In
1561 1802 1744 1836 Occidente
1757 1802 1854 1845 primi
1864 1801 1958 1835 istam
1971 1812 2098 1844 portam

1211 1864 1411 1896 aperuerunt.
1429 1851 1552 1885 Verum
1567 1851 1760 1885 Christianae
1771 1849 1968 1886 Hierarchiae
1976 1863 2098 1898 gnarus

1207 1914 1244 1937 ac
1282 1902 1537 1946 religiosissimus
1550 1902 1705 1945 Princeps
1723 1903 1980 1936 retra&ationem
2002 1903 2104 1942 trans·

1208 1952 1291 1986 milit
1319 1951 1500 1986 Melcbiadi
1521 1974 1533 1990 ,
1570 1953 1624 1985 cui
1642 1952 1820 1986 debebatur
1841 1963 1897 1995 per
1919 1952 2094 1987 Canones.

1210 2002 1400 2046 Utramque
1411 2013 1532 2046 partem
1545 2000 1650 2040 adeffe
1659 2002 1744 2044 jussit
1765 2014 1841 2036 cum
1854 2003 2095 2037 accusatoribus

1208 2054 1241 2087 δε
1254 2051 1388 2087 testibus
1399 2079 1408 2092 ,
1433 2052 1570 2094 aliisque
1584 2053 1727 2095 personis
1740 2052 1919 2086 necessariis
1929 2076 1937 2084 .
1965 2053 2013 2087 ita
2025 2053 2096 2088 Do.-

1209 2102 1400 2137 natistarum
1425 2112 1533 2147 preces
1555 2102 1827 2138 transmutavitin
1837 2104 1976 2138 formam
1987 2103 2097 2148 appele

1211 2152 1363 2187 lationis.
1857 2179 1861 2184 ,
2062 2169 2064 2172 ν
2082 2173 2088 2183 .

1258 2204 1463 2246 Anonymus
1475 2205 1579 2249 pergit
1591 2229 1598 2237 .
1625 2207 1787 2248 ,Quidquid
1803 2206 1901 2238 ac‘lum
1921 2206 1959 2246 est
1969 2209 2072 2238 Romae
2080 2228 2093 2245 ,

1211 2252 1319 2294 referri
1331 2253 1415 2287 debet
1434 2253 1630 2296 rogationibus
1651 2255 1871 2292 Donatistarum
1882 2278 1893 2293 ‚
1918 2255 2021 2296 quibus
2033 2264 2093 2286 note

1206 2302 1308 2335 abnuit
1319 2307 1483 2344 Imperator
1494 2302 1723 2342 constantinus.
1750 2304 1812 2335 Sed
1828 2305 1916 2337 immi
1937 2314 2034 2336 eorum
2045 2308 2093 2335 in-

1199 2350 1354 2395 stigatione
1365 2353 1464 2386 vietus
1475 2363 1510 2385 ac
1519 2351 1720 2395 sollicitatione
1733 2377 1744 2392 ‚
1762 2355 1795 2395 J
1797 2354 1895 2385 udices
1908 2353 2072 2394 deputavit
2080 2373 2093 2391 ,

1206 2413 1243 2435 ex
1259 2402 1363 2443 quibus
1378 2402 1447 2443 fuit
1462 2401 1637 2434 Melcbiades
1659 2401 1823 2444 Episcopus
1835 2404 1938 2434 Romae
1951 2426 1961 2441 ,
1984 2404 2095 2435 'adito-

1206 2452 1336 2484 randam
1347 2450 1572 2494 disquisitionem
1585 2452 1648 2484 litis
1656 2453 1728 2492 jam
1743 2453 1913 2492 judicatam
1922 2457 1955 2484 in
1964 2453 2092 2486 concilio

1207 2502 1365 2535 Numidia
1378 2525 1384 2532 .
1414 2508 1501 2536 Hanc
1511 2500 1722 2535 authoritatem
1726 2501 1783 2542 fibi
1790 2508 1913 2543 proprio
1923 2505 2023 2536 Marte
2031 2511 2093 2535 non

1206 2561 1327 2596 arrogat
1348 2551 1513 2593 Pontifex,
1539 2562 1589 2585 nec
1604 2560 1697 2594 penes
1718 2550 1751 2594 se
1768 2551 1862 2594 solum
1875 2551 2093 2594 existereputat

1205 2607 1313 2636 iterato
1318 2605 1351 2647 J
1353 2602 1446 2635 udicio
1463 2601 1593 2644 finiendi
1613 2600 1807 2643 causamjam
1818 2607 1851 2634 in
1862 2604 1993 2636 Concilio
2003 2601 2092 2643 Afri-³

1205 2663 1248 2685 cae
1257 2675 1268 2692 ,
1293 2655 1429 2685 Primate
1453 2652 1610 2685 Numidia·
1633 2650 1762 2692 Praefide
1772 2675 1782 2691 ‚
1803 2652 2005 2693 judicatam.
2030 2652 2090 2686 An

1206 2701 1290 2736 forte
1313 2713 1382 2736 non
1404 2700 1518 2735 debuit
1539 2701 1701 2736 Romanae
1726 2701 1876 2736 Ecclefiae
1885 2700 2090 2737 Melchiatdes

1207 2752 1386 2795 Episcopus
1406 2762 1483 2785 cum
1505 2751 1655 2796 Collegis
1668 2752 2090 2795 Transmarinissspiscopis

1206 2801 1288 2835 illud
1304 2801 1360 2835 fibi
1383 2802 1533 2844 usurpare
1554 2801 1713 2844 judicium
1733 2826 1744 2842 ,
1770 2801 1859 2845 quod
1880 2801 1922 2835 ab
1943 2802 2034 2835 Afris
2044 2803 2091 2836 se·

1207 2851 1377 2897 ptuaginta
1387 2876 1397 2892 ,
1423 2851 1480 2885 ubi
1494 2851 1617 2887 Primas
1628 2851 1830 2897 Tigifitanus
1841 2850 1987 2892 praesedit
1998 2875 2009 2890 ,
2020 2851 2088 2885 fue·

1178 2931 1179 2934 ,
1206 2912 1255 2936 rat
1276 2902 1508 2936 terminatum?
1534 2903 1626 2945 ,Quid
1641 2903 1686 2934 ad
1704 2900 1767 2932 baec
1790 2897 1939 2942 respondit
1961 2901 2088 2934 saneque

1209 2951 1382 2996 Augustinus
1396 2953 1413 2984 ἓ
1438 2954 1555 2985 Dicitne
1578 2954 1696 2992 Papam
1713 2950 1765 2992 effe
1781 2949 1954 2992 supremum
1968 2949 2090 2993 Epist-0¹·

1201 3011 1308 3044 porum
1324 3006 1354 3047 J
1357 3003 1492 3043 adicem,
1517 3000 1718 3043 &quemlihet
1737 3006 1770 3031 in
1789 3001 1897 3038 synodo
1912 3002 2087 3039 judicatum

1205 3052 1313 3086 babere
1328 3055 1382 3094 jus
1399 3056 1615 3094 provocationis
1637 3051 1683 3081 ad
1708 3050 1856 3082 Tribunal
1881 3049 2056 3091 Pontificum
2066 3051 2085 3083 3

1207 3105 1325 3136 Dicitne
1339 3104 1519 3136 cecilianum
1531 3098 1707 3142 Epifhopum
1725 3102 1795 3140 jure
1802 3100 1924 3142 potuiffe
1938 3099 2086 3141 postulare

1205 3154 1225 3183 ἃ
1234 3153 1308 3184 Sede
1321 3151 1476 3193 apostolica
1498 3154 1640 3182 iteratam
1656 3148 1723 3192 suae
1747 3152 1813 3183 litis
1836 3148 2082 3191 disquisitionem?

1208 3204 1256 3233 De
1269 3200 1316 3232 bis
1329 3213 1366 3234 ne
1375 3199 1498 3233 verbum
1510 3201 1628 3241 quidem
1635 3198 1771 3241 profert:
1798 3204 1849 3233 Ait
1861 3201 1979 3233 tantiam
1988 3204 2081 3239 Impe-

1204 3259 1332 3284 ratorem
1340 3248 1478 3292 precibus
1491 3248 1713 3290 Donatistarum
1724 3256 1891 3283 animatum
1900 3248 1995 3291 mififfl·
2002 3251 2081 3288 Epi-

1199 3299 1299 3343 scopos
1311 3301 1347 3332 de
1355 3300 1412 3332 bac
1426 3297 1512 3342 causa
1521 3311 1588 3333 cum
1600 3303 1688 3342 Papa
1709 3302 1895 3342 judicaturos
1905 3324 1916 3341 ,
1963 3298 2020 3330 uod
2028 3307 2079 3330 nec

1204 3348 1263 3393 ipse
1285 3348 1485 3393 usurpaverat
1509 3374 1516 3381 .
1555 3349 1636 3384 Haec
1662 3351 1737 3384 sunt
1763 3347 1939 3394 Augustini
1964 3345 2058 3380 verba
2068 3360 2078 3380 ε

1204 3400 1318 3449 Qid?
1344 3399 1442 3445 Qod
1456 3410 1516 3435 nec
1527 3400 1593 3445 ipse
1605 3398 1806 3436 Melchiades
1817 3395 1977 3441 usurpavit
1987 3419 1996 3428 .
2022 3400 2080 3429 Ro-

1940 3454 2034 3490 gatus
