2326 3718
374 165 436 211 56

300 239 540 283 Episcopotum
556 235 736 271 interceffio
750 234 892 271 habebat
915 236 1041 280 aliquid
1064 234 1176 278 appel—

297 290 429 325 lationis
444 313 451 321 .
477 288 571 320 Hinc
581 287 713 321 Sanetus
725 286 882 321 Caesarius
895 311 906 326 ,
934 287 1050 320 summi
1064 284 1176 318 Ponti-

297 341 367 374 ficis
380 350 433 383 per
445 337 589 371 Galliam
613 337 765 371 Vicarius
777 362 787 377 ,
812 349 854 371 ex
865 337 1043 371 Sardicenfi
1068 335 1176 370 Cano-

295 401 358 430 ηε,
382 390 416 422 &
429 386 616 421 Innocentii
627 387 668 420 ad
683 386 874 421 victricium
888 387 1059 429 Rescripto
1070 411 1079 427 ‚
1104 384 1173 428 post

293 438 486 481 Episcopale
512 437 676 480 Judiciutn
704 439 818 471 omnia.
854 437 964 470 retulit
992 437 1032 470 ad
1059 436 1174 477 Sedem

292 487 539 532 Apostolicam,
567 488 820 522 Contumelioso
843 497 911 520 non
926 487 1066 529 permisit
1091 485 1174 519 ordi-

291 539 360 574 nari
381 539 599 573 successorem
611 562 621 577 ‚
652 539 686 572 ὅ(
698 537 888 580 supplicavit
909 548 950 570 ex
964 536 1117 569 Romana
1129 535 1173 568 di-

289 589 425 633 sciplina
439 588 552 622 instrui
567 612 574 620 .
599 585 700 621 Porro
711 587 854 630 Joannes
871 585 912 620 11.
927 586 1085 618 Pontifex
1101 595 1172 627 pro-

291 639 380 677 bavit
398 639 527 675 Caesarii
550 638 710 681 judicium
723 661 730 668 .
759 635 996 670 Contumeliofi
1017 634 1170 678 degrada·

288 690 416 724 tionem
437 688 670 727 confirmavit,
695 686 782 730 juffit
804 685 992 729 perpetuum
1013 685 1120 718 claudi
1134 685 1168 719 in

287 740 494 774 Monasterio
509 763 520 779 ‚
546 738 643 780 &ipfi
657 736 757 771 creari
771 735 1006 770 successorem.
1035 736 1079 769 Et
1090 735 1167 769 dum

285 789 352 824 hoc
365 791 442 830 fiat,
469 789 537 822 dari
551 786 764 822 Visitatorem
787 786 914 829 Rejenfi
931 784 1094 823 Ecclesiae.
1125 785 1166 819 Et

284 838 327 874 ad
338 839 512 873 Caesarium
523 837 637 872 contra
649 838 727 871 istos
740 836 909 871 indiscrete
919 836 1081 879 benignos
1090 835 1166 869 Col-

285 890 374 934 legas
401 888 624 922 instruendum
652 899 750 930 atque
774 886 965 920 armandum
994 886 1165 920 transmisit

281 938 430 983 quaedam
454 940 606 972 Extracta
629 950 669 972 ex
685 937 834 974 Decretis
854 936 960 970 Siricii
982 936 1076 979 Papae
1090 959 1101 976 ,
1126 946 1164 968 ex

282 989 480 1023 Canonibus
519 988 720 1032 Apostolicis
742 1012 753 1027 ‚
789 996 887 1029 atque
923 985 1191 1020 Antiochenis.=

280 1038 412 1083 Nempe
424 1051 492 1073 non
507 1038 547 1073 de
565 1036 784 1081 appellatione
796 1060 808 1075 ‚
835 1035 890 1069 sed
902 1035 944 1069 de
966 1036 1033 1069 sola
1048 1034 1165 1080 degra—

280 1089 427 1124 dationis
452 1090 546 1123 causa
572 1097 670 1130 atque
694 1085 815 1128 justitia
841 1086 946 1119 fuerat
971 1086 1163 1126 consultus,

276 1138 422 1182 ideoque
433 1137 650 1172 transmittere
672 1146 741 1170 non
754 1134 868 1170 debuit
887 1135 1089 1172 sardicenses
1103 1137 1162 1171 Ca·

282 1198 390 1223 nones
403 1212 412 1220 .

328 1236 478 1272 Proinde
490 1236 762 1272 Contumeliosus
771 1237 835 1271 fuit
856 1237 982 1271 clausus
994 1239 1027 1272 in
1044 1237 1161 1271 Mona-

274 1287 392 1323 sserio.
419 1287 578 1322 Attamen
592 1289 702 1322 nescio
713 1300 777 1332 qua
790 1289 830 1322 de
841 1289 936 1322 causa
952 1299 1019 1322 non
1034 1290 1159 1330 accepit

275 1338 495 1373 successorem
507 1363 514 1370 .
535 1338 673 1373 interim
687 1338 826 1381 Ioannes
838 1338 997 1372 Pontifex
1020 1338 1099 1371 abiit
1119 1338 1159 1371 ad

273 1388 446 1423 meliorem
470 1390 592 1430 vitam,
619 1388 807 1423 &successit
832 1389 1018 1433 Agapetus.
1046 1388 1159 1430 Coepe·

275 1448 446 1473 runttunc
467 1441 585 1483 spirare
596 1439 655 1472 alii
679 1439 788 1473 venti:
815 1438 908 1472 Hinc
930 1440 964 1472 &
981 1439 1157 1473 Contume-

273 1487 375 1526 liosus
390 1488 487 1524 vertit
498 1490 567 1524 vela
579 1514 586 1521 .
615 1488 819 1523 Poenitentiae
842 1490 876 1523 ἀ
888 1488 1037 1523 clausurae
1051 1499 1157 1532 pertae-

273 1539 326 1573 sus
339 1540 530 1583 provocavit
552 1538 593 1574 ad
612 1539 728 1574 Sedem
755 1539 1002 1582 Apostolicam,
1027 1539 1158 1572 asseruit

270 1589 492 1626 seinnoxium
505 1614 517 1629 ,
537 1589 757 1631 &postulavit
769 1599 894 1620 novum
906 1597 1043 1620 examen
1059 1610 1066 1617 .
1094 1586 1158 1616 His

270 1648 440 1682 permotus
451 1637 608 1670 Caesarius
621 1637 722 1674 fecici
747 1644 816 1678 quae
825 1633 866 1666 ad
883 1635 989 1677 ipsum
1004 1633 1158 1676 rescripfit

268 1686 462 1731 Agapetus:
490 1689 536 1719 Et
559 1696 613 1717 nos
636 1686 779 1726 quidem,
806 1690 950 1725 quamvis
977 1686 1115 1724 culpatus
1138 1687 1158 1716 ri

270 1737 353 1774 mbr:
367 1740 522 1771 Emeritus
544 1732 688 1777 Defensor
712 1731 956 1776 Contumeliosum
979 1733 1158 1776 Episcopum

269 1786 423 1830 reversum
448 1787 492 1819 ad
502 1783 754 1827 Ecclefiamsuam
763 1783 938 1816 ‘charitatis
950 1794 1012 1817 tuae
1023 1785 1157 1818 volunta-

270 1846 301 1872 te
310 1837 482 1879 firmaverit
494 1862 504 1878 ‚
530 1833 621 1879 usque
645 1836 691 1867 ad
707 1835 966 1876 exitumJudicii,
994 1837 1073 1876 quod
1083 1835 1158 1868 dele-

266 1895 444 1936 gaverimus
459 1913 469 1928 ,
495 1885 592 1929 ipsum
604 1886 725 1918 redditu
732 1883 787 1926 fibi
801 1885 886 1917 modo
893 1890 1018 1926 propria
1024 1882 1159 1927 substans

269 1945 316 1971 tia
328 1963 338 1978 ‚
360 1935 534 1981 suspensum
546 1941 668 1968 interim
691 1936 829 1968 volumus
843 1934 882 1967 ab
905 1935 1158 1975 administratione

267 1992 447 2032 patrimonii
476 1984 659 2026 Ecclefiostici
685 2010 696 2026 ,
722 1987 756 2019 (7
778 1984 966 2018 celebratione
988 1985 1154 2028 Miffarum.

272 2041 360 2081 ‚Quia
383 2038 419 2070 id
435 2038 515 2079 quod
528 2035 585 2077 'fibi
605 2036 725 2068 viderat
740 2039 772 2080 J
775 2036 869 2068 udicio
885 2035 975 2078 fuiffe
985 2034 1136 2078 sublatum
1148 2059 1157 2075 ,

269 2085 415 2137 gloriofiur
426 2109 438 2127 ,
455 2085 485 2128 fi
502 2091 528 2120 ei
537 2091 655 2120 veritas
679 2083 865 2129 sufflagatur
874 2110 886 2126 ,
905 2089 939 2132 J
941 2087 1038 2121 udicio
1050 2110 1060 2127 ‚
1085 2098 1159 2120 rece-

269 2144 369 2181 perit,
393 2139 484 2180 qucim
494 2135 890 2180 usurpationibus'occuparit
902 2162 909 2169 .
937 2138 1046 2170 Melius
1059 2147 1158 2172 autem

266 2189 379 2231 fecerit
392 2192 587 2221 Fraternnas
608 2195 664 2220 tua
674 2211 685 2228 ,
705 2185 925 2229 fiposteaquam
949 2189 1035 2222 sedis
1047 2187 1159 2230 Aposto-

273 2240 338 2272 ἤια·
349 2236 723 2280 appellationeinterpofiea
733 2236 912 2278 defideravit
926 2249 1054 2271 examen
1067 2262 1078 2277 ,
1102 2244 1158 2271 cir-

273 2300 309 2323 ca
319 2287 473 2331 personam
485 2290 547 2327 eius
557 2290 718 2329 &tempore
723 2286 884 2330 sententies²
905 2286 985 2320 nihil
991 2287 1158 2332 permifi'fflt

272 2344 408 2372 imminui
421 2362 432 2378 ,
457 2347 491 2371 ut
503 2338 571 2381 effer
580 2343 730 2381 integrum
751 2342 897 2380 negotium
907 2360 917 2375 ‚
941 2338 1022 2380 quod
1031 2343 1158 2381 interpo-

269 2387 326 2431 ,ἦτα
334 2394 539 2432 provocatione
551 2396 749 2431 quaereretur.
778 2392 865 2420 Nam
873 2386 904 2427 fi
913 2393 945 2421 in
960 2393 1158 2423 executionem

273 2444 405 2473 mittitur
410 2445 516 2482 prima
524 2437 678 2482 sententia
690 2463 700 2479 ‚
723 2436 851 2481 secunda
862 2443 987 2482 cognitio
998 2450 1055 2472 non
1069 2438 1157 2471 habet

273 2491 356 2533 quod
376 2495 528 2532 requirat.
555 2490 734 2522 addendum
745 2513 757 2529 ,
784 2495 855 2531 quia
874 2488 929 2529 etfi
935 2500 992 2522 non
1002 2490 1068 2533 esset
1077 2497 1158 2531 pra-

274 2541 372 2574 dicius
385 2538 550 2585 Episcopus
566 2537 746 2580 fudicationt'
767 2538 942 2582 refragatus
965 2563 975 2579 ,
997 2545 1157 2581 privatam

275 2595 372 2634 magis
380 2596 475 2633 potuit
483 2589 643 2632 secundum
653 2593 789 2622 Canones
810 2598 946 2631 expetere
961 2588 1155 2633 seceffionem,

273 2642 364 2684 quom
371 2640 737 2684 [eveniam-Religionis
753 2644 885 2680 excipere
898 2662 906 2671 .
933 2638 1094 2683 Suspensus
1104 2646 1161 2684 igi-.

275 2699 327 2723 tur
339 2712 349 2728 ,
367 2690 442 2731 ficut
450 2689 578 2731 praefati
592 2688 695 2732 sumus
710 2714 720 2729 ,
748 2689 911 2732 Episcopus
923 2689 1162 2733 Contumeliosus

276 2738 386 2773 babeat
398 2740 515 2771 tantum
525 2764 536 2780 ,
561 2750 651 2782 quam
660 2737 865 2782 praesumpfiffe
876 2741 984 2772 dicitur
996 2764 1006 2780 ‚
1031 2741 1155 2774 celebra-

277 2794 386 2823 tionem
396 2790 544 2831 Missurum
557 2802 567 2821 .·
581 2793 626 2821 Et
633 2795 813 2832 patrimonio
825 2788 1002 2830 Ecclefiaein
1008 2790 1154 2833 guberna-

277 2845 357 2872 tione
371 2838 594 2872 Archi-Diaconi
617 2840 766 2882 constituto
778 2863 787 2878 ‚
812 2845 859 2871 ita
879 2849 914 2872 ut
931 2841 1071 2873 alimonia
1079 2840 1155 2883 suffi-

275 2895 386 2922 cienter
404 2889 545 2932 Episcopo
563 2901 620 2922 non
649 2899 766 2933 negetur
782 2913 792 2929 ‚
819 2887 1016 2930 Vifitatoriam
1037 2897 1069 2923 in
1091 2895 1155 2932 ejus

276 2940 333 2971 loco
352 2945 544 2982 praecipimus
573 2941 710 2972 ordinari
728 2937 887 2981 personam
911 2964 922 2979 ‚
951 2942 984 2973 δ’
1002 2947 1155 2982 patienter

277 2987 442 3029 εκῙρειῗιινε
455 2994 487 3035 J
490 2992 589 3023 udices
603 3014 615 3031 ,
643 3000 715 3035 quos
735 2987 901 3037 inspirante
914 2993 1038 3024 Domino
1057 2991 1154 3032 consti-

277 3043 420 3072 tuerimus
432 3042 534 3072 audire
543 3065 551 3072 .
660 3052 662 3056 ·

329 3084 496 3119 Habemus
507 3086 583 3122 h‘mc
596 3092 682 3126 vatia
695 3116 703 3123 .
729 3089 842 3124 Primo
855 3114 865 3131 ,
877 3091 966 3134 quod
976 3092 1155 3126 Contume-

279 3135 349 3169 lios:
365 3135 599 3178 appellatione,
623 3151 659 3172 ac
670 3141 829 3175 Romana:
843 3140 991 3174 Ecclesiae
1012 3151 1154 3175 reveren-

279 3187 325 3219 tia
338 3186 467 3218 territus
490 3186 646 3220 Caesarius
671 3190 958 3225 Contumeliosum
977 3190 1154 3224 relaxarit&

279 3235 483 3268 Monasterio
495 3260 505 3275 ,
526 3246 563 3269 ac
574 3237 677 3270 redire
688 3239 862 3280 permiserit
874 3240 913 3275 ad
929 3241 988 3284 Epi
996 3239 1151 3282 scopalem

277 3283 439 3319 honorem
461 3293 558 3327 atque
576 3287 741 3320 officium.
767 3287 880 3322 Palam
905 3302 946 3324 ex
968 3289 1150 3324 -Sardicenfi

277 3335 442 3373 Canone,
469 3335 524 3377 qui
539 3334 807 3377 &degradationis
830 3336 952 3377 jndicio
977 3350 1153 3383 provocan-

277 3394 344 3418 tem
372 3385 570 3427 Episcopum
596 3384 728 3418 mandat
756 3387 895 3419 revestiri
921 3412 931 3427 ‚
957 3390 1153 3432 perseverare

277 3434 475 3483 Episcopum
485 3456 503 3475 ,
524 3432 559 3467 δε
572 3434 621 3468 uti
636 3433 833 3478 Episcopum
846 3447 901 3479 per
922 3438 1035 3474 omnia
1046 3440 1154 3472 tracta-

787 151 872 196 De
909 134 1648 199 GAtucANAEEcc'testla‘

1241 234 1288 268 ri.
1318 233 1454 276 Propter
1469 238 1679 282 suspensivam
1692 236 1918 281 appellationis
1944 239 2116 277 virtutem?-

1240 282 1391 318 Secundo
1402 281 1572 329 habemus,
1602 288 1690 331 quod
1717 289 1985 325 Contumeliosus
2006 291 2116 326 statim

1239 334 1370 376 coeperit
1387 334 1418 367 se
1427 345 1535 379 gerere
1548 339 1596 373 uti
1611 339 1808 382 Episcopum
1822 340 1874 380 ,dc
1889 351 1954 375 tam
1967 342 2116 384 spiritua-

1238 383 1281 417 lia
1303 385 1398 426 quam
1422 388 1608 430 temporalia
1630 389 1871 429 administrare.
1899 391 2010 426 Etiam
2034 392 2117 426 cele·

1239 433 1328 468 brat-e
1341 435 1471 475 Missas,
1497 437 1622 482 aliaque
1633 449 1778 472 exercete
1794 440 1999 485 Episcopalia
2018 442 2114 476 mini-

1238 484 1329 523 steria
1344 509 1350 516 .
1379 484 1500 519 Tertio
1514 511 1525 526 ,
1552 488 1641 529 quod
1653 489 1806 523 Caesarius
1818 489 1962 524 Romam
1986 492 2114 536 legave-

1236 535 1276 568 rit
1290 535 1471 572 Emeritum
1482 558 1492 574 ,
1506 537 1719 573 Defensor-em
1731 541 1793 573 suae
1806 539 1956 573 Ecclefiae
1967 563 1979 580 ,
1997 544 2114 576 omnia

1234 582 1301 618 haec
1312 586 1532 628 expositurum
1557 586 1735 623 Pontifici.
1763 589 1914 636 Qarto,
1942 589 2032 633 quod
2046 588 2114 626 haec

1223 634 1361 671 *Caesarii
1397 636 1429 669 δε
1457 637 1695 672 Contumeliosi
1723 638 1805 674 Aeta
1833 651 1900 673 non
1929 639 2115 683 probaverit

1233 684 1409 726 PontifeX‚
1438 685 1576 728 ideoque
1596 687 1628 720 δε
1643 687 1822 723 Emeritum
1836 715 1846 730 ,
1872 690 1913 724 ad
1936 689 2026 732 cujus
2045 687 2115 725 haec

1231 737 1330 772 etiarn
1353 737 1536 779 spectabant
1558 737 1727 776 officium,
1751 741 1890 783 culparit
1910 766 1917 773 .
1941 740 1984 774 Et
2008 741 2088 774 redi&
2103 766 2112 772 .

1232 787 1366 820 Etenim
1379 785 1544 829 synodale
1565 787 1731 831 degradati
1761 789 1999 825 Contumeliofi
2024 791 2112 834 Judi-

1228 836 1316 870 cium
1339 847 1407 870 erat
1429 838 1660 871 confirmatum
1684 837 1701 870 ὲ
1719 837 1844 880 Joanne
1865 839 2050 881 Pontifice,
2077 842 2111 874 δε

1228 886 1340 921 datum
1366 888 1466 921 fuerat
1495 897 1585 921 novae
1602 887 1802 930 Episcopalis
1823 891 1998 924 creationis
2013 891 2113 924 Man-

1227 937 1341 970 datum
1352 962 1362 977 ‚
1387 937 1526 980 ideoque
1537 938 1787 972 Contumelioso
1800 939 1954 981 deinceps
1968 950 2034 972 non
2051 941 2112 973 suf-

1230 987 1414 1032 fragabatur
1427 987 1545 1021 Canon
1559 987 1752 1022 Sardicensis
1766 1012 1773 1019 .
1801 989 1969 1023 Sententia
1983 989 2114 1023 transie-

1228 1048 1273 1070 rat
1298 1039 1332 1070 in
1353 1048 1419 1071 rem
1442 1038 1620 1081 judicatam
1637 1062 1648 1078 ,
1673 1050 1712 1071 ac
1736 1037 1873 1081 proinde
1895 1039 2111 1081 appellationi

1229 1099 1295 1121 non
1309 1089 1466 1130 supererat
1492 1088 1603 1128 locus,
1631 1088 1684 1122 sed
1702 1089 1848 1133 gratiosae
1870 1088 2042 1123 dumtaxat
2063 1100 2113 1123 re-

1228 1137 1363 1172 visioni.
1390 1137 1542 1172 Debebat
1554 1138 1610 1172 ille
1626 1139 1808 1181 supplicare
1829 1139 2045 1173 restitutionis
2058 1139 2111 1174 be-

1226 1188 1401 1228 neficium,
1427 1189 1666 1229 atqueinterim
1681 1199 1866 1231 permanere
1890 1189 1925 1222 in
1948 1189 2110 1224 hnmilita-

1226 1247 1256 1271 te
1278 1238 1443 1281 degradati
1467 1262 1474 1269 .
1502 1237 1596 1272 Hinc
1634 1237 1790 1271 Pontifex
1811 1239 1948 1273 affirmat
1972 1263 1983 1279 ,
2019 1238 2110 1284 quod

1226 1287 1393 1321 Miffarum
1422 1287 1677 1322 celebrationem
1701 1311 1713 1328 ,
1735 1299 1773 1322 ac
1795 1287 2020 1322 Ecclefiasticae
2041 1289 2114 1323 sub-

1226 1338 1347 1371 stantiae
1358 1337 1675 1373 administrationem
1689 1338 1935 1380 praesumpserit:
1961 1338 2064 1384 Qiod
2076 1337 2114 1375 il-.

1226 1388 1255 1422 la
1267 1387 1533 1431 usurpationibus
1544 1388 1712 1430 occuparit
1727 1413 1737 1428 ,
1750 1387 1954 1431 quaejudicio
1969 1390 2111 1431 recipere

1223 1439 1396 1475 debuerat.
1425 1437 1557 1485 Qinto
1572 1435 1742 1477 habemus,
1753 1438 1840 1482 quod
1850 1436 2007 1472 Pontifex
2022 1437 2109 1472 hanc

1223 1490 1496 1533 qualemcumque
1527 1489 1796 1531 provocationem
1832 1488 1975 1523 noluerit
2002 1499 2115 1523 carere.

1222 1540 1448 1570 omvnifructu.
1480 1537 1585 1568 Dedit
1608 1538 1639 1570 ei
1662 1538 1767 1580 plures
1793 1539 1944 1573 effe-stus.
1972 1537 2116 1577 Primo,

1223 1583 1511 1618 Contumeliosum
1533 1584 1660 1618 tradiari
1685 1584 1792 1619 voluit
1812 1597 1882 1620 non
1905 1595 1942 1620 ut
1953 1586 2110 1632 degrada-

1223 1645 1315 1673 tum,
1347 1633 1400 1667 sed
1422 1633 1632 1668 solummodo
1659 1644 1694 1667 ut
1717 1636 1906 1676 suspensum
1927 1658 1939 1674 ,
1967 1635 2111 1679 ideoque

1223 1695 1282 1718 nec
1293 1684 1510 1718 Succefforem
1534 1682 1563 1715 ei
1577 1682 1716 1726 permisit
1742 1681 1832 1722 dari,
1860 1682 1915 1718 sed
1930 1683 2111 1721 Ecclesiam

1221 1734 1305 1777 juffit
1330 1734 1486 1778 persistere
1510 1730 1567 1767 sub
1592 1733 1782 1767 Vifitatore.
1808 1732 1961 1774 Deinde,
1989 1735 2107 1778 ipsiiu-

1220 1784 1318 1819 dulfit
1339 1783 1593 1818 celebrationem
1618 1782 1789 1818 Miffarum
1813 1809 1824 1824 ,
1850 1782 1995 1824 Tertio,
2019 1784 2109 1827 juffit

1221 1835 1277 1879 ipsi
1299 1834 1386 1869 bona
1397 1832 1486 1868 reddi
1500 1833 1739 1877 patrimonialia
1755 1858 1766 1875 ‚
1792 1835 1826 1870 δε
1839 1832 1982 1868 subtrahi
2002 1834 2106 1869 solam

1219 1884 1536 1920 administrationem
1559 1884 1786 1919 Ecclefiasticae
1811 1884 2010 1919 substantiae.
2038 1884 2107 1919 De-

1220 1936 1355 1982 gradato
1369 1935 1458 1970 enim
1473 1935 1638 1977 Episcopo
1649 1934 1855 1969 auferebatur
1874 1935 1976 1969 etiam
1990 1935 2038 1970 sui
2050 1946 2110 1978 pa«

1218 1986 1365 2022 trimonii
1389 1986 1531 2029 regimen
1546 2009 1556 2026 ‚
1581 1985 1616 2020 ἀ
1629 1996 1671 2019 ex
1692 1985 1788 2028 ipsius
1809 1984 2021 2029 proventibus
2040 1984 2106 2020 ale·

1219 2036 1312 2071 batur
1327 2061 1334 2068 .
1360 2035 1491 2082 Qarto
1506 2035 1664 2073 Pontifex
1686 2035 1820 2070 mandat
1833 2060 1844 2076 ,
1871 2045 1907 2070 ut
1920 2033 1982 2069 hac
1997 2035 2106 2080 appel-

1221 2088 1345 2121 latione
1357 2086 1519 2129 pendente
1541 2083 1814 2120 nihiliunovetur
1835 2097 1892 2121 aut
1903 2097 2109 2120 attentetur.v

1221 2138 1309 2172 lstud
1322 2137 1441 2171 volunt
1455 2135 1520 2170 haec
1533 2135 1627 2170 verba
1639 2149 1650 2169 ι
1672 2137 1780 2170 Melius
1790 2135 2012 2176 autemfecerat
2023 2139 2106 2169 Fro-

1222 2194 1351 2223 ternitas
1375 2197 1427 2219 tua
1441 2211 1450 2226 ‚
1471 2184 1690 2228 fiposteaquam
1710 2187 1796 2219 sedis
1810 2185 1972 2228 Apostolicae
1995 2184 2106 2226 defide-

1222 2240 1306 2272 ravi't
1331 2249 1477 2277 examen,
1504 2241 1581 2268 circa
1598 2234 1757 2277 personam
1777 2238 1842 2276 ejus
1864 2238 1884 2268 ἆ
1902 2243 2031 2276 tempore
2036 2234 2104 2277 sen-

1221 2293 1324 2322 tentiae
1339 2284 1587 2328 nihilpermififfi't
1596 2290 1731 2317 imminui
1742 2309 1751 2324 ‚
1779 2295 1813 2317 ut
1823 2285 1887 2328 esset
1897 2291 2044 2327 integrum
2054 2295 2104 2318 ne-

1216 2344 1352 2381 gotium,
1380 2337 1460 2379 quod
1480 2334 1647 2376 interpofita
1664 2339 1874 2375 provocatione
1901 2342 2107 2377 quaereretur..

1222 2392 1308 2422 Nam
1315 2386 1345 2429 fi
1351 2393 1383 2420 in
1396 2391 1593 2420 executionem
1603 2390 1734 2419 mittitur
1745 2391 1849 2427 prima
1856 2383 2008 2430 sententia
2017 2408 2027 2423 ,
2048 2382 2103 2428 se·-

1220 2439 1318 2471 cunda
1341 2442 1464 2480 cognitio
1487 2447 1544 2469 non
1564 2434 1655 2470 habet
1677 2437 1757 2478 quod
1773 2441 1907 2476 requirat
1925 2460 1931 2467 .
1960 2434 2103 2469 Videtur

1222 2488 1379 2523 Caesarius
1397 2486 1487 2530 argui
1517 2510 1528 2526 ,
1554 2486 1643 2529 quod
1666 2485 1775 2520 nescio
1793 2485 1873 2528 quid
1897 2484 2104 2520 innovasset.

1221 2539 1321 2574 Sexto
1334 2535 1491 2571 habemus
1514 2534 1603 2579 quod
1628 2546 1668 2569 ex
1680 2535 1850 2578 Judicibus
1862 2534 2033 2577 Episcopis
2043 2533 2102 2569 ali-

1221 2601 1303 2624 quos
1319 2588 1474 2622 Pontifex
1487 2587 1631 2620 Romam
1643 2585 1787 2618 evocarit
1798 2607 1808 2623 ‚
1835 2594 1971 2616 omnem
1991 2585 2035 2616 rei
2050 2584 2102 2618 se-

1220 2629 1300 2674 riem
1313 2638 1515 2682 exposituros
1524 2660 1531 2668 .
1562 2634 1680 2678 Usque
1700 2634 1740 2668 ad
1750 2634 1887 2668 istorum
1900 2632 2074 2666 adventum
2085 2657 2101 2674 ,

1220 2691 1345 2725 &stunc
1359 2685 1548 2723 faciendum
1569 2684 1823 2720 retractatorium
1835 2682 1995 2727 judicium
2009 2694 2101 2717 man-

1218 2741 1274 2775 dat
1297 2739 1410 2773 omnia
1433 2737 1467 2771 in
1490 2735 1554 2778 jam
1575 2735 1663 2770 disto
1682 2734 1766 2768 statu
1789 2733 1899 2779 quieta
1922 2732 2100 2776 persistere.

1220 2790 1315 2826 Etad
1334 2786 1620 2823 demonstrandam
1643 2784 1735 2827 hujus
1758 2786 1819 2819 suae
1829 2783 2099 2819 Inrerlocutionis

1219 2840 1379 2885 Justitiam
1392 2837 1562 2880 adjungit:
1590 2839 1741 2869 Praetorea
1752 2846 1788 2868 ne
1797 2834 1874 2877 quid
1880 2832 2003 2875 deesset,
2020 2832 2099 2874 quod

1217 2889 1368 2924 Chai-irati
1380 2895 1440 2922 tuae
1453 2888 1595 2921 videatur
1609 2891 1785 2929 incognitum
1796 2909 1806 2924 ‚
1826 2882 1924 2923 studio
1934 2881 2096 2916 dilectionis

1217 2940 1445 2980 constitutorum
1456 2937 1585 2979 fecimus
1612 2935 1741 2978 capitula
1757 2932 1861 2977 fiabter
1881 2932 1999 2966 annecli
2026 2957 2036 2972 ,
2062 2939 2103 2967 ut,

1213 2990 1338 3034 scientia
1349 2993 1588 3023 communicemur
1599 2990 1776 3024 canonum,
1797 2982 2105 3024 ficutparticipamusv
2153 2982 2156 2986 '

1215 3039 1326 3080 effiffu.
1355 3038 1507 3082 Epistolae
1533 3035 1754 3078 Descriptores
1780 3034 2008 3068 Ecclefiasticae
2027 3043 2098 3066 eru*

1216 3091 1353 3125 ditionis
1376 3090 1520 3127 damno,
1545 3086 1815 3128 praetermiserunt
1837 3083 2012 3127 adjungere
2035 3082 2102 3119 Cas,

1218 3151 1320 3174 nones
1332 3165 1339 3172 .
1367 3141 1512 3173 Fuerunt
1523 3134 1665 3169 omnine>
1679 3133 1878 3167 Sardicenses
1889 3159 1895 3165 .
1908 3133 1991 3179 Qis
2001 3133 2096 3167 enim.

1217 3202 1283 3224 non
1298 3188 1405 3222 videat
1418 3186 1595 3220 secundum
1607 3185 1693 3228 ipsos
1704 3185 1772 3228 regi
1786 3181 1850 3217 haec
1865 3184 2004 3218 omnia?
2027 3181 2101 3214 Lu-.

1215 3249 1267 3274 cet
1288 3239 1410 3272 &istos
1422 3238 1576 3270 Canones
1589 3244 1668 3268 tunc
1689 3234 1825 3278 viguisse
1851 3234 1884 3267 in
1898 3231 2003 3266 Gallia
2017 3254 2027 3268 ‚
2056 3230 2091 3263 δε

1215 3289 1375 3323 Romanis
1389 3284 1675 3330 Appellationibus
1685 3296 1722 3318 ac
1743 3281 1988 3319 evocationibus
1999 3279 2092 3314 fuisse

1214 3339 1344 3383 plenam
1358 3336 1559 3370 libertatem.
1576 3354 1579 3357 v
1827 3370 1830 3372 ,
1930 3356 1933 3359 -

1262 3389 1405 3423 octavus
1418 3385 1548 3422 tandem
1573 3384 1730 3419 paschasii
1745 3381 1911 3431 Qesnelli
1936 3391 2023 3414 error
2048 3389 2092 3414 at-

1214 3449 1278 3481 que
1299 3437 1442 3474 excelsus
1465 3436 1510 3470 est
1523 3461 1533 3478 ‚
1563 3436 1651 3480 quod
1671 3435 1769 3470 etiam
1781 3432 1937 3468 Africana
1950 3429 2091 3514 {eclesia

1948 3493 1959 3513 1
1988 3490 2043 3514 am
