2326 3718
397 136 498 193 276
779 156 785 166 =
835 128 929 179 ΠΕ
958 133 1288 178 Ατιιιεᾼκε
1324 127 1628 180 Ecetras-1213

285 235 287 238 v
320 214 394 254 fur,
420 220 455 245 ut
463 215 554 245 certis
579 218 615 246 ee
626 204 768 248 dade-ldis
789 209 1016 259 responfionlbus
1039 213 1095 247 vel
1103 212 1211 254 astutia
1255 208 1400 252 'aliquot
1423 211 1496 248 aliis
1507 214 1679 259 Episcopis
1696 213 1802 252 edidit
1821 217 2001 260 solemnem
2018 217 2151 257 §deili-

322 260 449 296 bomtnu
471 261 666 308 veleorrefflo
689 263 876 309 dilucesceret
890 289 902 305 ,
915 264 1045 297 &nulli
1069 263 1210 306 ambigua
1270 258 1393 293 bellum
1414 262 1457 296 ad
1477 264 1666 299 Romanam
1687 265 1865 304 Ecclesiam
1888 294 1898 310 ‚
1924 271 1961 305 ἀ
1977 271 1995 304 ὲ
2016 271 2148 309 Zozimi

320 312 509 351 remaneret,
531 311 565 356 se
577 311 740 355 ficbtraxtt
761 315 796 349 (a
817 318 940 358 negavit
960 316 1115 346 examini.
1137 317 1209 345 vRrec
1270 310 1420 345 Decretis
1436 314 1609 361 appellavit
1631 315 1673 350 ad
1687 318 1839 361 generale
1862 320 2072 355 Concilium.
2102 323 2149 358 Et

316 360 519 403 differendum
523 365 594 405 jam
597 363 727 406 fuerat,
745 362 1015 406 ficutfadumfult
1023 387 1035 403 ,
1048 364 1128 405 quod
1137 362 1207 395 aliis
1267 370 1335 403 quo
1346 359 1414 394 haec
1426 364 1539 399 omnia
1550 365 1672 401 fucaret
1682 377 1721 400 ac
1735 366 1895 402 stabiliret
1905 393 1916 409 ‚
1934 370 2071 405 latravit
2082 373 2149 407 Zo-

313 413 461 456 prodeffet
470 436 484 454 ,
506 411 536 458 fi
540 415 683 449 mmlrr‘tm
687 412 895 456 perversorum
902 417 1079 455 pertinacia
1090 415 1206 447 demetr·
1266 410 1390 445 zimum
1402 411 1465 447 effe
1476 416 1747 457 prevaricatorem
1759 429 1767 449 :
1799 416 1933 461 Utpote
1943 420 2000 462 qui
2009 420 2148 458 Celestii

304 466 427 506 *tneque
438 466 595 507 nonpoJJee
604 487 613 496 .
638 462 746 503 sedfi,
771 463 850 504 quod
860 462 936 503 abfit-
946 487 957 503 ‚
981 466 1027 497 1ιᾶ
1048 460 1205 505 tuncfuis-
1265 459 1306 494 de
1319 460 1476 506 originali
1488 474 1621 507 peccato
1632 467 1756 512 dogma
1768 467 1970 512 approbasset
1980 469 2118 512 primum
2130 497 2143 514 ‚

311 510 362 555 fet
371 514 410 548 de
421 512 539 553 Celestto
552 515 607 548 vel
615 515 735 555 Pelagio
745 518 778 544 tn
788 515 930 546 Romana
945 513 1073 554 Ecclefia
1084 514 1204 554 judtca·
1263 510 1383 545 deinde
1394 511 1572 549 damnasset
1583 516 1600 550 .'
1619 517 1767 553 Latravit
1780 517 1982 562 Apostolicae
1991 518 2082 554 Sedis
2091 523 2146 566 Ju-

313 568 404 604 tremss,
429 572 465 598 ut
482 565 536 597 illa
557 573 653 599 eorum
678 563 822 605 dogmata
835 586 845 602 ,
871 575 939 605 quae
952 562 988 596 ἰὴ
997 563 1067 605 rpfir
1092 564 1126 596 (y
1137 567 1202 597 eum
1262 559 1388 596 dicium
1403 573 1472 597 non
1496 565 1559 599 esse
1570 566 1790 612 irrefragabile
1804 592 1811 599 .
1838 567 1963 602 Eadem
1976 568 2018 603 de
2030 580 2062 603 re
2074 571 2146 605 seri-

314 609 383 655 rpfis
398 615 488 656 Papa
499 614 684 645 znnocenteus
697 613 900 647 damnaverat
913 637 923 652 ,
949 612 1146 655 approbanda
1167 614 1201 647 ὑ
1241 583 1249 656 i
1261 610 1320 653 pfit
1330 612 1372 645 ad
1386 612 1714 651 Thessalonicensem
1731 630 1769 652 ac
1779 619 1858 652 alias
1875 619 2031 653 Ecclefias
2041 643 2053 660 ,
2079 619 2145 663 ple-

313 663 721 705 tenendapronunciarentur
734 686 746 702 ,
771 674 809 696 ex
821 663 872 696 boc
882 665 980 705 ponas
1006 664 1071 707 esset
1077 671 1199 706 praeva-
1259 661 1310 695 nis
1332 663 1564 698 maledicentiae
1587 665 1698 700 buccis
1719 669 1863 703 clamans
1875 669 2052 703 Zozimum
2072 680 2144 704 non

310 718 468 747 virationis
482 720 552 744 nota
563 714 707 744 Romanis
718 714 840 747 Clerici:
852 715 999 747 inurenda
1009 739 1017 747 .
1043 717 1137 749 Nunc
1147 724 1197 748 ve·
1257 711 1432 749 dumtaxat
1455 715 1658 759 semetipsum
1671 741 1682 757 ‚
1708 717 1763 752 sed
1788 719 1996 762 praecipitaffc
2014 720 2087 753 suos
2095 729 2145 754 et·

306 765 341 796 νδ
351 772 415 795 cum
425 762 572 803 primitiis
586 762 749 802 Beatiffimt
766 765 862 806 Paepae
872 767 1038 799 Innocenm
1060 765 1170 798 lmerae
1183 789 1193 804 ,

306 809 523 854 Episcoporum
532 812 643 846 litteris
658 811 874 855 respondentes
892 814 1030 855 Afrorum
1041 837 1052 854 ‚
1073 821 1195 857 pariter

305 859 384 895 bunc
393 872 521 896 errorem
533 886 543 901 ,
568 873 657 904 quem
669 871 813 897 conantur
826 863 870 903 isti
880 862 1060 907 persuadere
1071 890 1081 905 ,
1108 866 1192 898 dam·

304 916 450 948 neverint
462 936 473 954 ‚
499 910 634 956 Successor
657 924 768 956 quoque
787 915 851 954 ejus
876 916 964 956 Papa
976 917 1120 949 Zozlmus
1141 913 1193 948 boc

301 964 469 997 tenendum
480 963 533 1007 effe
544 987 555 1004 ,
579 964 663 1004 quod
670 962 762 1002 tsitde
779 965 927 998 Parvults
934 963 1068 1008 sentiunt
1077 989 1089 1006 ,
1117 977 1191 998 nun-

301 1014 396 1055 qua‘m
417 1014 532 1047 dixerit
544 1037 555 1053 ,
579 1023 734 1055 nunquam
747 1012 898 1057 scripserit
919 1040 930 1056 ,
957 1015 1078 1059 insuper
1097 1021 1189 1048 ettam

300 1062 455 1104 celestium
469 1084 480 1102 ,
499 1060 533 1105 se
541 1070 670 1107 purgare
682 1066 848 1098 molientem
860 1089 871 1106 ‚
895 1068 940 1099 aid
950 1065 1188 1109 consentiendum

294 1109 481 1157 supradlllls
492 1113 576 1147 sedis
588 1113 756 1155 Apostollcae
764 1124 768 1126 ·
777 1116 890 1149 litters:
911 1116 1015 1151 crebra
1031 1118 1185 1150 interlocu-

296 1168 377 1197 tione
387 1162 597 1205 constrinxerit
608 1188 618 1203 ,
640 1163 773 1206 proquo
785 1167 935 1208 quidquid
954 1170 1072 1209 interea}
1083 1167 1185 1199 lenias

295 1212 396 1246 aequm
406 1213 445 1253 est
467 1224 532 1247 cum
544 1212 660 1252 eelestro
672 1237 682 1253 ‚
704 1212 833 1256 ser-vara
849 1217 1016 1252 dumtaxat
1035 1213 1183 1258 antiquis-

228 1286 231 1289 *
285 1261 375 1305 [ΜΛ-
397 1263 432 1296 6·
443 1262 634 1304 robustifflmae
643 1263 716 1305 fidet
722 1262 870 1306 firmitate
882 1288 893 1303 ,
919 1265 1103 1298 cameram
1117 1264 1183 1305 furt

287 1312 508 1352 elementtffima
513 1310 608 1354 suafio
617 1336 629 1352 ,
655 1320 714 1345 non
725 1313 902 1354 approbatio
912 1313 1184 1357 ethiofifflmaepr-a-

292 1367 420 1395 vitam*-
440 1362 496 1394 Et
508 1363 589 1403 quod
596 1362 636 1394 ab
649 1363 750 1395 eodem
770 1364 924 1397 Sacerdote
931 1363 1030 1406 postes?
1043 1362 1182 1404 Celestim

289 1414 327 1445 δ’
345 1411 484 1454 Pelagius
495 1416 625 1453 repetita
637 1410 821 1447 authoritate
841 1413 1085 1457 damnarlsunt‚
1105 1423 1180 1456 pau-

290 1461 385 1495 halom
403 1463 573 1505 intermiffae
596 1485 609 1504 ,
626 1463 698 1503 jam
721 1463 877 1507 neoeffario
891 1462 1083 1507 proferendae
1104 1471 1182 1498 ratlo

283 1510 461 1558 sewinus
475 1511 542 1553 fuit
563 1537 575 1553 ‚
602 1519 898 1555 reon-‘praevaricatio
918 1519 1007 1558 prius
1031 1520 1155 1561 cognitae
1167 1540 1177 1556 ,

289 1565 342 1595 vel
349 1573 431 1597 nova
452 1567 576 1606 cognitio
589 1564 735 1597 veritatis
747 1588 755 1595 .

296 1616 314 1624 “·
339 1614 476 1647 sanstus
492 1612 708 1658 >Augustinus
737 1614 807 1660 agit
833 1615 987 1651 adversus
1015 1615 1179 1660 Iulianum

286 1660 502 1698 Eclanensem
534 1663 735 1708 Episcopum
755 1687 766 1703 ‚
801 1666 1006 1701 calumniose
1042 1666 1182 1701 scriben-

285 1720 355 1748 tem
378 1713 419 1748 de
441 1714 580 1748 Clericis
603 1714 763 1749 Romanae
787 1712 951 1751 Ecclefiae‘.
979 1720 1044 1751 Eos
1046 1719 1180 1759 juffionis

283 1770 396 1798 terrore
404 1761 549 1806 perculsos
576 1775 634 1797 non
644 1763 783 1808 erubuisse
791 1772 1058 1808 praevarlcationts
1068 1774 1180 1801 mmen

284 1814 469 1855 admittere,
493 1822 638 1848 utcontra
652 1819 781 1856 priorem
793 1814 976 1860 sententiam
983 1816 1094 1861 suam,
1118 1829 1180 1860 qua

285 1861 379 1905 Gestis
389 1864 531 1899 catholico
541 1867 674 1909 dogmati
684 1865 850 1907 adfuerant
864 1891 877 1908 ‚
897 1867 996 1910 postea
1001 1874 1179 1910 pronuncia-

285 1922 355 1948 rent
377 1916 490 1948 matam
510 1913 659 1949 hommum
682 1917 733 1959 effe
759 1926 917 1950 naturam.
945 1911 1023 1951 Post
1044 1917 1181 1952 damna-

283 1959 358 1999 t'um
369 1983 381 2006 ,
405 1965 518 2009 quiex
534 1964 634 2000 Urbe
654 1966 805 2010 fugerat,
831 1966 1013 2001 Celestium
1023 1967 1180 2002 zozimus

283 2014 391 2049 edidit
401 2014 495 2049 istam
506 2014 755 2050 celeberrimam
774 2014 815 2050 ad
826 2026 942 2051 omnes
953 2016 1012 2051 sub
1021 2011 1108 2052 coelo
1121 2017 1181 2051 Ec·

284 2065 398 2100 elesias
412 2065 620 2099 Trat'toriam
634 2089 644 2104 ,
664 2075 727 2108 qua
739 2076 809 2099 nou
819 2066 925 2100 solum
937 2066 1114 2100 Celestium
1127 2065 1179 2100 de-

284 2113 356 2149 nuo
367 2134 379 2155 ,-
403 2125 443 2149 ac
468 2115 574 2158 ipsum
585 2114 664 2148 item
675 2113 848 2161 Pelagium
859 2139 872 2157 ‚
898 2117 1080 2159 eorumque
1091 2116 1178 2150 dam·

283 2164 379 2212 navit
390 2163 563 2210 dogmata,
575 2164 629 2199 sed
639 2165 767 2210 insuper
780 2166 928 2213 singulos
938 2190 950 2208 ,
961 2177 1045 2211 quos
1055 2166 1107 2200 isti
1122 2167 1179 2200 im-

283 2225 509 2260 pugnaverant
523 2239 534 2255 ,
561 2215 604 2249 dc
626 2215 783 2261 originali
807 2227 964 2260 peccato,
990 2228 1028 2251 ae
1046 2216 1179 2251 Divinae

281 2266 396 2310 gratim
416 2265 551 2300 auxiliis
573 2265 728 2300 articulos
750 2266 939 2310 Apostolice
949 2266 1176 2301 confirmavit.

281 2315 329 2349 Et
341 2325 456 2349 omnes
469 2315 527 2349 sub
539 2315 624 2348 coelo
635 2314 697 2358 Epi
704 2317 815 2359 scopos
824 2316 910 2359 justit
921 2315 971 2350 his
983 2316 1098 2350 litteris
1109 2315 1178 2349 sub·

281 2360 437 2399 seribere.
465 2363 628 2412 stquis
653 2365 846 2405 recusasset,
872 2366 998 2399 futurus
1017 2376 1085 2400 erat
1108 2377 1176 2400 non

283 2514 518 2550 Constitutum
529 2514 562 2547 &
573 2512 773 2550 Mandatum
785 2515 911 2550 curavit
930 2515 1052 2550 muniri
1065 2515 1180 2560 Augu-

284 2565 334 2600 sta
356 2564 429 2610 lege
450 2563 657 2607 Imperatoris
680 2564 851 2606 Honorii,
879 2566 996 2610 scripta
1019 2566 1059 2600 ad
1071 2565 1177 2601 Palla-

284 2615 380 2650 dium
392 2639 404 2656 ‚
427 2614 619 2649 Praefestum
631 2613 786 2650 Praetorio
798 2640 805 2648 .
833 2616 883 2650 Ea
894 2614 938 2649 est
951 2616 1052 2658 prima
1063 2627 1177 2651 contra

285 2665 488 2710 Pelagianos
499 2665 630 2699 Divalis
641 2664 849 2699 Constitutio
860 2689 871 2705 ,
890 2665 1034 2708 primurn
1046 2666 1178 2711 vulgata

286 2726 343 2759 per
363 2714 668 2760 Magdeburgenses
691 2715 954 2749 Centuriatores.
983 2716 1093 2750 Porro
1116 2717 1180 2750 Zo—

287 2765 395 2800 aimus
415 2766 450 2799 &
470 2764 534 2798 suis
558 2765 728 2807 Decretis,
756 2765 791 2799 &
811 2763 947 2799 laudatae
969 2766 1035 2810 legi
1059 2767 1180 2810 primos

286 2814 421 2850 obedire
442 2814 529 2858 jussit
540 2815 614 2850 suos
625 2815 791 2850 Clericos.
819 2815 923 2850 Tunc
945 2816 1055 2850 Sixtus
1068 2841 1079 2857 ‚
1104 2815 1179 2850 Ro-

289 2877 393 2899 manae
417 2864 563 2899 Ecclenae
597 2864 768 2910 Presbyter
788 2887 800 2904 ,
826 2865 1004 2913 postmodo
1035 2868 1178 2900 summus

289 2915 451 2951 Pontifex
473 2939 484 2956 ‚
510 2915 715 2960 quiPelagio
739 2939 751 2957 ,
775 2916 810 2950 ὅ(
835 2914 982 2950 Celestio
1009 2916 1179 2951 videbatur

290 2977 361 3000 non
382 2964 468 3000 nihil
491 2966 626 3007 faviffe,
651 2966 748 3010 atque
767 2965 813 3000 ita
824 2966 947 2999 multos
969 2967 1179 3001 contristave-

292 3026 341 3051 rat
356 3041 367 3058 ‚
382 3017 472 3051 secit
487 3015 578 3061 quod
592 3016 634 3050 ad
654 3017 761 3065 ipsum
773 3026 851 3050 cum
870 3016 970 3060 pleno
988 3017 1180 3062 gratulatio-

113 3058 200 3101 !Plst·
213 3061 279 3091 10⁶·
294 3065 347 3100 nis
358 3066 481 3110 gaudio
504 3066 627 3110 scripsit
637 3066 769 3101 Sanetus
780 3064 1004 3110 Augustinus:
1033 3070 1072 3099 Ut
1089 3066 1177 3107 tristi-

294 3119 342 3149 tia
364 3117 400 3147 de
422 3116 523 3156 nostris
537 3115 676 3150 cordibus
701 3125 865 3160 tergeretur
877 3141 889 3157 ‚
915 3126 944 3150 te
953 3122 1080 3159 priorem
1097 3120 1177 3150 Ana-

296 3164 397 3198 thema
408 3166 449 3197 ets
462 3187 473 3203 ,
497 3168 619 3210 Pelagio
628 3189 639 3206 ,
665 3168 700 3201 &
712 3166 832 3206 celestio
843 3190 855 3207 ‚
874 3172 907 3200 in
919 3168 1029 3209 Populo
1036 3166 1177 3209 frequen-

295 3215 395 3255 tlffimo
401 3216 598 3259 pronunciasse
610 3241 620 3256 ,
640 3215 731 3258 fama
754 3229 814 3250 non
824 3223 919 3250 tacult
932 3243 939 3249 .
968 3216 1073 3251 Porro
1087 3216 1177 3250 Ecla-

295 3264 403 3299 nensis
414 3262 559 3306 Julianus
571 3289 581 3304 ‚
603 3267 658 3307 qui
671 3267 772 3311 usque
783 3265 824 3300 ad
836 3267 1027 3302 Innocentii
1038 3265 1175 3301 Pontifi-

294 3315 342 3349 cis
354 3322 494 3349 mortem
513 3316 697 3349 catholicus
722 3318 882 3351 manserat
893 3341 903 3357 ‚
928 3328 985 3352 aut
1001 3326 1132 3350 manere
1143 3317 1177 3350 fi-

293 3364 475 3399 mulaverat
489 3386 500 3404 ,
524 3363 664 3397 laudatis
674 3365 804 3400 Zozimi
817 3367 967 3401 Decretis
985 3366 1175 3401 subscribere

294 3414 393 3462 justus
404 3415 435 3449 se
445 3413 572 3460 aperuit
583 3418 590 3447 τ’
605 3412 805 3450 ῡαῐοέὶεινίτ
816 3414 1071 3461 pertinaeissime.
1084 3415 1174 3452 Cum

282 2413 457 2448 dumtaxat
482 2414 643 2457 suspestus
662 2438 673 2454 ,
706 2415 760 2449 sed
785 2415 938 2459 professus
961 2415 1177 2460 Pelagianus.

283 2465 332 2499 Et
353 2475 422 2507 quo
440 2463 569 2508 plenam
582 2462 746 2498 obtineret
759 2463 983 2500 obedientiam
995 2490 1005 2507 ,
1031 2467 1124 2500 suum
1145 2467 1180 2500 δε

1258 761 1324 795 iam
1337 762 1485 799 clericos
1497 776 1552 809 per
1567 776 1705 801 terrores
1722 767 1837 813 Regiae
1853 768 2002 811 juffionis
2017 793 2025 800 .
2053 769 2145 813 Ipsos

1255 810 1385 856 insuper
1399 813 1548 849 Clericos
1558 817 1666 860 arguit
1680 841 1691 856 ,
1709 819 1798 859 quod
1812 819 1874 852 isto
1886 829 2009 854 terrore
2020 821 2145 863 percul-

1254 860 1276 893 fi
1291 873 1360 896 non
1372 864 1558 900 erubuerint
1571 865 1841 910 praevaticationis
1852 869 1972 903 crimen
1982 870 2143 904 admitte·-

1254 923 1310 945 rc:
1337 911 1462 948 Contra
1485 917 1624 959 priorem
1647 918 1736 951 suam
1759 919 1974 959 sententiam,
2001 931 2064 963 qua
2076 919 2144 953 Ge-

1252 961 1307 996 stis
1331 962 1499 999 catholieo
1519 964 1667 1011 dogmati
1690 967 1863 1007 adfuerant
1887 992 1898 1007 ‚
1925 969 2143 1012 pronunciare

1253 1012 1371 1047 malam
1386 1013 1563 1050 hominum
1579 1018 1642 1051 effe
1657 1029 1804 1053 naturam
1820 1044 1827 1051 .
1856 1018 1936 1053 Hoc
1947 1021 1992 1053 est
2007 1043 2019 1060 ,
2043 1018 2146 1064 origiff

1253 1063 1326 1096 nale
1342 1074 1512 1108 peccatum
1525 1091 1537 1107 ‚
1563 1066 1760 1110 quodantea
1779 1069 1880 1102 etiam
1891 1080 1947 1112 per
1960 1069 2059 1103 Gesta
2070 1080 2142 1112 pro-

1251 1114 1439 1158 scripserant
1452 1139 1462 1155 ,
1488 1115 1598 1159 postea
1618 1116 1759 1151 stabilire
1772 1142 1784 1156 ,
1795 1129 1847 1152 -ac
1868 1127 1998 1162 propter
2011 1118 2139 1164 Regios

1248 1171 1382 1198 terrores
1395 1164 1581 1199 solemniter
1594 1167 1738 1209 profiteri
1751 1191 1758 1199 .
1780 1166 1843 1201 Ista
1854 1167 2141 1204 enim'calumnio-

1249 1212 1279 1245 sa
1294 1211 1397 1254 phrasi
1410 1214 1560 1257 Julianus
1576 1216 1755 1257 exprimere
1778 1218 1950 1250 consuevit
1968 1219 2139 1262 originale

1248 1271 1416 1304 peccatum
1431 1287 1438 1294 .
1466 1261 1630 1306 Adiunxit
1644 1263 1677 1298 in
1690 1263 1780 1298 istius
1791 1266 2139 1310 praevaricationispoe-

1248 1322 1324 1346 nam
1338 1335 1349 1352 ,
1375 1312 1531 1348 defunsto
1542 1312 1685 1349 Zozimo
1700 1315 1876 1350 successisse
1887 1313 2028 1351 schisma
2039 1315 2150 1354 Eula-.

1248 1361 1373 1396 lianum
1387 1387 1395 1394 .
1640 1380 1643 1384 ·
1981 1394 1983 1396 ,

1286 1411 1356 1446 Per
1378 1412 1553 1449 adductum
1567 1414 1617 1449 sui
1641 1415 1715 1450 libri
1728 1425 1825 1459 caput
1835 1417 1971 1451 sanstus
1982 1413 2140 1462 Augusti-

1246 1473 1306 1496 nus
1331 1462 1498 1508 respondit
1510 1464 1600 1500 hisce
1609 1465 1855 1501 contumeliosis
1866 1465 2039 1501 furibundi
2051 1466 2141 1501 Tur·

1246 1512 1331 1547 binis
1342 1513 1539 1549 clamoribus
1554 1539 1561 1548 .
1588 1515 1633 1549 Et
1643 1515 1741 1550 docet
1753 1515 1837 1550 varia
1849 1538 1860 1558 2
1878 1515 2025 1561 alioquin
2039 1516 2142 1562 igno--

1243 1563 1344 1597 randa
1366 1588 1374 1596 .
1402 1564 1518 1599 Primo
1541 1590 1552 1606 ‚
1577 1566 1668 1610 quo-d
1692 1567 1850 1602 Zozimus
1882 1565 2042 1600 Pontifex
2063 1590 2077 1607 ‚
2087 1566 2142 1608 “dns

1245 1614 1355 1648 omnis
1378 1615 1531 1649 Romana
1558 1615 1701 1653 Ecclefia
1726 1616 1887 1651 naturales
1897 1615 2032 1657 Celestii
2042 1616 2137 1652 dotes

1243 1664 1366 1698 fuerint
1387 1666 1608 1703 commiserati
1631 1691 1642 1707 ,
1669 1664 1808 1710 ideoque
1832 1666 1941 1710 ipsum
1971 1666 2138 1711 corrigere

1245 1715 1405 1758 sperantes
1424 1716 1594 1750 noluerint
1608 1715 1771 1751 Africana
1781 1716 2006 1751 damnationis
2024 1715 2137 1755 statim

1243 1763 1437 1800 confirmare
1469 1767 1691 1807 sententiam,
1717 1767 1753 1801 &
1772 1766 2136 1806 mitius-tractaverint,

1244 1826 1343 1859 quam
1356 1816 1531 1860 postularet
1545 1817 1683 1850 severior
1702 1816 1850 1851 Ecclefiae
1861 1816 2035 1861 disciplina
2045 1839 2052 1848 .
2063 1814 2138 1849 'Se-

1243 1864 1355 1899 cundo
1366 1890 1377 1906 ,
1404 1866 1493 1910 quod
1505 1867 1595 1910 super
1611 1865 1743 1901 Celestii
1755 1865 2020 1910 appellatione&
2034 1863 2142 1905 causa,

1243 1917 1459 1950 cucurrrerint
1473 1916 1562 1959 plura
1574 1915 1699 1959 Scripta
1720 1927 1758 1950 ac
1769 1917 1938 1959 Rescripta
1961 1916 2056 1951 inter*
2070 1915 2140 1951 Ro-

1243 1975 1375 1999 manam
1399 1965 1434 1999 &
1446 1966 1639 2000 Africanam
1653 1965 1848 2000 Ecclesiam:
1879 1966 1924 2000 Et
1934 1965 2024 2010 quod
2046 1964 2141 2009 plura

1243 2015 1330 2057 apud
1350 2014 1583 2058 'Apostolicam
1607 2014 1748 2056 Sedem,
1776 2017 1929 2059 praesente
1954 2027 1993 2050 ac
2010 2016 2140 2058 respon·

1244 2064 1343 2098 dente
1354 2064 1501 2099 celestio
1514 2089 1526 2104 ,
1551 2066 1700 2098 confecta
1714 2066 1835 2099 fuerint
1847 2065 1947 2099 Gesta
1958 2090 1966 2098 .
1992 2063 2115 2098 Tertio
2125 2088 2139 2106 ,

1244 2111 1336 2156 quod
1346 2113 1431 2148 inter
1442 2125 1494 2148 tot
1506 2114 1637 2148 Zozimi
1648 2114 1800 2158 epistolas
1813 2126 1850 2149 ae
1865 2114 2139 2153 interlocutiones

1246 2174 1306 2197 nec
1318 2163 1452 2198 verbum
1463 2164 1642 2208 reperiatur
1652 2188 1663 2204 ‚
1690 2165 1781 2208 quod
1803 2165 1968 2200 inficietur
1977 2164 2142 2210 originale

1246 2224 1415 2256 peccatum
1427 2239 1435 2247 .
1461 2213 1595 2262 Qarto
1606 2238 1619 2255 ‚
1629 2213 1719 2257 quod
1732 2214 1891 2249 Celeslius
1903 2216 1937 2248 in
1950 2216 2028 2255 suo,
2041 2222 2140 2257 quem

1244 2262 1384 2297 Zozimo
1397 2263 1550 2297 exhibuit
1564 2287 1575 2303 ,
1601 2264 1677 2296 fidei
1691 2264 1805 2297 libello
1817 2264 1959 2307 posuerit
1971 2263 2066 2296 verba
2075 2263 2141 2296 ori-

1244 2312 1356 2356 ginale
1368 2323 1536 2355 peccatum
1546 2313 1725 2346 evertentia
1736 2337 1743 2344 .
1772 2311 1902 2355 Nempe
1916 2311 1982 2346 haec
1995 2326 2007 2346 .-
2033 2316 2070 2346 In
2092 2323 2145 2346 re-v

1243 2362 1398 2403 mffonem
1409 2370 1509 2395 autem
1513 2370 1695 2404 peccatorum
1708 2362 1907 2404 baptizandos
1918 2359 2058 2403 Infantes
2080 2371 2139 2394 non

1244 2413 1351 2444 idcirco
1364 2414 1489 2446 dscimm
1501 2436 1512 2452 ,
1537 2421 1571 2445 ut
1578 2420 1732 2453 peccatum
1751 2423 1789 2444 ex
1811 2412 1933 2445 tradux
1955 2411 2077 2453 firmare
2090 2418 2138 2444 vt-

1243 2462 1367 2495 deamur
1380 2485 1392 2502 ,
1418 2462 1497 2504 quod
1517 2462 1600 2504 longe
1620 2462 1640 2493 ὰ
1662 2460 1798 2495 catholico
1814 2459 1903 2505 sensu
1928 2462 2059 2495 alienum
2075 2460 2135 2502 est.

1244 2513 1331 2555 ‚Quia
1349 2520 1502 2554 peccatum
1515 2523 1572 2544 non
1591 2523 1658 2545 cum
1667 2511 1784 2545 homme
1794 2511 1926 2554 nascitur
1938 2536 1950 2553 ,
1976 2511 2136 2555 quodpofl·

1243 2562 1326 2594 modo
1348 2572 1500 2597 exercetur
1521 2561 1560 2595 ab
1582 2561 1698 2596 homine
1711 2576 1723 2596 .-
1749 2564 1834 2606 .Quia
1855 2573 1915 2595 non
1933 2572 2054 2596 naturae
2064 2562 2137 2596 delt-

1243 2610 1320 2644 e'lum
1331 2612 1371 2653 est
1385 2636 1396 2653 ,
1415 2611 1473 2655 sed
1482 2611 1649 2646 voluntatis
1659 2612 1710 2656 effe
1722 2611 1936 2653 demonstratur
1944 2637 1952 2645 .
1981 2610 2112 2659 Qintd
2122 2632 2135 2650 ,

1244 2661 1334 2706 quod
1355 2661 1514 2696 celestius
1533 2672 1674 2697 errorem
1689 2661 1779 2699 hunc
1800 2674 1867 2696 non
1880 2661 2008 2706 penitus
2016 2660 2136 2696 afferti-

1245 2711 1283 2746 ve
1299 2712 1468 2756 scripserit,
1480 2712 1531 2746 sed
1546 2713 1594 2746 uti
1607 2721 1672 2746 rem
1682 2711 1834 2754 dubiam,
1851 2713 1892 2747 de
1903 2723 1966 2755 qua
1978 2710 2072 2746 vellet
2085 2711 2135 2744 in-

1244 2762 1321 2796 strui
1346 2788 1354 2796 .
1382 2762 1514 2797 Etenim
1537 2762 1651 2797 libello
1675 2763 1806 2797 dederat
1833 2762 1922 2797 hunc
1945 2762 2044 2795 finem
2063 2773 2076 2794 .·
2101 2762 2134 2793 51

1243 2824 1310 2855 quae
1319 2814 1389 2845 vero
1397 2822 1511 2855 praeter
1519 2811 1610 2854 fidem
1619 2813 1789 2855 quaestiones
1800 2810 1959 2854 nataesant
1972 2836 1983 2852 ,
2008 2811 2049 2845 de
2070 2816 2135 2853 qui-

1243 2863 1296 2896 bus
1317 2867 1397 2896 inter
1417 2861 1569 2906 plerosque
1589 2863 1656 2906 effer
1667 2866 1830 2902 contentio,
1855 2872 1913 2893 non
1922 2873 1972 2904 ego
1991 2860 2076 2902 quast
2082 2872 2134 2893 au-

1240 2912 1307 2947 tbor
1329 2914 1453 2954 alicujus
1464 2914 1612 2957 dogmatis
1625 2913 1748 2956 definita
1759 2910 1810 2944 boc
1829 2910 2012 2944 authoritate
2018 2910 2112 2949 statui
2120 2934 2132 2951 ‚

1236 2961 1296 3006 sed
1313 2975 1369 3004 ea,
1396 2974 1462 3005 quae
1487 2960 1527 2998 de‘
1544 2961 1760 3004 Prophetarum
1783 2962 1818 2994 (9⁶
1844 2961 2036 3002 Apostolorum
2040 2960 2131 3002 fonte

1236 3011 1351 3057 sufhepi
1362 3037 1375 3054 ,
1401 3012 1492 3054 vestri
1516 3012 1694 3055 apostolatus
1709 3010 1858 3052 offerimus
1866 3011 2026 3053 probanda
2032 3014 2065 3055 J
2066 3011 2131 3044 ud!-

1239 3069 1281 3096 cio
1297 3089 1307 3105 ,
1334 3073 1368 3098 ut
1382 3061 1410 3105 fi
1422 3063 1506 3106 forti?
1524 3072 1560 3096 ut
1581 3061 1747 3094 hominibus
1773 3059 1929 3104 quisptam
1951 3062 2130 3103 ignorantie

1241 3125 1322 3147 error
1331 3110 1493 3157 obrepserit
1503 3135 1515 3152 ‚
1541 3110 1639 3151 vestra
1648 3109 1799 3153 sententia
1805 3116 1968 3155 corrigatur
1982 3136 1989 3143 .
2015 3109 2127 3148 Sexto,

1239 3163 1329 3207 quod
1351 3173 1484 3197 erronea
1505 3161 1564 3194 ista
1588 3160 1693 3195 libelli
1720 3160 1815 3195 verba
1839 3160 2128 3205 zozimuspraecla-

1240 3225 1311 3247 rum
1333 3211 1465 3247 Celesiii
1488 3210 1660 3255 ingenium
1683 3212 1876 3252 miseratus,
1905 3211 2045 3246 noluerit
2067 3207 2128 3241 sta-

1240 3262 1299 3297 tim
1319 3273 1360 3296 ex
1370 3262 1509 3305 abrupto
1521 3261 1677 3295 damnare
1688 3287 1696 3295 .
1722 3262 1872 3306 Septimo
1884 3286 1897 3302 ‚
1922 3255 2009 3305 quod
2025 3257 2128 3292 >idcir-

1237 3313 1281 3347 co
1304 3312 1371 3355 ipsa
1394 3322 1462 3345 nou
1488 3311 1689 3355 probaverit.
1718 3312 1852 3346 Etenim
1876 3323 1945 3348 non
1956 3308 2126 3343 falsitatem

1238 3361 1403 3407 dogmatis
1419 3385 1430 3402 ,
1457 3361 1509 3395 sed
1531 3361 1632 3397 solam
1652 3361 1896 3397 emendationis
1910 3358 2126 3393 voluntatem

1239 3411 1386 3459 probavit
1396 3436 1409 3453 ,
1437 3411 1577 3458 ideoque
1586 3412 1629 3448 ad
1642 3423 1770 3458 tempus
1781 3435 1793 3454 ,
1812 3409 1982 3446 hominem
1991 3408 2126 3493 devilum

2033 3468 2050 3493 a
