2326 3718
616 135 644 166 J

368 166 439 220 76

761 154 874 203 «De
909 141 1649 203 Giuxc'rmlneeusm

290 240 360 287 sent
370 267 385 285 ⁷
407 237 569 283 cujusmdt
589 237 643 282 effe
667 240 931 276 noma-vedebatur
947 240 1055 275 habita
1065 243 1180 275 ratione
1241 237 1351 277 hyteros
1358 235 1490 282 κῆνο-τ’,
1514 241 1640 275 eandem
1652 250 1728 276 cum
1738 240 1834 277 variis
1846 241 2015 290 Episcopis
2023 243 2116 287 flau-

295 294 525 327 Provlnctarum
537 294 755 337 marttmrum
775 290 888 333 Africae
900 316 910 326 .

346 342 478 376 Errores
489 338 637 383 plurimi.
665 339 846 377 Primusest
859 366 870 383 ,
896 339 987 386 quod
1006 340 1178 376 inconcus-

292 389 600 427 &provincialium
622 391 834 433 synodorum
846 389 1039 426 authoritati
1058 400 1178 434 tempe-

289 449 478 476 ramentum
498 438 685 476 adhibuerit
704 439 899 477 Sardicenfis
920 442 1091 485 synodus.
1119 441 1177 475 Et-

289 492 380 526 enim
400 489 491 535 quod
511 490 699 535 appellandi
717 492 858 526 facultas
884 491 1172 527 nonaSatdicensi

288 541 427 584 Synodo
439 565 451 582 ,
478 540 532 576 sed
553 541 572 576 a
600 549 751 585 perpetua
763 565 775 583 ,
800 552 856 585 per
873 541 1044 576 Christum
1056 541 1174 575 Domi-

287 603 368 626 num
381 592 527 627 instituta
540 615 552 632 ,
580 602 635 635 per
643 590 822 635 Apostolos
832 591 1023 626 confirmata
1033 614 1046 632 ‚
1071 591 1106 624 δε
1118 600 1174 633 per

286 642 461 678 Nicaenam
475 641 649 684 synodum
663 640 790 675 redusta
802 642 837 675 in
849 642 1011 685 Scriptum
1023 665 1035 682 ‚
1062 639 1171 675 Eccle-

281 691 402 728 fiarum
424 690 662 727 consuetudine
686 691 786 726 ducat
797 691 963 736 originem
975 716 985 732 ,
1011 690 1058 725 est
1069 689 1169 725 abun-

283 742 325 778 de
335 741 594 778 demonstratum
604 741 639 774 in
658 741 877 785 superioribus
889 766 897 775 .
926 741 971 776 Et
986 739 1168 776 Eusebiana

281 792 398 828 Fastio
417 801 622 834 nequaquam
643 790 871 827 Provinciales
895 817 905 833 ,
930 791 984 827 sed
1007 791 1090 827 solas
1108 789 1169 826 Pa-

280 840 470 876 triarchales
491 840 645 883 synodos
666 843 838 886 praetendit
858 844 919 877 effe
941 842 1164 877 inconcussas.

279 891 449 927 Secundus
464 901 554 926 error
581 891 628 925 cst
645 916 656 932 ,
682 892 771 936 quod
793 891 989 929 Sardicenfis
1011 891 1166 938 Synodus

278 952 338 986 pro
350 942 421 977 solo
433 940 622 976 Occidente
630 942 716 977 istud
727 951 1019 986 temperamentum
1033 940 1162 976 dederit.

276 991 415 1027 Etenim
428 991 486 1027 ista
497 992 678 1034 synodus,
703 994 782 1027 licet
807 993 940 1027 Sanetus
959 990 1163 1036 Epiphanius

275 1041 366 1077 dicat
387 1042 639 1078 Occidentalem
666 1064 679 1081 ,
716 1040 850 1087 plenum
872 1050 982 1076 tamen
1013 1043 1160 1087 vigorem

273 1090 391 1134 habuit
412 1093 512 1127 etiam
529 1091 566 1125 in
590 1090 749 1126 Oriente.
778 1091 834 1126 Est
849 1090 939 1135 supra
962 1091 1159 1126 demonstra·

233 1153 235 1155 ·
271 1139 372 1176 turn‘.
400 1141 508 1190 Qod
531 1140 601 1175 vere
625 1150 665 1175 ac
683 1139 779 1184 plene
795 1143 1016 1190 ‘mcumenica
1039 1142 1159 1183 fuerit,

270 1191 365 1235 poffit
376 1192 518 1226 faciliter
526 1198 565 1223 ac
574 1188 684 1224 lucide
694 1188 908 1227 demonstrari
921 1217 930 1226 .
955 1191 1093 1228 Tertius
1112 1204 1157 1227 er-

268 1252 323 1275 ror
332 1241 378 1274 est
387 1262 399 1279 ‚
424 1239 514 1285 quod
526 1239 724 1275 sardicensis
736 1241 890 1284 Synodus
904 1243 1093 1278 Romanam
1105 1254 1157 1286 ap—

269 1289 481 1334 pellationem
503 1288 675 1324 indulserit
697 1291 775 1326 solis
809 1292 980 1335 Episcopis
1003 1317 1011 1325 .
1039 1293 1156 1337 Longe

267 1340 356 1375 aliud
368 1340 407 1374 ad
423 1337 671 1375 Antiochenam
686 1338 875 1378 Eusebianae
884 1342 1035 1376 factionis
1051 1344 1154 1386 Syno-

267 1391 348 1426 dum
360 1389 470 1424 scribit
480 1391 615 1425 Sanstus
625 1390 713 1435 Papa
727 1390 852 1437 Julius:
878 1390 1054 1435 Nonsolum
1065 1392 1156 1426 Acba-

264 1439 362 1483 nafius
375 1441 410 1474 (9
422 1440 583 1475 Marcellus
604 1440 747 1483 Episcopi
761 1453 827 1475 cum
838 1448 1031 1485 querimoniis
1042 1444 1079 1476 de
1087 1444 1154 1477 tlla-

264 1495 307 1525 m
318 1492 442 1531 injurHs
454 1515 465 1532 ,
486 1489 546 1535 sed
554 1492 590 1525 ὁ*
595 1493 727 1534 plurimi
735 1493 790 1525 alii
802 1493 944 1537 Episcopi
952 1505 991 1527 ex
1003 1493 1130 1528 Thracia
1142 1519 1153 1535 ,

263 1539 420 1584 Caelesjrta
436 1566 448 1583 ,
477 1540 630 1576 Pboentcta
648 1565 661 1582 ‚
690 1542 855 1580 Palaesttnae
893 1543 949 1577 huc
972 1555 1151 1578 convenere.

260 1591 431 1630 Presbyteri
448 1596 521 1624 item
539 1602 598 1626 non
604 1597 697 1633 pauet
710 1615 722 1631 ,
750 1600 873 1633 pamm
882 1603 921 1625 ex
935 1593 1125 1625 Alexandria
1138 1613 1150 1632 ,

255 1642 375 1683 partim
393 1641 539 1678 aliunde,
567 1638 622 1672 buc
638 1641 686 1673 ad
708 1641 871 1675 concellum
882 1651 1067 1676 occurrerunt
1079 1666 1089 1681 ,
1118 1642 1153 1675 &⁹

256 1696 357 1724 coram
367 1689 502 1723 omnibus
513 1687 673 1730 Eplfivpis
684 1689 728 1722 ebt
738 1697 922 1732 congregans
943 1697 1022 1723 inter
1034 1688 1157 1730 reltqurt⁴

260 1736 416 1780 Didasua
424 1737 566 1780 conquesti
580 1734 655 1779 fient
667 1760 678 1775 ‚
699 1742 766 1770 vim
789 1738 824 1771 θ’
848 1738 992 1775 injurtam
1015 1736 1149 1780 Ecclefils

256 1790 380 1823 illatam
392 1787 444 1830 esse
454 1812 464 1827 ,
486 1784 614 1830 ficosque
624 1785 772 1827 Ecclefiaes
786 1789 890 1821 eadem
903 1809 914 1827 ,
939 1799 1007 1831 quae
1023 1788 1151 1821 Alexan·

227 1864 229 1866 v
260 1840 353 1872 drtna
366 1862 377 1878 ‚
399 1837 501 1880 paffaes
523 1838 592 1879 effe.
620 1840 675 1870 Ex
694 1839 827 1880 AEgrpto
847 1840 994 1872 autem&
1021 1839 1151 1872 Alexan·

260 1891 330 1922 dria
342 1913 351 1929 ‚
377 1899 442 1921 cum
455 1885 794 1930 denudfieperventffenr
804 1912 816 1928 ‚
845 1888 1012 1928 Presbyteri
1030 1889 1147 1923 litteras

255 1939 355 1984 secum
362 1939 484 1972 attulere
495 1961 505 1977 ,
531 1936 642 1981 quibus
647 1937 846 1977 plurimorum
858 1936 1067 1980 Epist-oporam
1076 1950 1148 1982 que-

258 1993 385 2023 rimonia
394 1987 598 2022 continebatur
611 2011 622 2027 ,
644 1985 679 2030 se
702 1998 769 2021 cum
781 1986 836 2021 buc
847 1989 893 2021 ad
901 1990 1061 2023 Concilium
1077 1997 1147 2031 per·

253 2048 357 2084 gerent
382 2062 393 2078 ,
419 2038 551 2073 detentos
561 2036 655 2082 futsse
678 2047 770 2081 atque
799 2043 965 2072 etiamnum
1000 2041 1146 2073 detineri.

260 2090 349 2124 Ecce
361 2112 372 2129 ‚
391 2088 490 2122 eciam
505 2098 582 2123 ante
595 2087 814 2124 Sardicensem
826 2089 1003 2132 synodum
1013 2090 1147 2124 inferior

260 2139 376 2173 Clerus
388 2163 399 2180 ,
426 2138 494 2183 pari
504 2149 580 2174 cum
597 2137 767 2182 Episcopis
774 2139 844 2182 jure
856 2162 868 2179 ‚
895 2148 1022 2181 poterat
1031 2149 1149 2183 provo·

260 2201 333 2224 care
359 2189 504 2223 Romam
522 2213 533 2229 ‚
560 2189 594 2223 dr
614 2187 814 2231 provocabat
840 2211 848 2218 -
877 2188 921 2222 Et
940 2188 1045 2232 ipsum
1066 2186 1148 2223 adeo

259 2239 451 2283 displicebat
465 2239 577 2282 primis
585 2237 716 2271 istarum
727 2236 987 2283 appellationum
1001 2238 1147 2273 hostibus

260 2288 475 2329 Eusebianis‚
500 2297 539 2323 ut
558 2287 758 2331 appellantes
775 2290 810 2324 ἀ
830 2289 975 2323 Romam
987 2288 1143 2324 acceden-

260 2350 310 2374 tes
328 2339 538 2383 Presbyter-os
554 2335 872 2382 comprehenderent
899 2349 957 2383 per
977 2338 1084 2380 viam,
1110 2350 1148 2373 ac

261 2389 468 2424 traderentin
480 2387 661 2423 custodias.
689 2387 802 2434 Quam
818 2397 921 2424 artem
932 2388 1031 2424 etiam
1055 2389 1147 2425 novit

262 2451 362 2485 atque
371 2439 516 2474 exercuit
528 2439 648 2482 primus
658 2437 743 2482 apud
756 2439 873 2475 Gallos
884 2439 1097 2475 clericalium
1108 2439 1148 2474 ad

262 2491 416 2525 Sanaam
451 2488 539 2523 Petri
577 2489 694 2524 Sedem
728 2489 988 2533 appellationum
1025 2487 1149 2530 hostis,

264 2541 469 2579 Hincmarus
487 2539 705 2583 Metropolita
730 2537 944 2575 Rhemenfis.
971 2538 1077 2574 Porro
1098 2540 1149 2584 Ju-

266 2590 331 2625 lius
357 2590 535 2632 Pontifex,
561 2589 722 2635 quoniam
741 2590 869 2625 evocati
893 2589 1030 2624 istorum
1042 2590 1150 2635 appel-

264 2640 404 2675 lantium
417 2639 605 2674 Adversarii
616 2638 836 2674 detrectabant
844 2649 1032 2683 comparere
1043 2641 1084 2675 ad
1106 2651 1150 2675 re-

265 2690 486 2724 tractatorium
508 2690 542 2723 iu
556 2687 653 2724 Urbe
664 2688 827 2731 Iudicium
842 2712 853 2728 ,
881 2690 929 2723 uti
948 2689 1127 2734 Episcopos
1141 2715 1151 2731 ‚

263 2739 315 2773 ita
325 2739 358 2773 &
371 2739 516 2773 Clericos
526 2762 536 2777 ,
546 2749 687 2782 quorum
698 2738 952 2782 appellationem
964 2738 1151 2781 admiserat,

267 2789 476 2824 continuavit
490 2789 523 2821 in
536 2789 595 2822 suo
606 2788 707 2833 gradu
719 2789 998 2824 &communione
1007 2814 1017 2830 ,
1033 2789 1067 2822 δε
1081 2801 1152 2824 om—

267 2839 363 2874 nium
382 2840 493 2872 causas
514 2839 670 2873 retractari
690 2838 779 2882 juffit
790 2850 846 2883 per
858 2839 1031 2881 synodum
1043 2839 1152 2874 Sardi-

267 2889 453 2925 censemEt
467 2887 534 2922 haec
546 2888 581 2922 in
593 2889 648 2924 sua
660 2889 699 2924 ad
713 2887 836 2933 Iulium
845 2889 1002 2923 relatione
1015 2891 1152 2933 affirmat

268 2941 302 2974 se
312 2951 375 2974 con
381 2938 498 2973 veniff'e
509 2938 551 2973 ad
561 2949 624 2972 tres
633 2940 890 2983 causas‚quarum
902 2938 968 2973 haec
977 2940 1039 2974 fuit
1049 2941 1151 2974 tertia:

272 2992 375 3023 Tertia
384 2988 510 3031 quaestto,
520 3000 589 3031 quae
599 2991 672 3024 vere*
679 2989 807 3032 qua-flio,
817 2991 1001 3031 appellanda
1014 2990 1064 3030 est,
1076 2992 1156 3033 quod

268 3049 383 3083 graves
406 3039 440 3070 Θ
459 3039 577 3072 acerbas
595 3041 724 3079 injurias
746 3064 759 3080 ,
783 3039 981 3074 intolerabiles
1001 3046 1094 3074 etiam
1117 3042 1153 3075 6·

272 3085 409 3127 nefarias
428 3090 614 3120 contumelias
627 3089 757 3132 Ecclafiis
761 3090 895 3133 fecissent
907 3114 918 3130 ‚
937 3101 1002 3122 cum
1012 3098 1152 3132 raperent

274 3135 452 3179 Episemou
478 3136 659 3174 Presbyteros
683 3164 695 3179 ,
720 3137 884 3181 Diaconos,
912 3142 948 3174 6·
965 3151 1063 3174 omnes
1083 3142 1152 3174 Cle-

273 3193 349 3221 rlcos
369 3190 402 3218 in
424 3187 545 3218 exilium
566 3192 734 3231 minerent3
761 3191 805 3223 ad
825 3188 941 3233 deserta
949 3191 1012 3222 loca
1020 3190 1151 3223 traduce

273 3245 344 3271 ΜΠ
354 3247 368 3278 ‚¹
387 3234 475 3277 fame
488 3258 499 3274 2
517 3232 565 3275 fit!
578 3259 587 3274 ‚
615 3238 752 3271 nuditate
764 3263 775 3278 ,
799 3241 834 3273 et
845 3239 1054 3284 omniegestete
1063 3250 1151 3272 neca-

273 3293 342 3321 rent
365 3297 376 3327 ·,
401 3285 475 3317 alios
499 3282 607 3326 clausos
627 3297 741 3320 carcere
764 3312 775 3328 ,
794 3287 939 3330 squallore
960 3289 1127 3332 conficerent
1140 3313 1151 3329 ,

275 3338 333 3371 Ue.
362 3334 404 3368 Et
431 3334 465 3367 in
492 3333 606 3367 litteris
633 3333 673 3367 ad
702 3337 838 3370 Clerum
871 3339 1150 3374 Alexandrinum:

278 3388 364 3431 ,Quia
374 3388 561 3428 cognovimus
574 3382 751 3424 aphtonium
762 3410 773 3425 ,
799 3388 835 3420 <9⁸
856 3388 1043 3432 Athanafficm
1061 3393 1151 3430 Capt-

275 3435 463 3478 tonis-fitium
474 3457 486 3476 ,
503 3434 546 3469 0²
559 3434 687 3468 Paulum
698 3457 710 3476 ‚
734 3436 768 3469 δ’
780 3437 943 3472 Pluttenem
954 3463 966 3481 ,
991 3436 1152 3482 Con-Pres-

1241 290 1310 321 dem
1330 287 1371 320 ab
1391 287 1566 337 Euseblaents
1578 291 1723 335 perpeffos
1745 292 1798 335 effe
1810 316 1821 333 ,
1846 292 1901 326 hac
1917 296 1954 328 de
1964 294 2050 339 causa
2062 295 2115 331 boc

1239 344 1333 372 ettam
1352 337 1441 372 vobis
1451 339 1617 388 ‚figntssare
1633 341 1816 385 neceffarium
1834 345 1994 385 duximus,
2021 352 2113 380 ettam

1238 390 1303 422 illos
1313 390 1334 422 ᾶ
1346 387 1429 421 nobis
1441 390 1492 433 effe
1500 390 1676 434 rect-pum&
1686 401 1720 426 ut
1730 396 1896 427 innocenter
1909 400 2032 429 crimine
2041 397 2115 430 llbe-

1237 445 1317 472 ratos
1337 464 1344 471 .
1373 439 1512 475 Istorum
1530 441 1633 487 igitur
1655 467 1668 484 ‚
1695 453 1763 477 tam
1785 441 1988 480 Clericorum
2010 457 2111 488 quam

1238 488 1473 533 Episcopotum
1484 513 1495 531 ,
1521 496 1602 536 qnos
1609 493 1764 537 spoliatos
1770 492 1877 537 Julius
1885 495 2090 543 revestivergt
2099 522 2112 539 ,

1235 541 1269 574 ἀ
1289 539 1324 573 in
1347 540 1395 574 sui
1406 539 1526 585 gradus
1546 543 1736 585 poffeffione
1745 541 1975 585 continuam,
2001 545 2111 580 Sardi-

1232 591 1336 624 censis
1345 591 1499 634 Synodus
1509 593 1684 628 retractavit
1697 596 1827 635 causas,
1851 593 1988 637 ipsisque
2006 596 2112 631 reddi·

1233 639 1284 674 dit
1304 641 1402 674 etiam
1413 639 1462 683 jus
1485 650 1585 683 atque
1598 642 1750 679 titulum.
1779 644 1882 688 quue
1892 655 1933 677 ex
1944 642 2111 682 Mandato

1233 689 1310 733 Julii
1324 715 1331 722 .
1358 691 1461 737 Qui
1481 691 1571 725 enim
1584 689 1753 728 Generalis
1761 694 1914 739 Synodus
1924 694 2008 731 solas
2025 694 2110 731 fibla

1233 740 1395 776 Pontifice
1405 741 1568 786 delegatas
1577 742 1688 776 causas
1705 744 1798 785 poffi:
1816 745 1938 789 agitare
1949 757 1986 780 ac
1997 747 2112 782 defini-

1231 801 1265 824 re
1283 799 1300 831 ·,
1324 790 1443 826 diserte
1465 790 1576 827 scribit
1597 791 1731 826 Sanetus
1748 792 1820 828 Leo
1839 794 1882 829 ad
1909 798 2109 832 Anatolium

1232 840 1429 884 Episcopum
1442 841 1848 886 constantinopolitanum
1858 868 1867 876 .
1882 844 2028 883 Proinde
2038 850 2112 884 Sar-

1227 891 1363 925 dicensis
1373 892 1527 936 Synodus
1539 890 1727 927 Romanam
1739 891 2004 937 Appellationem
2027 899 2112 933 infe.

1226 941 1305 976 riori
1317 941 1418 976 Clero
1438 952 1500 975 nec
1517 941 1610 976 dedit
1619 954 1682 976 nec
1694 942 1844 983 abstulit,
1870 945 1924 978 sed
1945 944 2112 981 {Christo

1227 991 1378 1025 Domino
1399 990 1509 1027 datam
1521 992 1749 1027 confirmavit.
1776 991 1925 1028 Christus
1939 995 2110 1031 Dominus

1225 1053 1292 1075 non
1305 1042 1388 1076 solas
1396 1052 1475 1076 oves
1489 1067 1501 1082 ‚
1524 1041 1578 1077 sed
1589 1042 1690 1078 etiam
1700 1052 1805 1087 agnos
1815 1045 1978 1079 commisit
1990 1046 2110 1081 saneto

1223 1091 1339 1126 Petro:
1366 1092 1495 1126 Omnes
1516 1093 1646 1136 possunt
1671 1094 1705 1127 in
1717 1092 1781 1129 suis
1790 1093 1949 1139 angustiis
1965 1095 2110 1131 adhunc

1222 1151 1390 1184 recurrere3
1402 1153 1518 1178 omnes
1527 1141 1649 1177 debent
1660 1143 1701 1178 ab
1712 1143 1783 1187 ipso
1791 1145 1935 1187 adjuvari
1947 1170 1954 1179 .
2096 1155 2102 1171 1

1269 1191 1412 1238 Qartus
1421 1192 1560 1227 errorest
1569 1217 1581 1233 ,
1592 1193 1682 1236 quod
1695 1194 1857 1230 Romanae
1864 1194 2110 1239 Appel-lationis

1221 1242 1476 1276 retractantium
1486 1242 1647 1285 judicium
1660 1244 1699 1277 sit
1708 1245 1933 1278 renovandum
1947 1246 1981 1278 in
1992 1245 2110 1280 eadem

1219 1301 1277 1326 aut
1298 1292 1405 1325 vicina
1421 1290 1618 1328 Provincia.
1644 1292 1702 1327 Est
1724 1292 1856 1328 abunde
1882 1295 1976 1336 supra
1993 1293 2111 1338 explo-

1221 1343 1273 1376 sus
1284 1364 1291 1373 .
1321 1341 1470 1389 Qintus
1479 1342 1526 1377 est
1537 1366 1549 1384 ,
1574 1342 1665 1385 quod
1675 1342 1814 1379 inferior
1834 1343 1870 1378 in
1880 1344 2021 1379 Oriente
2033 1342 2110 1379 Cle·

1220 1403 1274 1427 rus
1284 1401 1353 1426 non
1365 1391 1459 1436 poffit
1470 1392 1488 1426 a
1502 1393 1563 1427 suae
1573 1390 1757 1428 Provincia:
1777 1391 1917 1436 synodo
1929 1395 2111 1437 provocare

1219 1440 1260 1476 ad
1269 1439 1492 1477 patriarcham
1502 1467 1510 1476 .
1541 1441 1676 1477 Etenim
1688 1444 1890 1478 contrarium
1906 1445 2007 1487 ‘supra
2018 1444 2110 1478 audi-

1219 1492 1328 1527 vimus
1350 1492 1578 1528 aCanonibus
1604 1492 1778 1527 Arabicis.
1804 1494 1922 1528 Sextus
1938 1488 2110 1533 erroreff,

1217 1540 1308 1582 quod
1321 1541 1365 1572 ita
1376 1542 1534 1574 statuatur
1547 1543 1565 1574 a
1576 1539 1725 1575 Nicaenis
1734 1542 1933 1576 Curionibus
1951 1543 1963 1575 “.
1980 1543 2038 1575 Est
2050 1542 2113 1576 Pa-

1216 1586 1377 1623 radoxum
1390 1613 1402 1629 ,
1427 1589 1659 1624 alienissimum
1681 1589 1700 1623 a
1712 1591 1805 1625 sensu*
1821 1589 1976 1630 omnium
1988 1588 2111 1628 Orien-

1216 1638 1332 1672 talium
1344 1660 1352 1668 .
1381 1636 1481 1671 Certe
1499 1639 1717 1671 Arabicorum
1739 1640 1918 1673 Canonum
1937 1638 2108 1674 Authoret

1214 1686 1407 1720 censuerunt
1417 1686 1502 1729 ipsos
1513 1686 1597 1721 adeo
1610 1687 1795 1722 conformes
1806 1687 1953 1723 Nicaenis
1961 1713 1972 1730 ,
1992 1698 2030 1723 ut
2037 1686 2108 1724 cre-

1213 1734 1248 1769 di
1267 1732 1424 1770 &haberi
1436 1735 1593 1771 Nicaenos
1616 1735 1796 1772 voluerint.
1824 1738 1927 1773 Error
1947 1736 2106 1782 septimus

1213 1783 1259 1819 est
1268 1809 1279 1826 ‚
1306 1784 1399 1827 quod
1412 1785 1458 1819 ita
1470 1786 1594 1821 sanciat
1614 1786 1723 1821 sextus
1733 1787 1834 1822 etiarn
1848 1787 1969 1822 Canon
1982 1787 2109 1823 Antid-

1212 1834 1353 1870 chenus.
1381 1835 1516 1871 Etenim
1539 1835 1725 1872 Eusebiana
1753 1837 1875 1879 fastio,
1899 1837 1981 1879 dum
1995 1837 2106 1873 ‘lubi-‘⁵

1212 1895 1288 1922 cum
1299 1895 1336 1919 ac
1346 1884 1503 1920 dolosum
1523 1887 1617 1922 cudit
1636 1885 1811 1923 Canonet'n
1823 1912 1835 1928 ,
1848 1907 1850 1909 -
1862 1884 1966 1924 solam
1977 1887 2106 1924 Roma-

1213 1945 1289 1971 nam
1313 1936 1420 1971 voluit
1442 1936 1713 1980 Appellationem
1735 1937 1912 1973 excludere
1928 1963 1941 1980 ,
1967 1939 2106 1974 nullm-

1212 1986 1273 2020 οὺς
1283 1984 1537 2021 patriarchalem
1549 2009 1557 2020 .
1577 1988 1620 2023 Et
1633 1986 1714 2022 dum
1727 1987 1964 2026 illumadmisit
1978 1988 2106 2024 Roma·

1214 2047 1256 2071 na
1273 2035 1414 2071 Ecclesia
1426 2060 1436 2077 ‚
1464 2038 1618 2082 purgavit
1640 2048 1696 2081 per
1707 2037 1966 2074 subintellectam
1979 2039 2105 2074 clausu·

1213 2087 1279 2120 lam
1291 2099 1299 2119 :
1325 2089 1394 2120 stne
1402 2089 1579 2128 praejudtcto
1590 2092 1736 2122 Romane
1748 2086 1895 2129 Ecclefiae.
1923 2087 2102 2138 Qidquid

1211 2135 1252 2171 lit
1261 2161 1273 2178 ,
1298 2135 1376 2171 istos
1388 2137 1544 2172 Canones
1553 2137 2104 2183 circumduxitsardicenfissyno-

1211 2184 1290 2220 dus.
1317 2187 1464 2221 octavus
1490 2188 1658 2228 eri-orest,
1683 2187 1773 2232 quod
1783 2188 1834 2224 ita
1858 2188 2102 2224 sanciatnonur

1211 2237 1312 2271 etiam
1337 2236 1457 2271 Canon
1483 2236 1761 2272 Chalcedonensis
1779 2263 1789 2270 .
1817 2239 1953 2273 Etenim
1981 2238 2101 2273 diserte

1211 2285 1315 2320 saucit
1333 2287 1519 2330 oppositum
1531 2290 1659 2331 :egued
1669 2285 1700 2327 fi
1712 2289 1844 2322 Clericus
1868 2286 1957 2322 babet
1977 2286 2100 2331 causam

1211 2336 1361 2370 adversr'cs
1372 2335 1552 2380 Episcopum
1558 2344 1716 2380 proprium
1726 2361 1737 2378 ,
1764 2339 1850 2378 apud
1867 2339 2011 2376 synodum
2023 2339 2100 2371 Pro-

1212 2391 1320 2420 vtnctae
1320 2388 1476 2427 judicetur
1486 2411 1495 2419 .
1521 2388 1618 2430 ,Quod
1631 2387 1663 2429 fi
1670 2388 1820 2421 adversis
1830 2386 1957 2430 eiusdem
1969 2390 2101 2421 Provin-

1211 2443 1265 2470 ctae
1275 2434 1535 2479 Metropalttanien
1557 2436 1648 2470 babet
1671 2439 1823 2478 querelam
1834 2462 1845 2478 ,
1867 2446 1955 2478 perat
1966 2446 2023 2471 aar
2033 2439 2102 2471 Prt-

1213 2494 1322 2520 matem
1335 2486 1484 2529 Dloecefios
1493 2511 1505 2528 ,
1530 2495 1586 2519 aut
1596 2490 1616 2519 s
1617 2489 1702 2520 edem
1712 2487 1812 2530 Re'glae
1822 2487 1912 2520 Unbte
1929 2486 2098 2527 Constanti-

1212 2538 1390 2579 nopolitanae
1400 2562 1410 2578 ,
1433 2539 1469 2571 ά·
1479 2538 1567 2579 apud
1576 2535 1830 2579 ipsamjudtcetur
1840 2561 1849 2570 .
1878 2537 1963 2582 Agit
1972 2537 2014 2571 de
2026 2537 2100 2572 Cle·

1212 2587 1288 2621 ricis
1314 2587 1415 2621 trium
1446 2587 1529 2621 olim
1557 2585 1858 2628 Autocephalarum
1883 2586 2073 2621 Dioecesion
2085 2610 2097 2619 .
2124 2587 2126 2589 ’

1214 2636 1291 2681 lpfis
1311 2637 1470 2681 permittit
1490 2636 1650 2681 appellare
1670 2635 1690 2669 a
1714 2636 1771 2670 suo
1785 2635 1949 2679 Episcopo
1966 2635 2006 2669 ad
2021 2634 2099 2669 Pro·

1215 2687 1332 2721 vinciae
1341 2686 1514 2730 synodum
1531 2710 1544 2727 ‚
1569 2684 1649 2720 hinc
1667 2684 1710 2720 ad
1731 2696 1857 2720 novum
1876 2683 2099 2720 patriarcham

1216 2736 1625 2780 constantinopolitanum
1637 2761 1649 2778 ‚
1675 2735 1818 2780 ideoque
1837 2735 1974 2769 similem
1994 2745 2100 2770 recur-

1216 2789 1286 2822 sum
1307 2786 1347 2820 ad
1368 2787 1442 2822 suos
1453 2785 1656 2821 Patriarchas
1678 2787 1837 2831 permittit
1853 2785 1999 2824 &Glero
2018 2785 2100 2820 alio-

1216 2849 1287 2873 rum
1299 2835 1579 2872 patriarchatuum
1589 2862 1599 2870 .

1266 2887 1361 2935 an
1373 2886 1479 2922 immo
1488 2911 1500 2928 ,
1514 2885 1605 2931 quod
1615 2885 1796 2921 Orientalis
1804 2883 1952 2919 Ecclesia
1960 2883 2099 2919 inferior

1216 2938 1331 2972 clerus
1353 2938 1476 2981 semper
1488 2940 1588 2972 etiam
1599 2938 1641 2971 ad
1653 2935 1882 2980 Apostolicam
1895 2929 2008 2969 Sedem
2021 2934 2100 2970 libe-
2139 2971 2140 2974 ,

1216 2988 1248 3022 re
1258 2987 1492 3033 appellaverit,
1518 2988 1562 3022 est
1582 2986 1683 3032 longe
1702 2984 1913 3020 certissimum
1925 3009 1933 3018 .
1964 2985 2098 3019 Etenim

1216 3037 1595 3081 Constantinopolitanae
1614 3035 1766 3070 Ecclefiae
1787 3034 1931 3074 Clerici,
1958 3046 2012 3079 per
2036 3034 2098 3069 Pa·-

1214 3086 1387 3124 triarcham
1410 3089 1502 3122 suum
1519 3095 1618 3130 atque
1636 3083 1890 3120 Haeresiarcham
1903 3085 2095 3120 Nestorium

1214 3138 1382 3183 degradati
1394 3161 1405 3178 ,
1431 3135 1633 3180 appellarunt
1646 3135 1688 3169 ad
1700 3135 1850 3170 Sanctum
1863 3136 2072 3170 Caelestinum
2084 3156 2094 3168 .

1216 3189 1259 3223 Et
1269 3188 1427 3223 Pontifex
1437 3187 1502 3221 illis
1513 3185 1666 3229 rescripsit
1678 3186 1783 3220 multa
1795 3197 1835 3220 ex
1845 3187 1949 3221 Sacris
1959 3183 2072 3219 litteris
2081 3208 2093 3225 ,

1213 3249 1254 3274 ex
1266 3237 1372 3273 Sancti
1382 3235 1551 3272 Athanasii
1561 3236 1709 3270 similiter
1717 3231 2092 3280 appellantisexemplo‚

1212 3300 1251 3324 ac
1273 3299 1315 3322 ex
1332 3287 1408 3321 aliis
1428 3284 1607 3321 istiusmodi
1631 3286 1799 3330 principiis
1818 3284 1953 3324 solatia,
1978 3284 2093 3318 &tan-

1212 3339 1287 3374 dem
1309 3335 1494 3372 conclufit:
1519 3341 1573 3370 Ne
1591 3344 1692 3370 tamen
1715 3338 1760 3370 aa
1777 3345 1895 3378 tempus
1906 3333 2093 3374 Nestorium·-

1213 3390 1319 3423 deatur
1328 3388 1431 3422 valere
1448 3385 1620 3429 sententia,
1644 3388 1748 3429 aperte
1767 3387 1850 3420 sedts
1874 3382 2093 3427 nostraesanxle

1213 3438 1379 3475 authoritas
1398 3438 1512 3471 nullam
1520 3461 1532 3479 ,
1540 3439 1542 3443 ’
1551 3436 1617 3483 ,five
1627 3436 1807 3481 Eptftqoum
1817 3456 1842 3477 ,ι
1848 3432 1911 3486 five
1922 3435 2092 3487 Oleum,

1976 3505 1979 3509 ,
1989 3481 2044 3527 sm
