2326 3718
860 128 1466 172 Euchrtarls.

225 230 232 234 ·
241 223 344 254 vontus
358 242 370 259 ,
392 216 483 250 addit
493 215 706 251 authoritatem
719 211 884 254 Flaviani,
903 218 996 248 Leon}
1005 212 1121 256 respon-

241 272 343 304 dentis
353 291 361 299 .
387 265 535 302 Adducit
547 265 690 311 superius
700 266 778 300 item
793 265 920 300 laudata
933 264 1036 299 Sancti
1049 263 1122 298 Fla·

243 318 333 353 viani
356 316 473 357 verba,
498 318 531 352 ὅ(
550 318 677 362 pergit:
702 315 761 348 Sed
781 326 820 347 ex
842 315 941 349 verbis
957 316 1018 348 illis
1029 314 1122 357 colligi

226 367 395 409 ,aonrpotest
405 367 575 410 appellatas
590 378 649 400 non
660 364 748 408 futffe
758 366 891 408 reliquas
907 367 997 398 Sedes
1008 391 1015 398 .
1045 365 1121 397 sam=

241 417 446 457 diffimulanda
469 429 527 451 non
537 416 574 455 el}
597 422 728 451 veritas.
757 416 932 457 appellavit
942 421 1020 448 enim
1032 417 1122 453 Euty-

233 466 310 501 *thes
321 468 467 506 synodos,
491 471 676 505 Romanam,
704 466 962 504 Alexandrinam,
989 462 1121 506 Hieroso-

240 517 411 555 lyma'tanam
432 541 444 558 ,
471 519 505 552 Θ
533 514 808 559 Tbeffalonicenfcm
831 541 841 556 ,
861 514 918 559 sed
940 514 1122 553 clanculam,

241 568 275 599 ω
289 565 324 599 in
345 577 448 601 aurem
469 568 596 600 Partiri}
616 567 763 600 Florentii
782 591 792 606 ‚
815 565 878 608 post
891 565 1054 610 judicium
1073 562 1123 603 fa-

238 616 342 657 ἑῖιηη,
368 618 403 652 (9·
418 615 480 659 post
498 614 627 658 solutam
650 617 792 655 synodum
809 640 816 648 .
845 617 930 649 Unde
953 615 1123 658 colliguntur

239 666 309 699 duae
331 670 455 711 egregie
476 667 602 709 regulae.
632 668 761 705 Prima,
785 661 904 707 causam
924 664 998 706 fidel
1021 687 1033 703 ,
1059 672 1123 695 cum

239 713 446 756 communis-fit
465 716 654 759 &generalis
667 741 678 757 ,
691 716 892 755 judicandam
903 714 954 756 effe
971 716 992 746 ἃ
1004 713 1124 751 synodis

239 762 374 805 Ecclefiae
394 764 562 808 universa,
584 767 734 808 praecipu?
756 767 827 799 vero
840 767 859 798 ἆ
871 768 1007 798 Romana
1021 787 1033 804 ,
1058 773 1124 804 quae

238 818 369 849 omnium
376 820 479 857 prima
488 814 526 855 est
538 840 544 847 .
574 818 649 850 Tum
661 813 863 858 depositionem
873 814 1009 849 baeretici
1019 835 1030 852 ‚
1055 823 1121 855 quae

236 863 261 911 s
257 870 374 907 equitur
384 876 422 899 ex
436 864 569 906 dectfione
576 864 650 906 fidel
660 890 672 906 ‚
689 865 845 906 definitivo
855 868 978 898 Decreta
981 864 1123 904 judican-

235 916 317 949 dam
336 914 386 959 effe
398 914 437 947 ab
456 915 590 948 omnibus
602 938 614 955 ,
631 914 748 955 finova
757 914 797 955 fit
807 914 922 955 baerefis
932 936 943 952 ‚
968 914 1060 955 neque
1075 910 1126 943 ba·

240 964 346 999 &emis
359 966 508 998 damnata
524 963 621 1005 fuerit
630 963 669 996 ab
680 963 805 1005 Ecclesia
814 986 822 996 .
850 963 985 998 secunda
997 963 1067 995 vero
1082 971 1122 992 re-

239 1016 311 1060 gula
333 1013 397 1047 haec
416 1013 455 1053 est
466 1037 477 1053 ,
502 1014 715 1055 appellationes
730 1012 839 1054 fad-as
862 1014 907 1046 ad
927 1009 1127 1045 patriarchas

242 1062 558 1106 cenfirrietiamfacffas
569 1063 614 1094 ad
633 1073 732 1095 eorum
743 1062 869 1100 synodos
885 1085 897 1101 ,
921 1069 956 1095 ut
972 1059 1078 1100 constat
1090 1070 1128 1094 ex

235 1111 371 1156 formula
397 1112 606 1153 'appellationis
628 1108 798 1151 Eutychetis
819 1135 827 1144 .
855 1115 931 1145 Non
956 1111 1126 1154 appellavit

238 1169 339 1196 autem
358 1161 404 1194 ad
412 1162 534 1200 synodos
548 1165 681 1195 orientis
694 1185 705 1202 ‚
729 1162 812 1203 quod
830 1160 1016 1195 patriarcha
1027 1166 1125 1194 Antio-

239 1210 351 1246 chenus
373 1208 574 1253 subscripfiffer
599 1208 756 1253 sententia
776 1213 925 1244 Flaviani
945 1222 954 1242 :
982 1212 1029 1243 Et
1049 1211 1131 1253 quod

235 1262 343 1305 plures
355 1262 576 1304 Metropolitum
599 1259 755 1302 Dia-sefion
768 1284 780 1300 ,
806 1259 943 1302 Afianae,
970 1266 1139 1305 Ponticae,

240 1313 278 1346 ὁ·
301 1310 451 1347 Thracica
471 1335 484 1352 ‚
509 1310 639 1357 adeffent
658 1315 691 1345 in
718 1311 847 1347 Concilio
867 1309 1129 1354 Constantinopoli-

243 1369 316 1394 tano
328 1386 336 1393 .

291 1410 350 1444 An
378 1408 549 1455 Eutyches
567 1409 610 1446 ad
630 1410 739 1446 solum
758 1411 908 1448 Leonem
929 1406 1130 1447 Pontificem

237 1461 449 1505 appellaverit
468 1484 481 1502 ‚
506 1471 563 1496 aut
584 1473 654 1496 non
674 1462 887 1506 appellaverit
906 1485 919 1502 ,
945 1460 1031 1496 nihil
1051 1462 1130 1497 facit

239 1511 286 1547 ad
305 1511 503 1557 dignitatem
525 1510 618 1546 Sedis
629 1511 846 1556 Apostolicae.
871 1512 957 1548 Satis
973 1512 1019 1546 est
1040 1510 1130 1558 quod

237 1561 358 1598 Petrus
368 1560 667 1606 Archi-Episcopus
676 1563 874 1598 confiteatur
895 1562 1001 1606 ipsum
1023 1564 1128 1596 secun-

236 1612 323 1649 dum
341 1613 497 1650 Canones
507 1612 649 1657 potuisse
660 1613 837 1656 appellare.
867 1613 1027 1648 Attamen
1051 1624 1130 1656 qua:-

238 1663 318 1697 dam
338 1663 541 1696 intermiscet
560 1685 572 1703 ,
599 1672 670 1706 quae
692 1663 890 1706 praetermitti
913 1674 982 1697 non
1007 1664 1128 1709 poffint

238 1713 307 1747 sine
319 1712 472 1747 examine
485 1737 493 1744 .
520 1711 726 1746 intermiscet
750 1723 871 1747 errores
882 1736 889 1745 .
915 1712 1048 1747 Primus
1064 1712 1109 1747 est
1122 1735 1132 1752 ‚

240 1763 334 1807 quod
353 1761 584 1797 Illustriffimus
607 1761 793 1801 Cardinalis
814 1762 989 1798 Petronius
1007 1763 1130 1797 Roma·

238 1824 320 1848 nam
344 1811 542 1856 Eutychetis
562 1812 820 1856 appellationem
839 1825 908 1850 non
919 1813 1004 1847 reste
1016 1813 1130 1857 probet

234 1874 284 1898 ex
294 1862 414 1909 Magni
427 1862 554 1898 Leon'm
562 1863 699 1906 epistola
709 1862 751 1898 ad
761 1864 917 1898 Sanstum
923 1863 1127 1899 Flavianum.

238 1913 379 1949 Etenim
392 1913 517 1947 Leonis
527 1912 624 1946 verba
634 1914 709 1946 sunt
721 1912 917 1947 lucidiffima
930 1925 942 1945 .-
965 1916 1133 1955 Accepimus

238 1964 373 1998 Mallum
393 1962 566 2003 Eutychetis
593 1961 783 2004 Psesbneri,
810 1968 861 2005 qui
877 1960 1059 2006 sequemur
1081 1970 1132 1995 im-

234 2016 346 2048 'merlto
367 2018 568 2047 communione
585 2017 748 2054 privatum
770 2027 784 2044 .>
816 2014 930 2060 Qem
958 2012 1108 2046 libellum
1122 2038 1133 2053 ‚

237 2064 303 2098 nisi
316 2062 590 2110 appellatorium?
617 2061 662 2094 Et
673 2072 729 2105 per
750 2061 855 2103 ipsum
876 2060 1048 2103 Eutyches
1065 2072 1132 2094 om·

236 2110 532 2156 nino-postulabat
552 2110 809 2145 retractantium
829 2110 1018 2153 Iudicium,
1044 2109 1132 2144 ideo-

239 2173 306 2205 que
331 2162 365 2196 δι
385 2162 444 2197 fibi
482 2160 606 2196 restitui
633 2161 682 2194 sui
701 2161 820 2206 gradus
840 2160 1131 2195 communionem.

241 2213 339 2246 Hinc
347 2211 506 2247 Pontifici
519 2211 606 2246 misit
619 2210 719 2245 etiam
731 2209 879 2245 libellum
893 2211 1027 2245 Eusebii
1040 2221 1131 2245 accu-

232 2261 357 2296 'fatoris
366 2284 378 2301 ,
403 2261 742 2305 aliaque-documenta
753 2261 793 2294 ad
804 2261 1066 2295 retractationem
1080 2272 1132 2294 ne-

239 2312 375 2346 cessaria
388 2336 396 2344 .
422 2311 549 2345 Eadem
562 2308 603 2343 de
614 2310 709 2344 causa
720 2310 837 2344 Sansto
854 2310 1015 2344 Flaviano
1038 2320 1135 2344 man-

243 2360 338 2395 flavit
348 2359 506 2395 Pontifex
516 2384 527 2400 ‚
558 2370 593 2394 ut
605 2359 785 2402 synodalia
796 2359 880 2395 Asta
892 2361 1023 2395 referret
1036 2385 1047 2401 ,
1058 2371 1134 2395 una·

244 2422 309 2457 que
320 2410 551 2445 transmitteret
562 2419 672 2452 aptam
684 2410 718 2445 &
732 2410 885 2444 idoneam
898 2410 1065 2453 personam
1078 2435 1086 2443 .

287 2460 466 2496 'Secundus
477 2470 566 2494 error
575 2460 621 2494 est
635 2483 647 2500 ‚
670 2459 759 2502 quod
779 2459 928 2494 laudatus
950 2460 1136 2494 Cardinalis

243 2512 340 2547 istam
361 2511 616 2555 appellationem
641 2518 712 2546 non
734 2509 816 2544 reete
841 2510 940 2544 etiam
955 2510 1069 2553 probet
1095 2523 1135 2543 ex

243 2561 352 2598 Sansti
363 2561 517 2596 Flaviani
540 2559 722 2602 relatione,
754 2561 787 2595 ἀ
807 2559 978 2604 Rescripto
996 2560 1036 2594 ad
1049 2559 1135 2595 Pou-

243 2612 383 2646 tificem.
414 2612 550 2646 Etenim
574 2611 706 2645 Sanctus
725 2610 901 2644 Flavianus
928 2621 983 2654 per
1005 2621 1044 2645 ea
1069 2610 1135 2656 ipsa

243 2662 342 2697 verba
363 2687 375 2703 ‚
410 2662 530 2706 quibus
567 2659 792 2705 Eutychetem
818 2660 990 2704 appellasse
1015 2671 1137 2706 negat,

244 2713 416 2757 appellasse
429 2712 602 2747 confirmat
613 2737 623 2745 .
652 2710 801 2758 Qaestio
813 2720 880 2745 erat
891 2711 933 2745 de
941 2710 1066 2754 duplici
1085 2723 1138 2755 ap·

244 2763 442 2808 pellatione.
468 2759 638 2804 Eutyches
650 2763 682 2795 se
693 2786 704 2802 ‚
715 2762 749 2796 δε
760 2761 892 2806 quidem
906 2772 961 2806 per
972 2761 1137 2803 libellum,

247 2812 428 2851 affirmabat
440 2812 610 2857 appellasse
630 2821 778 2855 tempore
792 2811 1137 2855 Constantinopolita-

247 2862 468 2904 uiConcilii,
494 2862 603 2896 statim
618 2862 721 2899 adata
734 2861 918 2902 sententia,
943 2863 976 2896 δε
996 2862 1061 2906 jam
1084 2862 1138 2896 de·

249 2911 323 2948 nuo
347 2913 552 2956 appellabat.
581 2912 625 2946 Et
651 2911 764 2947 denuo
791 2911 943 2946 mittebat
965 2911 1137 2954 libellum,

250 2961 382 3005 aliaque
394 2961 566 2996 necessaria
579 2987 586 2995 .
614 2961 743 2996 Primus
758 2961 912 2996 articulus
921 2972 986 2996 erat
1000 2961 1137 3006 splendi-

252 3012 334 3046 dum
347 3011 556 3046 mendacium
570 3026 581 3048 ,·
607 3013 776 3047 Secundus
786 3023 896 3047 autem
906 3023 974 3047 erat
990 3012 1074 3048 clara
1087 3023 1136 3048 ve-

250 3061 330 3097 titas
343 3086 355 3102 ‚
381 3071 493 3105 patens
508 3059 548 3096 ad
558 3062 672 3096 oculos
684 3088 691 3095 .
719 3063 863 3097 Proinde
882 3061 969 3097 lunc
979 3062 1138 3106 posterio-

251 3122 321 3146 rem
334 3112 586 3155 appellationem
598 3114 799 3156 nequaquam
810 3113 942 3159 negavit
950 3114 1137 3155 Flavianus,

253 3160 308 3196 sed
321 3161 445 3196 studuit
467 3172 628 3196 evertere.
657 3160 719 3196 Per
740 3165 800 3197 tria
810 3164 972 3208 principia
988 3189 995 3196 .
1021 3163 1136 3198 Primo

252 3222 312 3256 per
337 3211 395 3245 suae
421 3212 586 3246 sententiae
611 3211 781 3246 transitum
799 3214 834 3248 in
855 3226 922 3248 rem
941 3213 1135 3257 judicatam.

252 3261 404 3296 Secundo
416 3272 472 3305 per
483 3262 644 3296 caducum
668 3261 765 3305 ipsius
776 3264 1005 3306 appellationis
1026 3264 1135 3299 funda·

254 3322 424 3346 mentum.
453 3310 623 3355 Eutyches
641 3312 730 3346 enim
757 3323 825 3347 non
838 3315 923 3357 quasi
948 3326 1069 3350 novam
1091 3315 1137 3349 in-

256 3360 397 3396 choabat
418 3361 692 3406 appellationem,
718 3362 773 3396 sed
798 3364 949 3399 afferebat
975 3366 1007 3398 se
1032 3367 1137 3399 facere

255 3411 518 3459 prosecutionem
545 3413 578 3446 δε
599 3411 875 3450 introductionem
903 3414 1012 3457 illius.
1038 3426 1135 3460 quam

357 3460 459 3505 Christ.
475 3467 553 3508 Lupi
561 3466 660 3507 Opera
669 3466 702 3496 T.
710 3464 791 3499 Vm.

1907 143 1994 186 301

1180 211 1213 246 in
1226 211 1290 254 ipsa
1301 208 1451 244 Flaviani
1465 210 1602 252 synodo
1614 215 1747 257 praesens
1757 226 1813 259 per
1823 214 1970 250 libellum
1983 218 2062 252 fece·

1180 271 1249 301 rat,
1276 259 1429 304 atqueita
1440 259 1617 294 mendacio
1635 264 1816 300 destruebat
1838 267 2061 311 semetipsum.

1179 309 1302 345 Tertio
1324 321 1379 354 per
1398 307 1582 344 evidentem
1603 312 1819 349 caducitatem
1842 319 1963 351 causae.
1991 318 2064 351 F-la-

1181 362 1297 396 vianus
1327 360 1482 395 asserebat
1503 360 1626 404 dogma
1640 361 1834 402 Eutychetis
1845 367 1907 400 effe
1929 367 2064 401 manife-

1181 412 1261 446 stam
1285 409 1489 454 Apollinarii
1515 419 1571 444 aut
1596 410 1790 450 Valentini,
1815 415 1848 447 in
1876 416 1946 458 ipso
1963 418 2066 453 etiam

1184 460 1347 505 Ephefino
1357 460 1516 495 Concilio
1526 460 1709 504 nuperrime
1718 460 1903 501 damnatam
1911 464 2066 506 haeresim,

1183 512 1324 556 ideoque
1348 511 1405 555 ipsi
1429 510 1657 556 poenitendum
1679 511 1742 546 esse
1762 535 1774 552 ,
1802 522 1871 545 non
1898 516 2069 557 appellari-n⁴

1182 563 1261 596 dum
1276 587 1284 594 .

1233 612 1286 645 Ex
1309 612 1427 655 quibus
1454 611 1541 646 lucet
1561 636 1571 653 ,
1599 611 1690 655 quod
1712 613 1846 647 Sanctus
1869 612 2067 655 Flavianus,

1183 661 1259 696 licet
1277 673 1392 704 contra
1414 663 1550 697 FaClum
1568 662 1686 696 merito
1706 661 1935 704 contenderit,
1962 665 2070 698 omni·-

1185 710 1351 747 notamen
1372 713 1546 757 agnoverit
1564 712 1619 755 Jus
1643 711 1804 747 Romanas
1817 713 2048 756 appellationis
2060 738 2070 747 .

1185 761 1257 797 Nec
1277 763 1367 796 enim
1388 762 1510 806 scripsit
1530 761 1625 797 istam
1646 763 1765 807 refugii
1789 774 1918 806 portam
1941 764 2072 799 nemini

1186 822 1313 855 patere,
1340 812 1394 847 sed
1406 811 1578 847 dumtaxat
1593 807 1765 857 quod'eam
1781 812 1904 857 sibiipsi
1914 813 2073 848 claufiffet

1188 861 1364 906 Eutyches.
1397 863 1636 909 Evangelicam
1658 861 1751 896 islam
1765 873 1894 906 portam
1919 864 1966 899 est
1985 863 2072 899 adeo

1187 923 1357 947 veneratus
1370 938 1380 954 ,
1406 923 1443 947 ut
1468 912 1568 948 etiam
1589 913 1656 956 ipse
1666 911 1843 956 postmodo
1857 913 1892 945 in
1906 913 2074 957 Ephesino

1187 962 1379 997 Latrocinio
1390 963 1679 1008 fueritingreffus,
1703 963 1723 997 a
1742 962 1922 1003 mosceti,
1948 964 1981 997 δε
2003 975 2075 998 om-

1188 1011 1339 1046 nisistius
1350 1012 1516 1047 Fastionis
1526 1014 1688 1048 violentia
1710 1013 1877 1057 appellans
1896 1012 1937 1048 ad
1951 1013 2075 1048 Roma-

1189 1071 1266 1095 nam
1293 1061 1490 1097 Ecclesiam.
1516 1062 1623 1097 Porro
1649 1062 1820 1106 Eutyches
1846 1063 1888 1097 ad
1912 1062 2078 1098 Florentii

1188 1108 1317 1145 Patritii
1326 1123 1417 1146 aures
1437 1113 1517 1147 fecit
1538 1112 1624 1148 istud
1643 1113 1750 1158 ipsum
1776 1111 1930 1148 adversus
1951 1113 2078 1156 justiffi-

1189 1161 1484 1196 trumsententiam
1493 1185 1505 1202 ‚
1533 1161 1623 1205 quod
1635 1161 1786 1197 adversus
1796 1161 1982 1207 Theophili
1991 1163 2078 1199 -Ale-

1190 1210 1345 1246 xandrini
1358 1209 1531 1245 violentias
1542 1210 1620 1246 fecit
1632 1210 1763 1245 sanctus
1776 1209 1916 1254 Ioannes
1935 1212 2079 1255 Chryso·

1191 1262 1317 1297 stemus
1328 1284 1340 1301 ,
1363 1259 1523 1300 contestans
1528 1269 1676 1302 paratum
1683 1265 1719 1304 se
1728 1261 1774 1294 ad
1785 1261 1928 1296 diluenda
1937 1267 2079 1302 crimina,

1190 1313 1226 1346 ό*
1244 1312 1290 1345 ad
1298 1315 1499 1344 innocentiam
1514 1312 1732 1345 declarandam
1749 1312 1849 1344 coram
1863 1319 2002 1352 centum,
2027 1311 2082 1346 vel

1190 1359 1458 1404 milleEpiscopis.
1483 1360 1532 1394 lta
1543 1360 1608 1405 ipse
1620 1359 1740 1405 scripsit
1751 1360 1792 1396 ad
1804 1361 1955 1395 Sanctum
1979 1361 2082 1396 Inno-

1190 1411 1336 1448 centium
1344 1410 1542 1446 Pontificem
1554 1437 1562 1444 .
1588 1412 1698 1446 Omni
1708 1409 1837 1445 homini
1848 1412 2009 1445 familiare
2021 1411 2086 1452 est,

1190 1462 1272 1498 dum
1292 1460 1499 1497 manifestam
1519 1461 1638 1506 accipit
1650 1459 1824 1505 injuriam,
1849 1471 2026 1505 provocare
2037 1461 2082 1496 ad

1192 1522 1303 1548 totum
1322 1511 1515 1553 Mundum,
1541 1511 1592 1546 vel
1615 1510 1656 1547 ad
1680 1521 1786 1547 totam
1807 1511 2003 1547 Ecclesiam.
2029 1511 2083 1546 Ita.

1193 1563 1294 1609 igitur
1320 1563 1353 1597 ἀ
1383 1561 1549 1606 Eutyches
1571 1586 1582 1602 ,
1608 1562 1713 1597 Sansti
1741 1561 1891 1596 Flaviani
1915 1586 1940 1601 ,-
1965 1560 2022 1596 cui
2039 1561 2084 1596 -so

1192 1613 1346 1648 aemulnm
1368 1623 1524 1652 noverat,
1550 1611 1690 1656 ideoque
1715 1611 1749 1645 δε
1773 1611 1877 1656 ipsum
1899 1611 1959 1646 fibi
1978 1610 2083 1646 talem

1194 1663 1413 1708 suspicabatur
1427 1687 1438 1703 ‚
1463 1661 1622 1698 sententia
1645 1663 1830 1707 percussus,
1856 1673 1912 1705 per
1937 1661 2083 1696 subitum

1193 1714 1352 1758 impetum
1366 1712 1538 1757 appellavit
1561 1713 1601 1746 ad
1619 1712 1806 1757 generalem
1819 1711 1923 1745 totius
1935 1710 2086 1745 Ecclefiae

1192 1764 1363 1807 synodum
1378 1788 1388 1804 ,
1414 1762 1593 1798 excludens
1608 1772 1718 1797 tamen
1729 1759 1953 1798 patriarcham
1977 1760 2085 1794 Dom-

1194 1825 1292 1849 num.
1319 1813 1431 1847 Isth'aec
1443 1813 1627 1857 appellandi
1641 1814 1747 1847 ferma
1769 1811 1963 1856 operabatur
1987 1810 2083 1844 illum

1194 1865 1298 1908 ipsum
1308 1865 1456 1897 effeetum
1468 1888 1479 1904 ‚
1506 1874 1604 1906 quem
1619 1862 1720 1898 hodie
1731 1872 1883 1906 operatur
1907 1860 2087 1904 appellatio

1193 1913 1234 1948 ad
1246 1912 1394 1957 quemvis
1405 1923 1652 1955 competentem
1665 1913 1814 1956 Iudicem
1828 1937 1834 1943 .
1861 1910 2016 1945 Faciebat
2027 1921 2087 1954 po-

1194 1963 1339 1998 testatem
1359 1961 1506 2007 eligendi
1529 1960 1670 2006 quodvis
1684 1960 1851 1997 Tribunal
1874 1969 2087 2004 competens.

1195 2013 1242 2048 At
1258 2011 1335 2046 vero
1347 2013 1439 2046 mille
1452 2011 1634 2055 Episcopos
1645 2036 1657 2052 ,
1667 2022 1723 2046 aut
1736 2011 1887 2056 quamvis
1896 2010 2087 2056 generalem

1195 2061 1365 2104 Synodum
1378 2061 1551 2103 impetrare
1570 2070 1626 2095 aut
1636 2060 1778 2094 adunare
1787 2061 1850 2093 fuit
1865 2062 1990 2104 semper
2002 2061 2088 2094 sum-

1194 2111 1241 2144 mi
1268 2110 1471 2145 moliminis:
1500 2109 1606 2144 Porro
1626 2109 1788 2144 Romana
1809 2109 1958 2144 Ecclesia:
1972 2118 2088 2152 portus

1194 2159 1349 2195 omnibus
1376 2161 1498 2203 semper
1520 2159 1646 2203 patuit.
1673 2159 1765 2195 Hinc
1790 2159 1925 2193 Sanstus
1944 2159 2088 2202 Joannes

1196 2210 1452 2254 Chrysostomus
1465 2211 1555 2244 suam
1566 2209 1822 2253 appellationem
1835 2208 1946 2243 coram
1965 2208 2025 2244 ista
2038 2210 2090 2244 so-

1196 2261 1226 2294 la
1239 2261 1322 2295 Sede
1335 2259 1522 2294 introduxit
1539 2283 1550 2300 ,
1576 2261 1608 2293 &
1620 2258 1705 2303 apud
1718 2261 1820 2304 ipsam
1835 2259 1938 2294 solam
1959 2259 2004 2293 est
2018 2269 2091 2304 pro«,

1196 2312 1338 2344 secutus.
1366 2309 1454 2343 Istud
1478 2310 1583 2351 ipsum
1601 2310 1678 2343 fecit
1702 2309 1888 2353 Eutyches,
1915 2308 2013 2352 atque
2041 2309 2088 2344 ita

1196 2360 1406 2394 manifestum
1419 2358 1464 2393 est
1477 2382 1487 2397 ,
1512 2359 1603 2402 quod
1616 2358 1762 2393 Romam
1784 2359 1992 2402 appellaverit
2007 2384 2013 2390 .
2042 2359 2088 2394 Et

1196 2411 1303 2445 forsan
1323 2421 1363 2443 ex
1375 2409 1562 2442 imitatione
1583 2409 1692 2442 saneti
1723 2409 1876 2452 Ioannis.
1906 2408 1996 2443 Nam
2017 2419 2088 2443 om-

1196 2471 1273 2494 nem
1310 2459 1405 2493 istam
1432 2458 1620 2502 tragaediam
1648 2459 1788 2502 propriis
1813 2457 1920 2492 oculis
1946 2459 2087 2502 conspe-1

1197 2520 1300 2544 xerat.

1245 2559 1382 2594 Tertius
1402 2557 1490 2592 Petri
1511 2558 1552 2593 de
1564 2559 1676 2592 Marca
1695 2570 1783 2593 error
1792 2558 1837 2592 est
1851 2583 1862 2599 ,
1888 2558 1979 2602 quod
1990 2560 2087 2594 causa

1198 2611 1300 2652 fidei,
1325 2610 1405 2644 dum
1419 2621 1505 2643 nova
1527 2609 1573 2642 est
1586 2607 1707 2643 haerefis
1721 2633 1731 2649 ,
1759 2608 1932 2652 judicanda
1957 2621 1996 2643 ac
2007 2609 2088 2643 defl-

1199 2661 1318 2695 nienda
1331 2660 1376 2693 sit
1393 2660 1411 2693 a
1423 2659 1567 2702 Synodis
1579 2660 1732 2694 universae
1744 2659 1908 2694 Ecclefiae.
1939 2659 1983 2693 Et
1993 2658 2087 2703 quod

1197 2712 1238 2745 ab
1247 2709 1368 2744 eisdem
1389 2710 1591 2744 decernenda
1604 2711 1639 2743 sit
1651 2708 1812 2752 depositio
1824 2709 1903 2744 novi
1923 2708 2065 2744 haeretici
2075 2732 2088 2751 -.

1200 2761 1333 2796 Etenim
1356 2759 1452 2794 Pauli
1473 2760 1702 2795 Samosatensis
1726 2784 1737 2800 ,
1764 2760 1945 2799 Montani,
1972 2759 2087 2794 Nova·

1199 2812 1301 2852 dani,
1329 2807 1535 2854 Apollinaris
1553 2836 1564 2851 ‚
1592 2807 1759 2854 Joviniani
1780 2835 1790 2851 ,
1820 2810 1994 2851 Heluidii,
2016 2809 2087 2843 Pri-

1197 2861 1334 2896 scilliani
1346 2884 1362 2901 „
1384 2860 1532 2905 Pelagii,
1558 2861 1592 2894 ἀ
1607 2860 1745 2904 plurium
1759 2861 1900 2894 aliorum
1913 2870 2016 2893 novos
2035 2869 2086 2893 er-

1198 2923 1285 2946 rores
1310 2922 1348 2944 ac
1369 2912 1521 2953 personas
1543 2910 1709 2945 damnavit
1722 2910 1790 2944 sola
1806 2910 1958 2944 Romana
1972 2909 2084 2944 Eccle-

1198 2964 1261 3002 fia,
1286 2962 1320 2995 δε
1348 2962 1458 2995 omnis
1480 2960 1709 2995 Christianitas
1734 2960 1835 3003 usque
1863 2959 1962 2994 hodie
1988 2959 2084 2994 omni

1198 3023 1273 3047 cum
1299 3012 1510 3046 veneratione
1530 3011 1692 3054 acquievit
1705 3035 1712 3042 .
1742 3010 1885 3057 Qartus
1905 3020 1994 3044 error
2014 3008 2083 3050 est,

1199 3061 1287 3106 quod
1316 3060 1512 3104 Eutychetis
1539 3059 1659 3094 haerefis
1685 3061 1781 3094 fuerit
1808 3070 1894 3094 nova
1914 3085 1922 3092 .
1948 3059 2085 3094 Etenim

1198 3114 1330 3148 Sanctus
1343 3111 1517 3145 Flavianus
1532 3109 1646 3145 diserte
1657 3111 1777 3154 scripsit
1801 3110 1843 3144 ab
1863 3110 1933 3154 ipso
1953 3110 2084 3144 resusci-

1198 3164 1258 3198 tari
1281 3161 1481 3206 Apollinaris
1508 3158 1650 3195 haerefim
1672 3185 1683 3202 ‚
1709 3170 1765 3195 aut
1788 3160 1981 3195 Valentini.
2009 3159 2084 3193 Alii

1199 3212 1404 3248 crediderunt
1428 3211 1580 3246 innovari
1602 3222 1742 3245 errorem
1763 3210 1959 3245 Manichaei·.
1989 3209 2085 3243 Deli-

1198 3275 1250 3298 rus
1260 3264 1347 3299 enim
1360 3265 1455 3296 senex
1467 3259 1630 3296 nesciebat
1640 3261 1718 3305 quid
1730 3261 1851 3296 diceret
1862 3285 1869 3292 .
1897 3260 2082 3294 Pertinaci-

1198 3323 1246 3349 ter
1266 3312 1405 3360 negabat
1428 3312 1507 3346 duas
1518 3321 1666 3352 naturas,
1686 3310 1833 3355 ideoque
1851 3310 2027 3354 cogebatur
2037 3310 2082 3342 la-

1199 3365 1234 3399 bi
1255 3365 1289 3399 in
1301 3364 1442 3406 aliquam
1456 3362 1616 3396 vetustam
1628 3360 1766 3396 heresim
1782 3386 1789 3393 .
1815 3360 1894 3401 Ejus
1906 3360 2006 3394 Sensa
2031 3359 2080 3391 in·

1199 3416 1324 3461 quirere
1344 3424 1414 3449 non
1437 3412 1483 3449 est
1508 3411 1604 3456 huius
1623 3411 1690 3446 loci
1704 3411 1886 3458 .«.Qintus
1905 3419 1992 3444 error
2009 3407 2054 3493 {st
2066 3432 2080 3450 ‚

1616 3464 1647 3499 C
1672 3473 1690 3497 c
1940 3466 2006 3504 quo
