2326 3718
123 466 198 505 cap.
216 474 229 505 5

334 114 438 173 284

260 198 324 234 oh.
337 197 536 235 memoratas*
549 190 686 228 ‘Aurelii
703 193 776 229 lites
795 193 889 228 nulla
907 191 1052 235 unquam
1068 190 1154 225 inter

261 244 455 284 Romanam
481 255 520 279 ac
542 242 735 279 Africanam
755 243 934 278 Ecclesiam
955 241 1052 275 fuerit
1065 251 1153 280 eom-

262 296 440 338 ·munio'nis
453 293 665 336 dissociatio,
687 295 734 329 est
757 289 1067 337 exploratissimum.
1094 291 1152 324 Et-

265 343 676 390 enimproximusAurelii
687 345 852 379 Successor
861 341 925 375 fuit
948 340 1128 385 Capreolus
1139 363 1151 381 ,

259 395 306 431 de
324 397 392 440 quo
404 394 600 437 Iaiberatux,
618 391 893 438 Carthaginensis
913 390 1062 426 Ecclefiae
1083 391 1151 425 Ar·-

235 485 241 493 ,
258 445 527 482 obi-Diaconum
552 446 715 487 Capreolus
730 439 992 484 Archi-Epiftopus
1003 466 1014 483 ‚
1031 449 1151 483 propter

258 502 396 540 ·r'mpetus
418 496 653 532 Wandalorum
675 492 838 533 Africanas
861 493 1005 534 Regiones
1024 490 1150 532 obfiden-

257 553 337 582 tium
349 571 361 588 ,
379 544 556 589 *universale
569 554 632 580 non
639 543 746 576 valens
768 552 939 585 congregare
964 542 1127 574 Concilium
1138 565 1149 581 ,

256 596 410 640 :Beffialam
430 598 593 630 Diaconum
613 590 701 635 suum
721 590 797 634 mifit
817 589 972 634 Ephesum
994 591 1040 624 ad
1049 593 1149 624 Conri-

254 649 335 683 Jiu‘m
345 650 509 690 Legatum.
536 642 615 677 Erat
628 653 698 677 non
711 642 812 676 solius
825 641 980 685 Capreoli
991 663 1003 681 ‚
1028 639 1082 674 sed
1103 652 1147 675 et-

257 699 328 732 iam
349 695 451 731 totius
468 691 634 728 Africanae
657 691 963 736 SynodiLegatus:
990 690 1146 726 Attamen

254 759 328 783 non
342 755 397 788 per
407 744 590 787 expressum
600 768 611 784 ,
637 743 692 778 sed
705 754 759 785 per
771 743 971 787 implicitum
983 766 994 783 ,
1020 753 1059 776 ac
1072 753 1148 786 prae-

255 798 420 839 sumptum
433 794 633 829 Mandatum
645 818 654 825 .
681 792 771 827 Nam
785 793 820 827 ἀ
833 804 875 827 eo
882 801 1032 836 tempore
1041 816 1053 833 ,
1078 803 1146 836 quo

255 845 416 889 Tymnes
440 843 726 880 tumultuabantur
752 844 787 877 in
811 841 927 877 Africa
946 867 958 884 ,
983 842 1079 886 atque
1101 843 1146 878 ita

254 893 481 939 impediebant
500 894 651 941 Legatos
672 893 848 928 electurum
863 891 1031 927 Nnmidiae
1041 894 1147 936 Syno-

254 946 336 982 dum
349 969 361 986 ,
386 944 696 989 taliterssplenarium
717 941 933 988 Carthaginis
954 942 1146 978 Concilium

254 997 448 1031 accesserant
464 995 596 1039 Alipius
611 1018 623 1034 ,
649 993 878 1039 Augustinus,
902 1004 940 1028 ac
963 993 1125 1028 Poffidius
1137 1018 1144 1026 .

254 1047 301 1081 Et
314 1043 745 1089 utituncipsosAurelius,
769 1044 814 1078 ita
841 1043 1005 1078 Beffulam
1027 1042 1145 1088 Ephesi

252 1096 383 1133 admisit
395 1095 512 1131 Prae'ses
523 1095 672 1139 Gytillus
683 1119 691 1129 .
718 1095 767 1129 Ei·
775 1093 956 1138 Capreolus
979 1093 1147 1130 addiderat

251 1145 559 1192 insignes-litteras,
584 1146 897 1182 continentes'suum
910 1169 922 1186 ,
947 1156 986 1180 ac
1007 1145 1146 1188 suaeSy-

250 1196 336 1232 nodi
360 1197 577 1242 susti-agium.⁴
598 1196 644 1234 Et
667 1195 864 1240 deipsis=ad
877 1194 1076 1240 Ephefinarn
1087 1196 1146 1238 Sy·

249 1246 383 1283 nodum
409 1247 496 1282 dixit
513 1245 651 1282 ‹Reti-us
675 1260 703 1286 ,τ
724 1246 959 1280 Alexandrinae
995 1245 1146 1278 Ecclesiae

247 1293 447 1340 Presbyter,
472 1307 510 1329 ac
523 1295 742 1338 synodalium
766 1294 986 1328 Notariorum
998 1293 1161 1328 pumicea

248 1347 320 1381 rius
334 1358 341 1377 :
369 1345 633 1383 Reverendifflmus
645 1368 657 1384 ,
682 1354 717 1378 ac
728 1344 870 1386 piiffimus
881 1345 1126 1387 Metropolitanus
1139 1365 1161 1386 ,-

251 1396 288 1428 6
313 1393 478 1437 Episcopus
502 1393 704 1438 Carthaginis
731 1394 897 1436 Capreolus
918 1402 975 1436 per
1000 1396 1161 1438 Beffulam·

247 1447 417 1478 Diaconum
431 1442 600 1488 adsacrum
611 1444 688 1478 hanc
700 1445 841 1483 synodum
851 1443 997 1487 epistolam
1014 1443 1129 1488 scripsit
1140 1470 1147 1477 .

249 1495 286 1530 Si
298 1494 395 1535 vestra
419 1498 525 1529 Pietas
541 1495 661 1538 iusserit
672 1521 684 1537 ,
708 1494 837 1528 recitabo
849 1520 857 1528 .
886 1495 931 1530 Et
950 1494 1022 1539 post
1038 1494 1148 1529 recita·

247 1554 319 1580 tam
330 1543 418 1579 dixit
429 1543 557 1588 Synodi
574 1544 691 1579 Praeses
720 1545 856 1579 Sanstus
877 1544 1027 1588 Cyrillus
1040 1558 1052 1578 .·
1078 1548 1151 1578 Haec

249 1595 493 1636 Reverendiffimt
506 1620 518 1636 ,
542 1605 578 1628 ac
587 1596 705 1639 piffmi
716 1593 912 1640 Carthaginis
921 1592 1065 1640 *Episcopi
1085 1598 1144 1627 Ca·

245 1646 343 1688 preoli
355 1657 435 1689 quae.
448 1645 522 1679 leda
540 1644 581 1686 est
592 1644 710 1688 epistola
722 1670 734 1685 ,
759 1656 826 1679 cum
849 1646 1015 1678 dilucidam
1026 1643 1149 1689 senten-

246 1701 327 1730 tiam
336 1700 368 1728 in
375 1694 410 1739 se
423 1701 572 1730 contineat
587 1720 597 1735 ,
616 1694 691 1737 fidei
710 1695 860 1735 Gestorum
875 1694 1026 1738 inseratur
1040 1719 1048 1727 .
1077 1697 1150 1729 Vult

247 1751 327 1780 enim
339 1746 549 1788 antiquafidei
562 1747 711 1790 Dogmata
728 1744 918 1788 confirmar13
945 1756 1025 1779 nova
1046 1747 1117 1778 vero
1137 1770 1147 1786 ,

246 1794 424 1840 &absurdi
446 1801 635 1840 excogitata,
662 1797 698 1831 ὁ·
718 1796 811 1836 impie
827 1796 988 1839 divulgata
1011 1794 1147 1838 reproba·

247 1851 300 1888 ri,
326 1844 531 1890 acprofiribi.
558 1845 603 1880 Et
615 1855 732 1880 omnes
746 1844 903 1889 Episcopi
928 1844 1021 1879 simul
1043 1845 1149 1880 excla-

247 1907 398 1932 marunt:
427 1900 480 1931 Hae
490 1900 622 1930 omnium
636 1906 722 1931 voces
734 1918 745 1934 ‚
770 1894 835 1928 baec
843 1906 945 1929 omnes
971 1896 1122 1937 afferimus
1136 1918 1148 1935 ‚

248 1947 302 1981 boc
321 1953 451 1980 omnium
472 1946 510 1987 est
521 1956 625 1980 votum
637 1970 645 1976 .
673 1946 760 1991 Qae
782 1945 898 1978 omnia
909 1942 1060 1983 altiffime
1080 1944 1146 1978 cla-

247 2008 342 2032 mant
353 1996 555 2040 Capreolum
578 1995 674 2030 fuisl‘e
685 1994 935 2039 integerrimum
965 1992 1146 2028 Catholicae

193 2072 199 2077 -
248 2041 502 2082 communionis
514 2046 569 2086 ,&
581 2055 706 2089 magnae
717 2043 804 2086 apud
816 2053 953 2078 omnem
969 2042 1146 2076 Ecclesiam

248 2096 459 2132 authoritatis
483 2095 684 2138 Episcopum
706 2118 713 2126 .
740 2092 836 2128 Hinc
862 2092 924 2126 ista
947 2091 1062 2126 omnia
1088 2092 1146 2126 suo

249 2145 394 2181 secundo
416 2143 691 2179 Commonitorio
711 2142 848 2177 inseruit
870 2141 1070 2176 Vincentius
1083 2143 1148 2176 Le-

250 2195 391 2232 rinensis.
421 2196 464 2229 Et
475 2194 563 2229 certe
576 2193 754 2237 Capreolus
766 2191 807 2226 ab
815 2191 1014 2236 Imperatore
1028 2189 1148 2226 Theo-

250 2247 341 2281 dosio
359 2271 370 2287 ,
399 2246 556 2288 tanquim
575 2255 715 2289 magnus
737 2240 945 2277 orthodoxae
970 2242 1047 2276 fidei
1077 2243 1147 2276 Do-

252 2301 340 2336 tior,
367 2309 404 2330 ac
426 2295 588 2329 Defensor
607 2318 619 2334 ,
645 2294 747 2328 fuerat
769 2291 811 2326 ad
838 2292 1012 2334 Synodum
1034 2292 1149 2325 invita-

255 2357 327 2381 tus.

260 2419 263 2422 -
304 2397 358 2430 De
369 2395 437 2439 ejus
451 2395 634 2429 Successore
652 2391 946 2440 Qod-vult-Deus
969 2391 1079 2425 scribit
1114 2390 1148 2424 in

253 2448 362 2492 primo
386 2445 470 2478 libro
492 2445 533 2478 de
544 2443 768 2477 VVandalica
788 2440 1011 2484 persecutione
1027 2440 1146 2475 Vistor

253 2496 402 2531 Vitenfis
431 2495 634 2537 Episcopus.-
661 2496 835 2525 Getzerr'cus
846 2490 1046 2534 Carthaginis
1070 2494 1150 2532 Epi-

252 2546 370 2593 scopum
396 2569 407 2585 ,
441 2549 504 2577 Deo
529 2545 564 2578 Θ·
588 2543 755 2575 hominibus
783 2541 972 2583 manifestum
995 2566 1006 2582 ‚
1033 2547 1149 2575 nomine

255 2597 525 2641 Quod-vult·Deus
539 2620 549 2634 ,
575 2595 609 2627 ὃ·
633 2598 798 2626 maximam
816 2592 938 2624 turbam
951 2593 1127 2624 clericorum
1140 2615 1150 2631 ,

257 2647 389 2682 navibus
392 2645 510 2688 frac‘IIs
523 2643 683 2686 impasti-am
700 2668 710 2683 ,
737 2644 830 2675 rtudos
857 2643 948 2684 atque*
972 2640 1149 2685 exspollatos

257 2699 366 2741 expelli
390 2701 550 2739 praecepit.
581 2696 667 2737 ‚Quos
690 2697 774 2725 Deus
801 2690 989 2734 miseratione
1008 2691 1150 2724 bonitatis

255 2747 320 2793 suae
332 2771 342 2787 ,
364 2745 506 2789 prospera
519 2750 630 2788 naviga
636 2751 712 2777 tione
727 2743 887 2783 Neapolim
898 2746 1075 2783 Campaniae
1081 2751 1151 2783 per-

263 2799 364 2832 ducere
375 2798 519 2841 dignatus
531 2794 568 2834 est
580 2800 737 2828 civitatem
749 2817 758 2825 .
786 2791 903 2825 Vistor
920 2791 1063 2825 Vitenfis
1081 2802 1150 2826 om-

261 2847 348 2883 nino
361 2848 425 2882 fuit
436 2844 654 2883 orthodoxus
668 2844 843 2888 Episcopus
853 2867 860 2873 .
892 2841 1043 2876 Creditur
1059 2843 1149 2875 enim

262 2899 325 2933 esse
349 2898 407 2931 ille
431 2897 608 2940 Byzacenae
632 2893 815 2929 Provinciae
831 2891 957 2926 Primas
974 2918 985 2933 ‚
1008 2892 1047 2925 ad
1059 2891 1151 2934 cujus

261 2948 464 2984 Mandatum
499 2943 679 2980 Ferrandus
690 2944 862 2979 Diaconus
875 2942 984 2976 scribit
998 2943 1151 2976 Sanstum

264 2998 479 3042 Fulgentium
509 2996 604 3030 fuisse
628 2995 853 3030 consecratum
890 2993 925 3026 in
953 2993 1151 3036 Episcopum

266 3046 468 3090 Ruspensem
484 3073 492 3081 .
518 3046 562 3080 Et
574 3046 642 3089 ejus
655 3043 878 3080 testimonium
892 3043 926 3077 in
948 3043 1012 3077 suis
1023 3044 1151 3078 Saneto-

267 3106 340 3131 rum
362 3098 480 3130 tabulis
502 3097 675 3131 confirmat
689 3094 842 3129 Romana
854 3093 995 3127 Ecclesia
1012 3105 1020 3125 :
1048 3093 1152 3135 ‚Quod-

267 3148 429 3180 vult-Deus
442 3145 607 3189 Episcopus
617 3142 858 3190 Carthaginenfis
872 3167 884 3184 ,
909 3145 972 3176 una*
985 3155 1049 3177 cum
1066 3143 1151 3175 clero

267 3198 288 3228 ἃ
311 3199 455 3228 Geizerico
477 3200 553 3239 Rege
564 3200 675 3229 Ariana
698 3202 731 3229 in
744 3194 874 3229 navibus
885 3192 995 3235 frallis
1007 3219 1018 3234 ,
1043 3190 1151 3235 absque

267 3249 399 3288 remigiis
427 3246 461 3277 Θ·
473 3248 548 3278 velis
569 3244 715 3287 impofitus
727 3270 739 3286 ,
762 3253 875 3288 praeter
896 3243 979 3286 spem
993 3244 1152 3284 Neapolim

269 3297 387 3338 appulit
399 3318 410 3334 ,
437 3294 574 3336 ibiquein
584 3298 672 3328 exilio
680 3295 788 3338 positus
799 3318 811 3334 ,
837 3293 986 3337 Confessor
1003 3292 1130 3327 occubuit
1144 3318 1151 3326 .

270 3347 315 3382 Er
337 3344 470 3379 istorum
492 3342 695 3379 Clericorum
711 3356 795 3380 unus
805 3340 949 3380 creditur
969 3343 1060 3379 fuisse
1077 3344 1154 3377 San-

723 110 879 165 7135
911 112 1243 156 Africana
1279 108 1584 155 Ecctes‘rffi

1216 191 1284 226 &us
1297 190 1467 233 Gelasius,
1493 191 1552 235 qui
1573 188 1736 225 Romane
1755 190 1907 228 Eoelefiz
1930 191 2031 228 Clero
2050 192 2100 229 in·

1215 240 1423 282 cardinatus,
1437 252 1502 286 per
1512 239 1633 275 assidua
1645 240 1802 281 virtutum
1812 243 2015 277 incrementa
2028 254 2102 286 pro·

1217 292 1294 326 fecit
1313 291 1349 325 in
1373 292 1535 327 summum
1558 289 1780 330 Pontificem,
1806 292 1840 325 ἀ
1852 293 1974 336 grande
1985 294 2099 327 lumen

1217 342 1318 376 totius
1339 340 1489 379 Ecclefiae
1499 366 1508 375 .
1534 342 1574 375 In
1586 339 1704 375 eodem
1719 341 1995 377 Sanstiffim'orum
2008 342 2102 377 Con.

1218 394 1368 426 festorum
1378 391 1546 429 consortio
1559 391 1625 426 fuit
1636 391 1770 439 Sanstus
1781 389 1968 432 Gaudiosua
1978 391 2101 427 Abitu-

1215 442 1321 476 nensis
1344 442 1544 485 Episcopus,
1570 441 1613 476 de
1635 451 1703 483 quo
1723 439 1766 474 ad
1787 438 1972 474 Nicolaum
1983 442 2100 477 seeun-

1214 492 1294 526 dum
1307 491 1504 526 Pontificem
1514 492 1637 536 scripsit
1647 491 1780 526 Sanetus
1791 488 1907 524 Petrus
1919 489 2076 538 Damiani
2087 503 2098 525 ε

1216 541 1381 586 Gaudiofits
1401 540 1587 583 Abitunenfis
1608 541 1773 585 Episcopus
1787 564 1798 580 ,
1825 540 2002 573 VVandaIis
2018 539 2102 582 Afri-

1197 549 1280 642 icaen
1289 591 1516 632 devastantibus
1524 616 1536 633 ,
1561 603 1628 625 cum
1640 592 1748 625 SanHo
1759 591 1853 635 ‚Quod
1863 591 1939 623 vult·
1944 593 2026 624 Deus
2039 614 2050 630 ,
2065 591 2100 625 Q

1217 649 1329 679 caeteris
1349 642 1530 686 Praeficlibus
1544 641 1630 685 fugit
1644 666 1656 682 ‚
1680 643 1757 676 &in
1777 639 1965 682 Parthenope
1975 644 2103 674 civitate

1214 693 1420 734 Monasterium
1429 693 1562 727 condidit
1571 717 1579 725 .
1607 691 1689 725 Non
1704 691 1790 736 fugit
1801 716 1812 732 ,
1824 691 1877 725 sed
1888 691 1952 724 fuit
1963 689 2100 731 ejeausj.

1215 745 1259 778 Et
1281 744 1340 778 issa
1362 746 1434 778 sunt
1454 743 1559 787 prima
1584 740 1821 787 Augustiniani
1853 739 1991 776 Ordinis
2009 749 2101 774 extra.

1215 793 1363 829 Africam
1373 792 1520 828 exordia.>
1545 787 1840 841 Qod·vult·Deus
1847 790 2012 835 Episcopo
2024 791 2102 824 San·

1213 846 1281 879 stus
1295 843 1525 889 Deo-gratias,
1550 841 1630 877 huic
1651 843 1786 877 Sanctus
1795 839 1951 875 Thomas
1962 863 1974 880 ‚
1997 840 2103 874 Tho-v

1213 906 1273 929 mae
1303 896 1436 930 Sanetus
1458 894 1630 938 Eugenius
1651 915 1663 932 ,
1699 890 1856 938 Eugenio
1881 890 2075 925 Bonifacius
2085 915 2098 931 ,

1217 944 1395 980 Bonifacio
1410 944 1554 978 succeffit
1565 944 1764 987 Reparatus,
1789 951 1871 985 quos
1894 951 2011 975 omnes
2021 950 2102 974 con-

1212 994 1275 1031 stat
1286 994 1557 1039 fuiffeinfigniter
1567 993 1699 1028 Sandios
1712 1017 1723 1033 ‚
1749 993 1783 1027 &
1805 993 1966 1026 Romanae
1987 990 2103 1032 Eccleff

1211 1045 1259 1080 siae
1271 1056 1346 1081 cum
1357 1046 1453 1090 plena
1462 1043 1652 1079 obedientia
1673 1042 1946 1078 communicasse.

1240 1120 1241 1123 =
1261 1093 1555 1142 Quod-vult-Deus
1571 1118 1582 1135 ,
1607 1100 1645 1127 ac
1666 1092 1893 1137 Deo—gratias,
1921 1090 2002 1126 dum
2019 1091 2102 1126 Car-

1210 1144 1572 1191 thaginenfisEcclefiae
1581 1143 1689 1178 adhuc
1701 1144 1793 1177 'erant
1809 1143 1956 1177 Diaconi
1970 1166 1982 1182 ,
2005 1142 2101 1176 erant

1188 1223 1190 1225 .
1211 1195 1271 1229 viri
1295 1193 1471 1230 doctissimi
1482 1217 1495 1233 ,
1519 1193 1555 1227 ὅ(
1567 1190 1811 1226 familiai-imme
1821 1191 1909 1225 uniti
1929 1202 2007 1225 cum
2019 1192 2101 1226 San-

1211 1243 1470 1289 tto-Augustino
1481 1267 1490 1274 .
1513 1242 1620 1276 Lucet
1631 1251 1672 1274 ex
1687 1240 1872 1283 epistolis&
1885 1238 1995 1280 libris,
2014 1250 2101 1282 quos

1214 1294 1356 1338 ipsorum
1369 1302 1487 1337 rogatu
1503 1290 1647 1335 scripsit,
1672 1289 1857 1333 &ipsorum
1881 1289 2008 1323 nomini
2022 1290 2104 1323 San-

1188 1364 1190 1369 ν
1209 1347 1281 1379 ἕως
1303 1343 1508 1388 Augustinus
1529 1341 1705 1385 inscripsit.
1736 1340 1861 1374 Eadem
1882 1339 1927 1373 est
1943 1339 2027 1373 ratio
2039 1339 2103 1374 Ca·

1188 1425 1190 1434 2
1210 1394 1330 1438 preoli.
1356 1395 1450 1429 Duas
1468 1392 1538 1436 ejus
1568 1389 1728 1426 habemus
1746 1389 1896 1424 adversus
1907 1388 2103 1424 Nestorium

1195 1113 1362 1488 iepistolas
1383 1457 1395 1477 .·
1421 1442 1572 1478 Alteram
1595 1441 1637 1476 ad
1661 1439 1861 1483 Ephefinum
1883 1438 2103 1478 Concilium,

1210 1495 1346 1529 alteram
1370 1493 1411 1527 ad
1424 1492 1594 1532 vitalem,
1618 1491 1652 1526 &
1673 1490 1953 1530 Constantinum,
1980 1488 2102 1533 Hispa-

1211 1545 1274 1579 niae
1294 1541 1486 1578 Monachos
1509 1566 1521 1582 ,
1546 1542 1698 1585 scriptam
1720 1540 1793 1586 post
1813 1538 1979 1576 laudatam
1992 1540 2103 1583 Syno-

1211 1595 1291 1630 dum
1315 1620 1323 1627 .
1360 1592 1486 1629 Ambas
1512 1592 1719 1626 sanctissimas
1743 1615 1756 1632 ‚
1783 1601 1822 1624 ac
1847 1588 2101 1625 eruditiffimas.

1212 1645 1307 1680 Prior
1322 1645 1450 1687 insuper
1471 1644 1623 1677 Sanctum
1637 1641 1864 1686 Augustinum
1877 1665 1890 1682 ,
1916 1636 2102 1683 nuperrime

1211 1706 1293 1731 tunc
1312 1693 1524 1734 defunctum,
1550 1692 1671 1727 eximie
1697 1689 1808 1726 laudat
1828 1715 1841 1732 ‚
1866 1689 1964 1734 atque
1984 1689 2028 1723 ita
2048 1687 2102 1722 dei

1212 1745 1370 1780 monstrat
1393 1743 1594 1788 Capreolum
1607 1742 1700 1777 fuisse
1719 1741 1881 1787 insignem
1894 1740 1984 1774 illius
2005 1750 2102 1773 vene·

1212 1806 1353 1831 ratorem
1364 1820 1372 1828 .
1400 1795 1444 1829 Et
1456 1804 1570 1828 omnes
1595 1792 1649 1826 isti
1660 1802 1722 1827 tres
1738 1789 1893 1835 Episcopi
1906 1788 2032 1834 optime
2044 1790 2104 1823 noi

1212 1856 1323 1881 verant
1345 1845 1450 1879 avitas
1471 1843 1635 1877 Africanae
1655 1842 1804 1876 Ecclesia:
1826 1840 2102 1875 consuetudines.-

1214 1897 1306 1930 Hinc
1324 1894 1469 1929 defundii
1494 1892 1620 1927 Aurelii
1649 1892 1797 1935 lapsum,
1822 1903 1861 1925 ac
1883 1891 2102 1924 temeritatem

1211 1944 1436 1990 improbarunt
1447 1967 1458 1983 ,
1476 1942 1646 1976 Romanas
1661 1941 1898 1984 Episcoporum
1910 1939 2102 1984 appellatio-

1213 2006 1270 2030 nes
1281 1995 1495 2039 pertniserunt
1510 1991 1678 2027 ambulare
1690 2002 1747 2034 per
1754 1990 1906 2035 antiquas
1918 1991 1997 2031 vias,
2008 1987 2106 2032 atque

1213 2046 1258 2078 ita
1271 2056 1340 2078 non
1352 2043 1516 2076 redierunt
1532 2065 1543 2082 ‚
1568 2041 1622 2075 sed
1636 2043 1759 2083 semper
1770 2042 1836 2074 sine
1851 2040 2107 2083 interpolatione

1212 2094 1456 2138 permanserunt
1469 2092 1504 2125 in
1516 2092 1669 2125 consueta
1683 2089 1787 2135 gratia
1814 2101 1852 2124 ac
1874 2088 2107 2124 benevolentia

1212 2143 1304 2178 Sedis
1330 2141 1547 2185 Apostolicae.
1577 2140 1640 2175 Ista
1661 2140 1811 2174 excausa
1833 2139 2018 2184 Lupicinus
2030 2137 2107 2182 Epi-

1213 2196 1326 2237 scopus
1357 2191 1376 2226 ὲ
1409 2191 1606 2226 Caesaraeenfi
1633 2189 1834 2224 Mauritania
1861 2189 2037 2233 appellavit
2063 2186 2107 2222 ad

1212 2245 1368 2278 Saanum
1393 2243 1562 2275 Leonem:
1591 2240 1636 2273 Et
1662 2251 1763 2273 nemo
1786 2239 1976 2273 interceffit.
2004 2238 2048 2270 Et
2062 2236 2107 2271 de

1211 2294 1336 2327 Sanctis
1348 2290 1530 2324 Monachis
1544 2287 1751 2322 Martiniano
1777 2299 1815 2321 ac
1830 2288 2002 2322 Saturiano
2013 2311 2023 2327 ,
2044 2285 2104 2330 qui

1213 2341 1383 2376 Gentilem
1409 2352 1448 2374 ac
1463 2339 1635 2373 Barbararn
1650 2336 1864 2371 Provinciam
1875 2344 2107 2371 converterant

1212 2390 1252 2426 ad
1277 2389 1446 2425 Christum
1466 2388 1677 2426 Dominum,
1706 2386 1813 2420 scribit
1827 2386 1976 2421 laudatus
1992 2384 2108 2420 Vietot

1213 2442 1379 2477 Vitensis:
1405 2443 1486 2472 Tunc
1498 2439 1607 2471 deinde
1618 2442 1761 2480 cogitatur
1773 2438 1851 2478 quid
1856 2436 1942 2478 fieret
1952 2461 1963 2477 ‚
1988 2444 2022 2468 ut
2034 2446 2106 2478 ager

1206 2496 1277 2535 jam
1287 2494 1400 2530 cultus,
1428 2491 1696 2532 &ingraminatus
1719 2498 1838 2520 vomere
1855 2487 2106 2529 praedicationis,

1213 2536 1693 2586 Evangeltcumficsciperetsemen
1707 2560 1719 2577 ,
1738 2539 1772 2571 ό·
1785 2537 1879 2570 imbre
1889 2534 1971 2579 sacri
1982 2533 2106 2579 Raptis*

1213 2598 1305 2626 matis
1324 2597 1494 2635 rigaretur.
1523 2588 1657 2622 Etenim
1681 2587 1779 2622 ambo
1805 2586 1857 2620 isti
1872 2587 2106 2621 Praedicatores

1213 2653 1305 2677 erant
1326 2641 1420 2675 Laici
1442 2664 1454 2681 ,
1480 2638 1621 2680 ideoque
1643 2648 1711 2672 non
1737 2646 1887 2680 poterant
1917 2636 2103 2671 solemniter

1215 2693 1376 2737 baptizare
1389 2716 1396 2724 .
1422 2694 1549 2723 Mittunt
1563 2692 1692 2732 Legatos
1699 2697 1757 2730 per
1767 2689 1878 2721 itinera
1904 2687 2031 2731 distenta
2043 2689 2102 2719 De-

1209 2743 1286 2786 serti
1301 2767 1308 2774 .
1337 2745 1517 2775 Per-venitur
1540 2736 1663 2774 tandem
1687 2741 1731 2771 ad
1747 2743 1902 2772 cimtatem
1914 2741 2101 2770 Romanam.

1214 2797 1346 2837 Rogatur
1372 2789 1538 2834 Episcopus
1566 2812 1578 2830 ,
1606 2798 1640 2822 ut
1668 2789 1867 2827 Presbyterum
1891 2797 1927 2820 ac
1952 2786 2102 2826 Ministros

1214 2845 1343 2877 credenti
1356 2843 1466 2882 Populo
1476 2840 1636 2881 destinaret
1650 2863 1657 2871 .
1685 2838 1804 2880 Explet
1818 2848 1883 2870 cum
1900 2837 2014 2880 gaudio
2025 2836 2103 2877 quod

1211 2893 1372 2937 petebatur
1384 2890 1526 2932 Pontifex
1540 2888 1596 2923 Dei
1608 2912 1616 2921 .
1643 2887 1825 2928 construitur
1834 2886 1978 2927 Ecclesia,
2006 2886 2106 2927 bapti·

1195 2940 1301 2977 'zatur
1325 2943 1483 2976 multitudo
1507 2945 1643 2973 maxima
1664 2936 1890 2976 Barbarorum‚
1916 2937 1950 2970 (5
1963 2936 2001 2969 de
2026 2937 2109 2976 lupis·

1209 3006 1288 3037 grex
1308 2992 1468 3035 foecundus
1491 2989 1704 3032 multiplicatur
1715 2998 1872 3031 agnorum.
1897 2986 2107 3019 Tantarum:

1213 3055 1281 3078 erat
1295 3044 1453 3077 Afrorum
1470 3052 1546 3076 cum
1558 3039 1712 3072 Romana
1733 3038 1814 3071 Sede
1825 3036 2042 3075 communio,
2067 3044 2107 3069 ut

1215 3094 1278 3128 suis
1299 3090 1488 3136 Neophytis
1510 3088 1686 3123 maluerint
1709 3086 1750 3120 ab
1765 3087 1831 3130 ipsa
1845 3111 1855 3126 ,
1881 3086 1977 3130 quam
2001 3086 2020 3119 a
2042 3084 2106 3119 suis

1218 3143 1389 3186 Episcopis
1414 3138 1571 3185 postulare
1596 3137 1785 3172 ministros.
1811 3136 1926 3171 Tanta
1949 3135 2017 3170 illic
2038 3137 2104 3168 erat'

1216 3192 1408 3228 istiusSedis
1439 3187 1641 3230 authoritas,
1671 3188 1819 3225 utetiam
1832 3182 2102 3227 contraistudip-

1214 3244 1276 3277 mis
1292 3253 1374 3285 opus
1385 3251 1485 3274 nemo
1495 3238 1723 3283 praesumpserit
1735 3237 1934 3273 intercedere
1945 3262 1954 3270 .

1265 3291 1393 3326 Eodem
1415 3299 1561 3334 tempore
1581 3289 1615 3322 in
1641 3289 1755 3323 Africa
1777 3287 1887 3322 floruit
1911 3282 2105 3329 Fulgentius

1216 3341 1395 3380 Ferrandus
1411 3365 1422 3382 ,
1449 3339 1743 3375 Archi-Diaconus
1765 3333 2027 3416 Carthaginelnisjs
2044 3332 2105 3367 Ec·-

1936 3396 1954 3418 C
1968 3395 1985 3418 e
1999 3395 2034 3418 1ae
2050 3407 2056 3415 .
