2326 3718
356 164 422 209 92

791 150 876 196 De
914 147 1278 198 GALLICANAE
1313 138 1632 199 Rectene

286 238 409 275 debant
424 233 595 280 Synodum
607 215 699 273 ‚fised
713 229 904 269 adn-issa
923 232 1093 268 sedantes
1105 229 1174 264 Ca-
1236 239 1307 262 rum
1332 229 1562 268 Ecekfiuum.
1589 233 1683 268 Hine
1704 234 1785 281 ergo
1807 235 1967 275 Arcadius
1989 239 2021 273 &
2034 238 2114 275 Ho-

286 289 417 324 thedras
432 309 444 325 ,
460 283 547 327 quasi
555 289 782 326 reparatoffiper
793 282 981 326 Principem
989 282 1173 326 episcopos

283 334 493 373 ostentabant
505 334 553 373 se,
574 331 745 376 turbasqfi'e
754 331 957 366 innovabant
963 342 1067 376 ,noque
1077 340 1174 374 auge·

287 389 365 422 bant
378 410 386 418 .
415 381 604 424 Etaudaeia
622 380 775 417 traffibat
794 383 830 415 in
857 381 1046 426 exemplum
1071 381 1171 415 etiam

285 433 449 471 damnatis
461 444 514 477 per
524 433 603 467 alias
615 432 769 476 Synodos
782 431 951 474 Episcopis
962 454 970 466 .

335 484 522 520 Audiamus
531 483 659 526 Synodi
673 492 779 525 preces
789 493 799 513 ι
827 483 979 524 ,Quoniam
988 507 1000 523 ,
1023 485 1092 521 licet
1099 483 1170 521 jam

284 537 396 572 dudum
407 532 513 575 vestre
521 535 701 569 Clementia
703 534 736 575 J
737 532 834 565 udicio
853 533 1000 575 relegatus
1021 531 1167 573 Urficinus

281 596 337 632 per
347 597 394 620 eos
406 610 417 626 ,
440 595 511 627 quos
525 580 791 624 illicitesacrilegus
802 582 959 614 ordinavit
970 605 982 621 ,
1003 581 1169 620 vilifflmum

282 647 448 681 quemque,
474 634 578 667 occulte*
599 633 687 671 licet,
707 628 866 673 sollicitare
887 640 1007 664 conatur
1030 655 1038 662 .
1063 634 1167 673 quue

281 687 416 729 exemplo
439 683 570 718 nonnulli
582 679 746 724 Episcopi,
771 684 823 721 qui
841 678 1063 730 malejcclefiis
1085 689 1166 714 incu-

282 737 376 777 bant,
400 733 455 778 usu
466 735 641 767 temeritatis
646 729 711 773 sue
722 753 734 770 ,
761 731 795 763 (ν’
803 729 927 771 profani
950 728 1162 773 conspiratIone

275 793 484 827 contemptus,
508 792 547 816 ne
555 779 743 824 acquiescam
749 783 879 814 Romani
900 782 1063 814 Sacerdotis
1066 781 1099 823 J
1099 783 1164 815 udl-

282 843 324 870 eio
334 860 345 875 ,
370 832 508 878 Iaceffunt
521 855 529 863 .
555 835 606 864 lta
625 836 662 864 ut
683 835 796 870 etiam,
821 833 874 872 qui
885 828 922 872 se
932 832 1102 875 intelligunt
1107 839 1164 872 pro

279 879 578 925 meritorumsuorum
588 884 701 915 ratione
710 880 897 913 damnandos
907 903 918 920 ,
943 883 997 914 vel
1004 882 1163 914 damnatos

277 938 332 978 effi
343 935 487 968 viderunt
496 955 508 973 ‚
533 932 689 973 redempta
698 932 783 974 vulgi
793 931 982 964 multitudine
994 954 1006 971 ,
1024 934 1057 976 J
1059 932 1157 965 udices

277 984 346 1029 suos
354 993 462 1018 terrore
470 987 575 1015 mortis
588 986 739 1026 exagitent
750 1005 761 1020 ‚
787 979 1015 1024 contemptisque
1028 985 1163 1024 Cognito-

281 1036 365 1070 ribus
379 1035 432 1068 vel
444 1033 585 1076 fugatis,
611 1032 745 1064 illicitum
767 1029 924 1064 obernum
942 1032 1162 1064 Sacerdotium.

280 1085 393 1118 Idcirco
404 1086 517 1117 statuti
526 1081 697 1122 Imperialis
717 1090 776 1112 non
789 1085 954 1115 novitatem
965 1105 975 1122 ,
997 1079 1162 1123 sedfirmis

280 1137 417 1168 tudinem
431 1131 613 1174 postulamus
627 1155 635 1162 .
654 1131 814 1173 Indignum
833 1132 942 1172 quippe
961 1131 999 1171 est
1011 1155 1022 1171 ,
1048 1141 1082 1164 ut
1100 1142 1161 1165 con·

280 1192 391 1218 ventus
413 1179 555 1225 quisque,
581 1178 722 1212 adbibita
745 1191 836 1213 manu
853 1192 864 1219 3
890 1183 921 1214 eo
937 1180 977 1221 sit
996 1187 1138 1215 munitior
1151 1205 1161 1222 ,

279 1237 337 1277 qua
353 1229 518 1275 flagitiqfior
537 1227 633 1270 fuerit
648 1255 655 1262 .
681 1232 702 1263 5
704 1235 763 1263 icut
782 1228 947 1271 Parmenfis
971 1230 1137 1274 Episcopus
1150 1256 1160 1272 ,

279 1282 410 1325 dejeblus
415 1284 448 1326 J
450 1281 546 1313 udicio
557 1278 670 1320 nostro,
697 1278 854 1320 Ecclesiam
864 1290 967 1314 tamen
985 1287 1095 1315 retinet
1105 1286 1159 1313 im·

277 1333 426 1375 pudenter
439 1356 448 1364 .
477 1333 650 1363 Damnatus
671 1330 757 1371 aeque
766 1329 938 1363 Florentius
958 1332 1136 1364 Puteolanus
1148 1355 1159 1372 ,

273 1382 374 1425 postea
385 1382 478 1422 quam
498 1378 630 1417 deiecVus
643 1378 683 1419 est
690 1402 704 1419 ,
728 1389 794 1413 cum
815 1390 902 1413 aures
913 1379 1159 1422 Tranquillitotis

278 1430 385 1470 vestrae
395 1428 580 1471 inquietasset
591 1453 601 1469 ‚
626 1438 717 1470 atque
728 1427 894 1471 hujusmodi
905 1429 1091 1474 Rescriptum
1101 1443 1159 1464 me-

277 1480 373 1523 ruisset
381 1503 392 1520 ,
417 1477 514 1524 atsi]
518 1479 612 1512 udicio
625 1480 814 1512 Sacerdotum
826 1485 860 1513 in
871 1479 947 1514 Urbe
957 1481 1157 1524 Romafuiffet

276 1528 418 1571 depositus
429 1553 441 1570 ,
467 1540 504 1562 ne
514 1539 612 1562 vocem
631 1530 753 1571 quidem
762 1535 796 1561 in
799 1530 828 1571 J
832 1532 940 1564 udiciis
957 1531 1095 1572 proferre
1103 1532 1159 1563 de-

275 1578 354 1614 beret
363 1604 374 1620 ,
395 1578 459 1621 post
468 1576 589 1622 sextum
600 1590 712 1612 annum
722 1578 807 1619 repsit
814 1581 859 1612 ad
867 1586 1023 1614 civitatem
1035 1604 1046 1620 ,
1062 1585 1159 1613 tenuit

275 1627 433 1670 Ecclefiam
442 1653 454 1669 ‚
479 1630 591 1663 multas
601 1632 634 1660 in
649 1630 768 1670 oppido
780 1630 943 1662 Puteolano
954 1654 964 1670 ‚
991 1631 1027 1663 de
1043 1640 1100 1673 quo
1112 1631 1161 1662 de-

274 1677 508 1723 iec‘lussuerat,
529 1677 692 1721 seditiones
705 1677 860 1720 insidentia
883 1685 1063 1712 concttavis.
1092 1679 1159 1712 Ea·-
1184 1702 1190 1707 «

276 1729 356 1764 dem
364 1727 514 1769 exempla
525 1729 584 1759 suae
597 1726 680 1769 Legi
701 1726 835 1758 inseruit
849 1728 1024 1768 Imperator
1034 1727 1159 1761 Gratia-

277 1788 340 1812 nus
352 1800 363 1816 ,
389 1785 490 1818 atque
509 1773 659 1817 adjunxit
680 1786 691 1806 .·
717 1777 764 1806 Et
785 1776 958 1810 Florentius
981 1778 1158 1810 Puteolanus

275 1826 339 1870 post
352 1826 574 1859 damnationem
586 1847 598 1863 ‚
623 1835 712 1866 quam
721 1823 797 1858 ret¹lo
798 1828 832 1869 J
832 1827 925 1860 udicio
942 1826 1098 1861 >cott'tn't‘lus
1108 1838 1159 1860 ac·-

278 1882 357 1919 cepit
375 1900 386 1915 ‚
413 1872 666 1917 mansuetudinem
685 1874 810 1913 nostram
832 1880 998 1919 inquietare
1017 1886 1138 1911 conatus
1149 1901 1160 1918 ,

279 1928 405 1971 dignum
427 1925 497 1958 tulit
520 1929 552 1958 ite
565 1925 754 1968 progreffione
769 1924 967 1969 Responsum.
994 1927 1061 1968 Post
1078 1933 1160 1970 quin·

281 1986 348 2009 tum
360 1976 503 2009 decimum
526 1985 657 2014 annum,
684 1973 858 2016 Ecclefiam,
882 1978 922 2010 de
940 1989 1002 2019 qua
1021 1976 1161 2021 extrusus

274 2025 382 2068 fuerat
397 2049 408 2066 ,
432 2020 534 2066 rur-fias
555 2028 756 2059 contaminare
776 2035 915 2060 conatur:
947 2029 1159 2071 Congreffiones

279 2075 399 2110 illicitas
407 2074 511 2117 facere
526 2075 647 2108 molitur
657 2098 669 2115 ,
694 2083 878 2119 egentemque
886 2076 990 2119 confilit
1000 2078 1161 2110 multitudi-

280 2137 351 2161 nem
362 2125 479 2168 perdia
489 2129 582 2159 am'mi
600 2122 780 2167 persuasione
791 2126 945 2168 depravat
956 2153 963 2160 .
990 2127 1163 2169 Nostrorum

281 2176 424 2211 videlicet
425 2178 457 2223 J
461 2175 577 2208 udicnm
583 2173 715 2218 socordia
730 2175 833 2216 fretus
842 2201 854 2217 ,
882 2182 934 2220 qui
949 2181 1086 2220 privatae
1093 2188 1164 2221 gra-

282 2231 336 2260 tiae
346 2226 518 2268 Imperialia
529 2228 686 2266 Praeeepta
694 2227 858 2259 condonant
869 2238 877 2257 z
907 2229 953 2258 Et
963 2228 1144 2269 Religionem
1154 2251 1164 2267 ,

281 2287 371 2318 quam
391 2286 444 2309 nos
449 2276 519 2316 jure
537 2285 739 2315 veneramur,
765 2286 858 2318 quam
869 2275 994 2319 fhrtaffe
1013 2275 1165 2319 ipfineglt-

279 2335 356 2370 gunt
378 2349 389 2364 ,
416 2329 574 2365 inquietari
590 2329 742 2365 patienter
763 2329 911 2365 accipiunt
932 2349 939 2357 .
967 2324 1081 2359 Pretio
1106 2336 1166 2359 aut

284 2373 419 2417 perfidia
440 2372 583 2416 corrupti
603 2373 759 2407 Romano
780 2372 939 2408 Pontifici
963 2385 1032 2409 non
1054 2375 1165 2418 praebe-

286 2424 367 2458 bant
394 2422 493 2466 Regii
521 2419 653 2456 Brachii
679 2423 842 2457 auxilium
863 2448 871 2456 .
900 2424 1083 2459 Adversum
1106 2424 1168 2459 hos

286 2474 390 2518 igitur
402 2497 412 2514 ‚
422 2483 506 2515 quos
518 2471 583 2515 ipse
594 2470 750 2506 Pontifex
761 2473 970 2515 synodaliter
981 2473 1147 2509 damnarat
1156 2499 1167 2515 ,

285 2522 470 2566 Episcopos
495 2546 505 2561 ‚
531 2522 565 2555 ὅ(
589 2520 756 2555 adversum
784 2522 928 2565 ipsorum
954 2523 1168 2558 turbulentias

289 2573 443 2607 Romana
464 2570 604 2605 Ecclesia
619 2569 796 2612 postulavit
816 2572 977 2607 auxilium
993 2597 1003 2614 ,
1030 2574 1064 2607 ὅ(
1088 2574 1167 2608 Gra-

289 2625 399 2659 tianus
418 2621 596 2664 Imperator
615 2618 707 2654 dedit
719 2645 726 2652 .
754 2621 970 2665 Nequaquam
993 2621 1105 2667 inique
1114 2623 1169 2658 da-

289 2673 410 2708 mnatis
431 2683 485 2715 per
507 2672 578 2704 suas
587 2669 742 2713 Synodos
755 2669 925 2714 Episcopis
947 2673 1105 2707 Romanae
1118 2685 1170 2717 ap·

292 2722 480 2766 pellationis
501 2720 625 2763 asylum
638 2744 649 2760 ,
677 2717 730 2752 sed
749 2719 830 2762 juste
851 2732 907 2764 per
926 2722 1028 2755 solam
1042 2723 1170 2756 Roma·-

292 2783 371 2806 nam
385 2770 560 2804 Ecclefiam
572 2768 700 2812 dejectis
710 2768 820 2803 clausu
833 2781 940 2812 portas
948 2770 1168 2807 turbulentiae.

294 2820 351 2855 Ad
372 2831 478 2864 preces
490 2819 595 2854 Sanffl
610 2819 740 2853 Damafi
752 2842 763 2859 ‚
785 2820 895 2856 Sancti
907 2820 1097 2864 Ambrosii,
1123 2833 1171 2857 to·

296 2872 424 2915 tiusque
437 2871 597 2904 Romanae
605 2870 729 2913 Synodi
741 2896 748 2903 .

345 2922 442 2956 Istam
454 2920 577 2964 Legem
594 2920 794 2965 singulariter
807 2919 922 2956 dilexit
933 2947 943 2962 ‚
970 2923 1004 2957 &
1014 2922 1054 2957 ad
1077 2924 1108 2957 se
1118 2931 1177 2957 ex··

296 2971 388 3006 tendi
401 2970 538 3005 ambivit
551 2969 705 3005 Africana
716 2971 878 3006 Ecclefia.
902 2970 996 3006 Hinc
1018 2973 1103 3007 inter
1122 2984 1172 3006 va-

298 3021 344 3053 ria
354 3044 364 3059 ‚
395 3032 461 3063 quae
472 3019 624 3055 Aurelius
634 3020 758 3055 Primas
770 3032 828 3065 pro
838 3021 1015 3065 reparando
1027 3022 1174 3057 Ecclefiae

300 3070 359 3102 suae
367 3068 449 3102 statu
461 3070 649 3111 postulanda
660 3069 755 3104 duxit
766 3070 784 3105 ἢ
796 3071 948 3114 Principe
959 3096 969 3112 ‚
981 3073 1085 3106 fuit&
1099 3072 1172 3106 hoc:

302 3123 346 3151 Et
358 3119 433 3150 illud
441 3121 601 3158 petendum
615 3143 624 3157 ,
650 3130 684 3152 ut
692 3120 817 3160 statuere
826 3123 984 3165 dignentur
995 3146 1006 3161 ,
1030 3120 1067 3155 ut‘
1070 3120 1100 3163 fi
1106 3127 1174 3165 quis

302 3167 453 3208 cujuslibet
466 3166 579 3200 honoris
601 3170 727 3202 Clericus
732 3174 763 3214 J
767 3172 859 3205 udicio
879 3170 1088 3214 Episcoporum
1107 3182 1176 3213 quo-

302 3228 425 3258 cumque
437 3214 555 3250 crimine
563 3216 660 3257 fuerit
670 3220 831 3253 damnatus
841 3246 852 3260 ,
880 3233 936 3254 non
947 3223 1032 3254 liceat
1042 3232 1107 3255 eum
1112 3219 1175 3262 five

302 3267 342 3303 ab
355 3264 489 3306 Ecclefiis
501 3290 512 3305 ,
536 3266 637 3307 quibus
644 3267 770 3308 praefuit
783 3292 793 3308 ‚
817 3269 876 3309 five
897 3274 917 3303 a
929 3270 1051 3313 quolibet
1061 3270 1174 3303 bomine

305 3315 477 3362 defensari,
499 3314 662 3355 interposita
669 3324 760 3357 poma
770 3319 874 3350 damni
886 3344 896 3360 ,
910 3326 1063 3361 pecuum,
1088 3330 1191 3361 atqueg

306 3367 421 3400 honoris
432 3389 443 3405 ,
469 3375 523 3406 quo
542 3374 593 3397 nec
611 3374 731 3397 aetatem
743 3389 753 3403 ‚
781 3378 831 3400 nec
846 3366 952 3408 sexum
976 3365 1191 3413 excusandum?

306 3417 354 3460 ff·
372 3419 553 3458 precipiunt
566 3436 574 3446 .
602 3413 770 3450 Acceffiffe
793 3417 912 3460 poffint
934 3420 1084 3468 &preces
1099 3404 1191 3454 alia!

1235 279 1348 312 notius
1357 279 1399 314 ad
1409 281 1593 319 adrianum
1604 284 1761 319 Praetorio
1773 286 1955 322 Praefectum
1978 290 2034 323 scri
2039 290 2105 331 pse·

1235 337 1309 362 runt
1333 342 1341 362 ι
1368 331 1591 375 suggerentibus
1611 333 1767 377 Episcopis
1792 337 1953 371 didicimus
1967 337 2114 381 ⁴quosdam

1233 381 1400 413 Sacerdotes
1421 380 1596 423 christiam
1619 388 1708 427 Legis
1722 408 1733 424 ,
1755 397 1880 426 quorum
1902 388 2009 422 delic7a
2027 392 2115 422 σωκ

1234 428 1404 472 Episcopali
1426 431 1766 477 &deprebensafuerint
1777 460 1789 476 ‚
1816 437 1956 471 &eorum
1963 436 2115 481 sententia

1233 481 1390 514 vindicata
1401 504 1411 520 ,
1436 484 1470 512 in
1484 479 1547 520 fine
1565 494 1667 517 earum
1689 485 1813 518 Urbium
1826 509 1838 525 ,
1864 491 1897 518 in
1916 488 2022 529 quibus
2034 489 2114 521 talia

1230 531 1372 574 cemmiffa
1380 529 1452 573 fient
1461 554 1474 571 ,
1496 539 1668 573 permanere
1680 559 1692 576 ‚
1718 537 1752 569 δ’
1764 547 1896 577 quaerere
1905 559 1916 575 ‚
1931 536 2038 570 turbas
2052 545 2113 578 po*

1224 580 1455 621 Paliconvocare
1468 604 1481 621 ‚
1504 582 1668 618 turbatores
1688 591 1795 626 quietis
1821 586 1941 625 existere
1965 610 1977 627 ,
2004 588 2113 622 iifl-ib

1228 638 1277 662 tus
1284 631 1437 673 popularis
1459 630 1620 672 authores,
1645 639 1811 669 innocentes
1825 634 1861 679 se
1881 635 1945 678 post
1962 637 2116 678 iuduun-

1227 680 1344 721 dicere,
1366 680 1482 723 plebem
1507 682 1655 724 colligere,
1678 685 1712 718 Θ·
1725 686 1807 719 velut
1829 688 1873 719 ad
1893 697 1928 719 uc
1953 684 2114 729 Episcopes

1222 725 1374 772 salutari,
1400 729 1813 774 Comitatumsacrumpetere
1826 761 1837 776 ,
1862 686 1966 820 {gen
1987 736 2112 768 menda·

1226 784 1279 812 ciis
1288 782 1418 814 oracula
1428 780 1776 824 &furtivaRescripta-
1787 805 1793 818 .
1813 786 1868 820 Ad
1925 786 1996 820 sum
2009 786 2115 819 istius-

1227 831 1475 865 moditurbines
1497 831 1697 865 innovarunt
1716 831 1976 871 &extenderunt
2005 835 2115 870 lauda-

1227 889 1293 912 tam
1314 881 1439 926 Legem
1458 881 1665 924 Imperatoris
1693 881 1844 917 Gratiani
1866 907 1873 915 .
1898 884 2026 919 Primus
2054 884 2115 928 qui

1226 928 1395 964 Romanas
1406 930 1637 965 damnatorum
1651 932 1890 975 Episcoporum
1904 933 2114 976 Appellatio-

1226 990 1281 1013 nes
1296 979 1463 1023 praetendit
1484 980 1585 1015 everti
1605 991 1660 1023 per
1685 980 1760 1015 istas
1771 982 1899 1026 Leges,
1923 983 1987 1017 fuit
2005 983 2116 1017 Hinc·

1225 1039 1331 1063 marus
1353 1028 1559 1064 Rhemenfis.
1588 1029 1729 1065 Erubuit
1750 1029 1769 1065 ἐ
1797 1034 1929 1075 proprio
1957 1043 2014 1066 ore
2034 1033 2115 1068 talia

1226 1090 1425 1124 nugamenta
1450 1082 1608 1124 proferre:
1636 1079 1728 1115 Hinc
1751 1081 1817 1125 ipsa
1827 1080 1978 1116 adversus
1991 1081 2117 1117 Roma·

1227 1141 1302 1164 nam
1322 1130 1497 1165 Hincmari
1516 1130 1740 1166 Lauduuenfis
1750 1132 2019 1176 Appellationem
2039 1132 2115 1166 stri·

1225 1180 1285 1222 pfit
1298 1178 1339 1214 ad
1352 1181 1538 1215 Adriauum
1551 1180 1728 1215 secundum
1738 1179 1759 1215 ὲ
1769 1180 1963 1217 Duziaoenfi
1975 1181 2117 1225 synodo

1227 1240 1280 1271 per
1292 1241 1426 1263 manum
1436 1229 1544 1274 *Regis
1563 1230 1678 1264 Caroli
1691 1229 1789 1264 Calvi
1802 1255 1809 1263 .
1837 1230 2026 1269 Etnddidit
2042 1231 2116 1267 2¹⁶oe-

1225 1279 1303 1313 dum
1314 1289 1455 1314 errorem
1463 1303 1474 1312 ,
1501 1280 1656 1318 Gratiani
1669 1279 1793 1324 Legem
1805 1279 1889 1314 dixit
1899 1279 2121 1318 emanasse&

1228 1330 1369 1372 praefaoes
1396 1329 1676 1374 preces-Astacum
1688 1354 1696 1362 .
2108 1352 2113 1365 ;

1273 1379 1375 1426 Qud
1395 1380 1551 1415 istam
1568 1378 1738 1416 Romanu
1759 1379 2012 1425 Appellationes
2029 1382 2120 1416 aufe,

1225 1439 1271 1463 rat
1285 1454 1295 1470 ,
1321 1430 1366 1464 est
1378 1429 1539 1464 canenda
1555 1431 1672 1474 -pueeis
1683 1430 1809 1467 tabula
1840 1432 1934 1468 Hinc
1955 1429 2118 1466 Theodo-

1225 1490 1309 1514 retus
1330 1504 1340 1520 ‚
1367 1480 1729 1523 CyrenfisEpiscopus
1748 1505 1760 1521 ‚
1790 1482 1848 1525 qui
1863 1482 2119 1523 ‘circumierim

1225 1530 1308 1562 iutra
1331 1530 1421 1561 suam
1433 1530 1601 1565 civitatem
1609 1529 1715 1563 exilio
1724 1530 1851 1564 clausus
1862 1542 1916 1574 per
1939 1531 2122 1572 imperatos-

1225 1588 1294 1611 rem
1320 1576 1550 1612 Theodofium
1576 1598 1590 1618 ‚‹
1612 1578 1646 1612 ὃς
1670 1589 1726 1622 per
1746 1578 1944 1623 Ephesmum
1970 1578 2120 1622 Lamat-

1225 1628 1319 1661 nium
1330 1626 1522 1671 degradatus
1533 1651 1544 1668 ,
1567 1629 1785 1670 appellaverat
1807 1630 1848 1662 ad
1865 1630 2119 1664 83ηᾶαωὶοο-

1226 1686 1301 1710 nem
1334 1675 1533 1709 Pontificem
1554 1699 1565 1714 ,
1594 1687 1654 1710 nec
1675 1677 1919 1719 permittebatur
1944 1678 2117 1718 accedere,

1224 1724 1345 1769 scripsit
1370 1723 1411 1759 ad
1425 1725 1844 1761 AnatoliumnPatritium:
1870 1729 2115 1771 Magnitudinem

1225 1784 1311 1809 tuam
1323 1775 1442 1815 obtestor
1453 1798 1463 1814 ‚
1488 1774 1565 1808 banc
1574 1778 1594 1808 a
1607 1776 1720 1810 tunore
1732 1776 1853 1820 Augusto
1863 1782 1998 1820 gratiam
2005 1785 2094 1818 petat
2102 1801 2117 1819 ,

1226 1835 1259 1859 ut
1281 1830 1313 1857 in
1332 1826 1523 1859 occidentem
1545 1830 1684 1867 venIam,
1711 1826 1811 1869 ibique
1833 1828 1854 1859 a
1871 1830 1932 1860 Deo
1947 1826 2117 1868 chartffimis

1224 1874 1458 1918 saneqiffimisque
1479 1874 1636 1918 Episcopis
1650 1878 1794 1917 judicer,
1819 1888 1854 1909 ac
1858 1875 1886 1917 fi
1891 1879 1943 1911 vel
1959 1883 2116 1911 minimum

1228 1929 1247 1959 a
1267 1923 1461 1969 fidei'regula
1486 1925 1633 1963 defledere
1658 1928 1766 1960 videar
1779 1951 1789 1967 ,
1814 1932 1847 1960 in
1873 1929 1998 1961 medium
2020 1933 2118 1961 maris

1225 1974 1412 2019 profundum
1424 1976 1549 2016 dejiciar
1564 1999 1571 2007 .
1596 1977 1722 2019 ,Quodsi
1728 1976 1776 2009 bis
1788 1977 1893 2017 vestris
1906 1977 2043 2019 precibus
2057 1989 2118 2011 non

1229 2027 1313 2059 cedat
1326 2049 1338 2066 ,
1364 2025 1502 2059 babitare
1525 2036 1569 2059 me
1585 2024 1692 2068 saltem
1706 2025 1814 2067 ‚iubeat
1836 2033 1868 2060 in
1880 2027 2049 2067 monasterio
2061 2039 2118 2060 no-

1222 2075 1282 2114 stro
1295 2100 1306 2115 ,
1332 2077 1412 2117 quod
1431 2076 1550 2117 quidem
1573 2076 1594 2107 ἃ
1617 2075 1733 2117 cyrensi
1751 2082 1877 2111 civitate
1886 2076 1963 2118 abest
1983 2077 2118 2110 millibus

1229 2135 1344 2158 centum
1358 2127 1392 2159 (tt
1415 2129 1544 2168 viginti.
1574 2129 1702 2165 Horum,
1721 2124 1751 2166 fi
1767 2126 1834 2167 fieri
1844 2126 1958 2168 potest,
1978 2127 2119 2168 perusi!-

1229 2176 1303 2216 lud3
1324 2173 1371 2216 fin
1394 2175 1493 2207 minus
1505 2197 1516 2214 ,
1541 2176 1668 2209 alterum
1681 2177 1757 2209 certe*
1769 2176 1994 2220 Magnitudinis
2015 2175 2120 2216 vestrae

1231 2234 1316 2268 opera
1327 2226 1442 2258 concedi
1453 2223 1527 2257 mihi
1536 2225 1657 2266 postulo.
1690 2225 1845 2260 Affirmat
1855 2235 1911 2260 aut
1921 2226 1979 2259 fibi
1992 2226 2120 2268 permit-

1233 2275 1364 2308 tendam
1388 2274 1546 2307 Romanae
1572 2274 1815 2317 Appellationis
1837 2276 2120 2317 prosecutionem,

1233 2334 1289 2358 aut
1311 2322 1398 2357 certe
1417 2322 1618 2357 tractandum
1640 2322 1731 2367 juxta
1742 2324 1867 2368 Legem
1887 2325 2036 2363 Gratiani
2050 2349 2057 2356 .
2085 2323 2120 2357 si

1237 2384 1351 2416 nempe
1374 2374 1555 2407 censeretur
1584 2372 1702 2407 frivole
1723 2375 1911 2416 provocasse
1934 2399 1943 2407 .
1970 2375 2013 2407 Et
2039 2372 2120 2408 hinc

1236 2424 1410 2466 Imperator
1432 2422 1615 2457 Martianus
1638 2423 1693 2466 ipfi
1706 2422 1954 2466 permifitistam
1976 2424 2122 2466 prosecu-

1236 2474 1364 2507 tionem
1388 2496 1395 2504 .
1422 2472 1577 2514 Ejusdem
1611 2475 1730 2506 mentis
1756 2473 1836 2506 olim
1860 2473 1921 2506 suit
1945 2473 2118 2508 Gallicana

1238 2522 1397 2556 Ecclefia.
1426 2522 1558 2555 Etenim
1575 2521 1730 2556 Caesarius
1741 2522 2028 2557 Contumeliosum
2043 2522 2117 2566 Epi·

1238 2574 1368 2615 scopum
1383 2595 1393 2612 ,
1419 2571 1512 2614 cujus
1523 2572 1724 2608 damnatoria
1738 2573 1895 2607 sententia
1913 2572 1979 2615 jam
1992 2574 2117 2607 tranfie÷

1238 2634 1283 2656 rat
1306 2622 1341 2656 in
1359 2632 1428 2656 rem
1446 2622 1621 2665 judicatam
1635 2646 1646 2662 ,
1672 2621 1812 2666 ideoque
1831 2622 1865 2655 δε
1883 2631 1951 2656 erat
1971 2622 2117 2657 detrusus

1238 2674 1271 2706 in
1285 2672 1528 2706 Monasterium
1544 2695 1554 2710 ,
1580 2682 1660 2705 mox
1682 2682 1719 2705 ut
1741 2670 1914 2707 reclamare
1936 2672 2059 2714 coepit,
2084 2673 2119 2706 δε

1236 2722 1395 2764 appellare
1417 2720 1459 2754 ad
1482 2723 1670 2765 Agapetum
1695 2721 1914 2761 Pontificem,
1940 2722 2080 2756 extraxit
2099 2721 2118 2756 ἐ

1236 2771 1443 2806 Monasterio
1456 2794 1467 2810 ,
1492 2771 1526 2804 &
1548 2769 1649 2806 redire
1667 2772 1806 2815 permisit
1827 2771 1868 2806 ad
1889 2771 2116 2814 Episcopalem

1237 2821 1397 2856 honorem
1410 2846 1417 2854 .
1452 2820 1575 2856 Eadem
1596 2821 1642 2855 est
1651 2822 1735 2856 ratio
1760 2822 1917 2856 sacrarum
1930 2820 2120 2865 Delegatio-

1238 2883 1315 2906 num
1330 2896 1336 2903 .
1363 2871 1465 2918 Qod
1474 2871 1557 2914 ipsas
1569 2882 1629 2906 nee
1641 2871 1816 2906 Gratianus
1826 2893 1837 2909 ,
1860 2882 1920 2905 nec
1933 2869 2094 2905 Arcadius
2104 2895 2118 2911 ,

1235 2931 1291 2956 aut
1303 2920 1477 2955 Honorius
1488 2932 1544 2965 per
1559 2922 1629 2955 suas
1641 2921 1746 2966 Leges
1754 2920 1955 2955 aboleverint
1975 2930 2030 2954 aut
2041 2919 2117 2954 abo·

1238 2972 1300 3005 lere
1310 2971 1475 3006 voluerint
1489 2993 1502 3010 a
1523 2971 1569 3005 est
1581 2972 1679 3006 nimis
1690 2970 1912 3004 manifestum.
1940 2971 2071 3004 Etenim
2082 2971 2116 3006 &

1239 3019 1404 3065 Ephefinae
1414 3021 1448 3055 &
1461 3019 1736 3055 Chalcedonensis
1745 3020 1871 3063 Synodi
1885 3019 1964 3054 Asta
1978 3045 1988 3059 ‚
2003 3020 2118 3056 Theo·

1237 3071 1387 3106 dotianus
1398 3070 1514 3105 Codex
1526 3094 1539 3111 ‚
1564 3069 1692 3113 aliaque
1713 3070 1847 3115 antiqua
1867 3070 1901 3103 &
1915 3070 2062 3105 Ecclefiae
2081 3069 2116 3103 &

1237 3121 1367 3164 Imperii
1393 3120 1603 3154 Monimenta
1621 3119 1790 3154 abundant
1811 3121 1906 3155 sacris
1927 3121 2117 3165 Delegatio-

1239 3169 1332 3204 nibus
1357 3195 1365 3202 .
1394 3169 1540 3204 Proinde
1563 3170 1682 3212 praefati
1710 3169 1876 3215 Principes
1901 3170 2117 3205 aboleverunt

1239 3220 1326 3254 solos
1343 3219 1475 3261 iniquos
1497 3216 1648 3253 adversus
1660 3218 1821 3261 Iustitiam
1842 3221 1877 3255 <Sc
1889 3221 2052 3264 publicam
2066 3230 2118 3261 pa-

1238 3280 1310 3304 cem
1332 3268 1414 3311 juste
1439 3269 1669 3303 damnatorum
1697 3270 1931 3315 Episcoporum
1955 3268 2115 3302 recursus.

1238 3320 1320 3366 Qae
1329 3318 1442 3352 omnia
1453 3317 1585 3352 tandem
1597 3320 1745 3363 agnoscit
1757 3321 1822 3363 ipse
1839 3322 1935 3354 etiam
1948 3318 2116 3352 Dominus

1239 3367 1537 3410 Archi-Episcopus
1549 3393 1556 3400 .
1580 3369 1713 3403 Etenim
1724 3369 1892 3415 adjungit:
1918 3370 1949 3401 si
1963 3369 2117 3402 damnatio

1236 3416 1403 3462 perat‘lafit
1413 3417 1446 3452 ob
1453 3417 1565 3459 justam
1584 3417 1700 3462 causam
1709 3445 1717 3454 .

2134 1720 2217 1762 Epist.
2224 1730 2235 1749 1
2244 1731 2255 1751 ι
2261 1732 2289 1760 9.
