2326 3718
814 177 856 222 S.
927 173 1406 222 Flav11tu1.

190 259 327 295 menica
336 252 462 299 Ss‘rnodi
474 256 692 292 neeeffitatem
705 281 718 300 ,
742 266 818 292 cum
829 256 937 292 Sanni
951 256 1078 292 Flavia-

189 309 228 343 ni
240 307 281 344 ad
293 307 393 342 solam
404 306 595 344 Romanam
603 307 723 343 Sedem
734 306 954 351 appellatione
962 332 974 349 ,
986 308 1078 342 item-

189 369 253 402 que
271 368 349 392 cum
372 356 464 393 istius
487 354 581 393 Sedis
600 357 775 392 sufficienti
788 357 928 392 inistam
941 357 1079 402 appella-

189 409 318 442 tionem
333 404 532 443 authoritate
545 420 614 443 non
624 406 783 442 cohaerere
796 434 806 443 .
833 408 928 443 Errat
940 408 1079 452 duplici-

189 467 259 493 ter.
287 457 424 499 Primo,
451 458 795 502 quodaffirmetistam
810 457 1080 502 Synodinecesfi·

190 516 291 543 tatem
301 507 320 541 a
331 508 461 553 Magno
471 507 587 543 Leone
598 508 687 542 afferi
701 533 708 540 .
743 508 877 543 Etenim
897 508 962 552 jam
973 507 1080 543 osten'-

191 556 226 592 di
238 557 434 594 Pontificem
448 558 529 592 velle
550 557 652 602 longe
663 557 770 593 aliud.
799 558 950 594 Secundo
976 568 1079 597 errat,

189 608 281 652 quod
302 608 321 642 a
343 608 471 652 Synodi
493 608 677 644 necessitate
696 610 825 643 censeat
853 609 953 644 everti
972 609 1081 652 supre-

190 669 279 692 mam
292 670 330 693 ac
344 658 561 693 sufficientem
580 657 816 695 authoritatem
829 659 922 694 Sedis
940 656 1081 702 Aposto-

188 707 279 742 licae.
308 708 441 743 Etenim
455 707 665 743 Generalium
678 709 890 752 Synodorum
914 708 1081 744 neceffitas

188 768 261 792 non
281 757 322 792 ab
344 756 438 792 istius
464 756 671 794 authoritatis
697 759 928 794 insufficientia
952 759 1079 798 oritur,

188 807 245 844 sed
255 819 298 842 ex
307 806 501 844 difficultate
513 809 719 844 executionis
729 808 774 844 ob
784 810 954 855 grassantis
966 809 1082 843 erroris

189 857 375 902 potentiam
397 858 431 892 ὅ(
443 860 686 894 contumaciam
697 885 704 892 .
734 860 860 894 Eadem
872 860 914 894 de
933 860 1027 893 causa
1039 860 1079 892 fa·

190 909 256 943 aas
268 907 313 942 ad.
334 909 366 941 se
376 908 611 952 appellationes
623 909 816 954 Apostolica
830 910 926 944 Sedes
936 908 1081 952 quando-

189 955 256 1002 que
266 957 394 992 censuit
411 959 626 993 retractandas
643 959 678 994 in
690 959 899 995 OEcumenica
920 958 1078 1004 Synodo.

190 1008 325 1052 Nempe
335 1006 381 1042 ob
391 1009 490 1051 partis
500 1009 661 1044 violentas
676 1009 758 1044 vires
769 1019 810 1043 ex
821 1008 1008 1052 patrocinio
1020 1007 1082 1041 cir·

190 1057 378 1100 cumscripti
405 1057 569 1101 Principis
592 1084 599 1091 .
640 1057 691 1091 Ita
717 1059 932 1092 Innocentius
959 1058 1082 1101 primus

191 1107 301 1142 Sancti
312 1107 449 1148 Joannis
463 1105 694 1149 Chrysostomi
717 1107 845 1142 causam
856 1108 1017 1143 retractari
1029 1118 1081 1141 vo·

191 1155 255 1189 luit
278 1155 313 1188 in
322 1154 461 1197 Synodo
471 1154 773 1192 Theffalonicenss.
801 1158 899 1200 Juxta
910 1158 1083 1193 Sardicen-

191 1206 239 1240 ses
247 1204 403 1239 Canones
415 1228 426 1245 ‚
452 1204 681 1240 submittentes
693 1205 759 1241 haec
772 1207 886 1242 omnia
899 1208 1082 1252 sapientiffi·

187 1266 248 1289 mo
259 1255 472 1298 Beneplacito
489 1254 648 1301 Episcopi
661 1255 808 1291 Romani
822 1283 829 1291 .
857 1257 929 1292 Hic
947 1258 1081 1292 manife-

187 1303 238 1339 ste
253 1304 299 1339 est
311 1305 418 1339 sensus
442 1305 565 1340 laudati
588 1306 779 1342 Innocentii
793 1331 804 1348 ,
830 1307 871 1343 de
883 1307 1082 1343 retractanda

189 1355 329 1399 Joannis
349 1354 443 1390 causa
462 1355 629 1391 scribentis
651 1356 692 1391 ad
707 1356 840 1393 Clerum
872 1358 1081 1403 &Populum

187 1404 305 1449 Regin
314 1404 475 1439 civitatis:
496 1406 557 1439 Sed
567 1408 720 1448 quodnam
733 1409 899 1442 remedium
909 1407 985 1452 bisce
995 1407 1081 1443 rebus

187 1459 223 1489 tn
239 1452 388 1498 praesenti
408 1453 578 1497 adferemus
601 1457 620 1490 ἒ
644 1458 819 1502 Neceffaria
844 1463 903 1493 erit
929 1460 1082 1499 synodalis

187 1504 330 1549 cognitio.
360 1507 411 1537 Ea
421 1507 531 1548 quippe
553 1505 615 1550 sola
623 1506 681 1548 est,
707 1520 776 1551 quae
799 1508 1081 1553 hujusmodiprocel·

188 1554 291 1588 larum
314 1559 444 1597 impetus
466 1558 622 1592 retundere
644 1558 755 1601 potest.
784 1559 867 1594 Non
886 1560 932 1595 ob
943 1559 1083 1604 Aposto—

189 1603 261 1640 licae
296 1604 506 1641 authoritatis
542 1631 554 1648 ‚
579 1619 650 1650 quae
689 1607 882 1645 defunctum
919 1611 1084 1655 Joannem

190 1654 264 1690 sola
284 1656 465 1700 reparavit,
491 1657 526 1691 dc
548 1658 641 1702 cujus
659 1658 823 1701 judicium
850 1660 959 1694 omnis
983 1661 1083 1695 etiam

189 1704 315 1739 Oriens
331 1705 378 1740 est
400 1716 572 1742 veneratus
595 1733 607 1749 ,
635 1707 902 1745 insufficientiam
922 1736 932 1752 ‚
961 1710 1013 1745 sed
1040 1710 1085 1745 ob

191 1752 356 1790 violentas
376 1757 611 1801 refragationes
632 1757 951 1803 circumscriptorum
962 1759 1086 1795 Princi-

192 1814 292 1848 pum.
318 1804 366 1839 At
379 1806 458 1840 vero
479 1806 550 1852 post
561 1809 591 1843 S.
603 1808 664 1842 viri
686 1820 826 1845 mortem
847 1810 980 1845 cessavit
1004 1810 1087 1845 invi-

191 1853 249 1890 dia
263 1879 276 1896 ‚
301 1855 336 1890 &
359 1856 505 1892 violenta
528 1858 767 1894 contradictio.
795 1861 1013 1896 Innocentius
1034 1860 1089 1895 ad-

191 1904 244 1940 dit
264 1906 296 1939 se
305 1904 347 1940 ab
358 1905 555 1949 imperatore
582 1909 757 1951 postulasse
771 1911 942 1952 synodum
955 1935 966 1951 ‚
991 1911 1027 1945 ὅ(
1038 1909 1087 1944 di·

191 1953 275 1990 serte
284 1955 455 1998 profitetur
469 1957 500 1990 se
508 1967 604 2002 agere
627 1957 805 1992 secundum
818 1959 973 1994 Canones
984 1959 1086 1993 Sardi-

192 2006 306 2040 censes
319 2030 328 2038 .
354 2005 604 2042 Proindeistam
614 2007 786 2051 epistolam
799 2008 881 2044 vane
905 2022 964 2055 pro
980 2011 1013 2044 se
1025 2010 1087 2044 ad—

192 2054 286 2090 ducit
297 2054 480 2089 Paschasius
491 2056 605 2103 Qesn
611 2057 696 2091 ellus
709 2082 716 2090 .

228 2102 394 2139 ‚Adducit
416 2105 517 2139 etiam
538 2103 607 2139 haec
630 2106 738 2140 Sansti
765 2105 892 2141 Leonis
912 2105 1007 2141 verba
1046 2107 1087 2142 ad

18 2149 176 2186 Ep.4o.c.3.
192 2154 427 2198 Imperatorem
452 2154 682 2190 Theodosium
706 2170 718 2190 .·
744 2160 856 2190 Omnes
880 2163 1021 2200 partium
1042 2169 1088 2191 no·

185 2203 321 2245 strarum
334 2202 468 2246 Ecclefiae
480 2229 491 2244 ,
517 2216 618 2239 omnes
634 2204 807 2248 ficpplicant
829 2208 999 2241 Sacerdotes
1015 2233 1026 2248 ‚
1055 2217 1090 2241 ut

192 2259 267 2296 quia
293 2255 328 2286 θ
341 2254 563 2294 nostrifideliter
573 2256 778 2289 reclamarunt
792 2281 802 2296 ‚
828 2257 863 2290 ὃ·
874 2257 982 2300 eisdem
1005 2257 1088 2291 libel-

192 2306 256 2338 lum
275 2304 487 2345 appellationis
513 2305 686 2337 Flavianus
704 2305 871 2348 Episcopus
886 2308 975 2342 dedit
987 2332 998 2347 ‚
1026 2311 1089 2341 Ge·—

194 2354 324 2387 neralem
348 2353 487 2390 synodum
505 2353 642 2394 jubeatis
669 2360 752 2388 intra
775 2358 898 2389 Italiam
925 2358 1087 2392 celebrari.

193 2403 239 2436 Et
262 2405 523 2436 commentatur:
556 2406 609 2436 Ex
621 2416 678 2446 quo
697 2403 829 2448 consequi
857 2407 1090 2450 neceffariomibi

195 2453 342 2486 videntur
364 2453 419 2484 duo
438 2457 565 2486 maximi
587 2459 727 2488 momenti
747 2479 754 2487 .
786 2457 919 2489 Alterum
942 2459 1086 2499 quidem,

194 2505 275 2545 quod
289 2501 426 2545 superius
452 2501 624 2545 discuffimus
636 2529 646 2544 ,
673 2515 731 2538 non
748 2506 793 2537 ad
811 2518 902 2539 unum
917 2509 1090 2549 Pontificem

194 2554 349 2595 aliquem,
372 2551 429 2595 sed
445 2554 487 2584 ad
496 2564 594 2587 omnes
621 2556 788 2588 Occidentis
811 2554 920 2598 saltem
930 2556 1089 2600 Episcopos

195 2604 371 2637 devolutam
393 2602 443 2646 esse
466 2606 617 2637 Flaviani
646 2607 876 2647 appellationem
896 2633 903 2639 .
933 2610 1067 2641 Alterum
1081 2633 1091 2648 ‚

198 2657 327 2697 Legatos
351 2654 438 2686 sedis
471 2654 635 2696 Apostolicae
662 2666 721 2688 non
760 2659 886 2689 Romani
907 2655 1091 2700 solummodo

199 2702 352 2745 Pontificis
365 2709 481 2737 nomine
492 2704 646 2746 prefinae
657 2706 904 2749 synodosecundae
919 2708 1090 2751 interfuiffe,

199 2764 252 2787 nec
262 2755 339 2787 alias
352 2754 482 2796 interesse
493 2753 663 2798 consuevisse
686 2757 881 2790 OEcumenicis
896 2761 1036 2791 conciliis
1058 2764 1092 2792 in

199 2808 319 2837 Oriente
331 2810 513 2847 congregatis
526 2829 536 2844 ‚
555 2803 615 2848 sed
639 2807 672 2840 &
690 2813 818 2840 omnium
837 2813 926 2841 totius
954 2810 1090 2842 Occiden-

199 2859 243 2885 tis
265 2852 475 2898 Episcoporum
499 2860 586 2894 vice,
614 2867 734 2898 quorum
752 2865 988 2898 procurationem
1008 2871 1093 2903 gere-

201 2902 276 2936 bant
291 2927 301 2942 ,
326 2914 389 2935 cum
407 2913 461 2944 per
476 2904 510 2947 se
520 2906 650 2949 interesse
670 2909 763 2940 eidem
774 2919 832 2941 non
839 2917 981 2950 poterant
996 2935 1004 2941 .
1033 2914 1093 2942 Hoc

204 2957 286 2987 enim
293 2949 418 2994 solemne
428 2964 491 2986 erat
502 2958 633 2988 Romano
645 2956 790 2999 Episcopo
799 2983 809 2998 ‚
838 2967 871 2991 ut
881 2969 945 2992 cum
962 2961 1094 3000 primum

206 3002 334 3041 synodus
346 3001 527 3044 universalis
540 3006 655 3039 indic'la
667 3018 732 3039 erat
742 3031 752 3046 ‚
778 3020 875 3041 omnes
891 3007 940 3050 sui
958 3012 1094 3043 Patriar-

207 3053 316 3087 charus
329 3049 487 3093 Episcopor
497 3065 532 3086 ea
545 3055 579 3086 de
588 3067 621 3088 re
631 3058 801 3090 admoneret
814 3084 823 3098 ,
850 3067 1013 3103 cogeretque
1031 3059 1094 3103 ipse

208 3108 311 3137 Romae
324 3102 464 3140 synodum
476 3127 486 3143 ,
514 3105 557 3135 ad
569 3114 657 3146 quam
669 3112 793 3140 invitat}
808 3111 1009 3143 occidentales
1029 3121 1095 3144 con-

205 3154 352 3195 fluerent,
377 3160 409 3184 ut
432 3158 464 3185 in
489 3164 638 3188 commune
658 3155 696 3188 de
716 3163 829 3201 negotio
851 3161 914 3192 illic
937 3160 1095 3194 tractando

208 3202 402 3246 dissererent,
428 3203 645 3246 deligerentque
668 3208 796 3249 Legatos·
818 3208 980 3252 absentium
999 3217 1095 3245 vicem

209 3253 379 3295 impleturos
391 3278 398 3285 .
427 3254 584 3286 Nimirum
596 3260 645 3296 qui
654 3265 691 3287 ex
699 3257 756 3288 illa
767 3261 902 3292 Romana
913 3263 1020 3298 synodo
1040 3264 1093 3294 Le-

208 3308 273 3347 gati
290 3302 487 3336 mittebantur
498 3328 508 3343 ,
535 3315 592 3336 non
598 3302 688 3347 solius
703 3308 852 3350 Pontificis
864 3312 970 3354 Legati
981 3321 1069 3345 erant
1084 3336 1093 3351 ,

211 3363 262 3385 nec
273 3354 312 3385 ab
326 3351 379 3395 ips
374 3365 387 3384 o
398 3352 456 3395 solo
467 3359 548 3386 mitti
558 3354 732 3388 dicebantur
742 3380 752 3397 ,
773 3356 832 3399 sed
839 3358 878 3391 ab
899 3360 1041 3404 universa
1050 3363 1091 3400 Sy-

212 3402 287 3435 nodo
309 3403 377 3442 miffl
398 3411 502 3436 erant.
532 3402 680 3447 Ejusdem
692 3406 820 3449 agebant
837 3414 954 3451 vicem,
980 3411 1097 3453 tamctfi

216 3455 391 3496 Legatorum
402 3455 488 3487 Sedis
502 3453 664 3495 Apostolicae
677 3467 782 3489 nomen
787 3456 902 3501 semper
914 3466 1090 3496 retinerent:

1100 3510 1109 3522 0

314 3500 419 3543 Christ.
435 3506 513 3548 Lupa·
524 3508 620 3547 Opera
632 3508 665 3539 T.
683 3510 763 3540 VIII.

1137 257 1228 299 ,Quin
1247 252 1480 288 occidentalium
1498 260 1626 290 omnlnm
1650 258 1824 302 Corypbaeus
1840 270 1908 294 erat
1923 250 2026 295 Pomp.

1130 304 1209 349 sex.
1239 308 1298 337 Hoc
1307 304 1489 344 clariffimum
1499 306 1605 338 evadit
1614 318 1650 340 ex
1662 315 1751 343 tertia
1772 312 1882 350 synodo
1894 311 2024 347 OEcume·

1140 360 1207 389 nica
1229 353 1381 396 Ephefina
1407 377 1419 395 ,
1443 353 1494 388 ubi
1514 355 1640 392 cyrillus
1662 361 1837 402 Legatorum
1857 362 2025 403 Apostolicae

1139 405 1223 439 Sedis
1230 402 1414 448 sententiam
1425 402 1596 446 resumens,
1616 402 1656 446 fic
1677 406 1805 448 loquitur
1819 424 1829 443 .·
1856 412 2027 455 Deposue-

1139 464 1215 489 runt
1226 454 1413 499 supplentes
1424 454 1535 489 locum
1548 455 1640 490 Sedis
1658 454 1856 499 Apostolicae
1868 485 1878 501 ‚
1903 461 2025 495 totius·-

1138 516 1203 547 que
1214 504 1343 548 Synodi
1356 504 1624 540 sanetiffimorum
1634 529 1645 546 ,
1658 505 1801 549 Deoque
1811 506 2028 546 dilestiffimo-

1141 566 1213 589 rum
1227 554 1497 591 Occidentalium
1520 555 1758 599 Episcoporum
1773 581 1780 588 .
1808 557 1892 589 Idem
1904 560 2028 601 manife-

1136 604 1210 646 stum
1232 604 1270 645 est
1290 617 1328 639 ex
1341 606 1463 638 concilii
1477 603 1559 648 sexti
1571 605 1652 639 Allis
1666 629 1677 645 ,
1702 605 1752 639 ubi
1764 604 1906 649 Episcopi
1921 632 1932 649 ‚
1957 611 2028 641 Por-

1139 654 1262 696 tuenfis,
1291 654 1478 697 Paternenfis
1489 679 1503 698 ,
1531 657 1567 689 6
1588 659 1760 700 Regitanus
1778 680 1790 698 ,
1813 657 1904 691 locum
1931 666 2031 691 tenere

1142 706 1280 738 dicuntur
1291 707 1416 739 concilii
1434 709 1569 748 antiquae
1579 709 1683 739 Romae
1695 730 1703 738 .
1980 721 1982 723 >

1191 755 1306 790 Plures
1327 755 1437 790 denuo
1456 766 1578 790 errores
1591 780 1598 788 .
1627 756 1757 791 Primus
1768 756 1814 791 est
1828 782 1839 799 ,
1866 757 2035 801 quodlau-

1142 803 1222 839 datae
1241 806 1393 840 omnium
1428 804 1699 841 Occidentalium
1727 807 1964 853 Episcoporum
1992 807 2034 842 ad

1141 853 1372 890 Theodosium
1386 866 1495 900 preces
1506 855 1668 891 affirment
1693 866 1750 890 aut
1761 857 1915 894 evincant
1925 858 2041 894 Sancti

1142 904 1294 940 Flaviani
1317 906 1574 950 appellationem
1596 917 1666 941 non
1689 906 1731 941 ad
1755 907 1861 941 solum
1884 909 2041 943 Leonem

1144 954 1236 990 fuisse
1248 956 1440 991 devolutam
1453 981 1465 997 ,
1490 956 1545 991 scd
1555 956 1597 991 ad
1609 966 1724 992 omnes
1738 956 1851 992 saltem
1871 958 2038 994 Occiden-

1144 1004 1186 1038 tis
1198 1004 1398 1050 Episcopos.
1424 1007 1561 1041 Etenim
1576 1007 1755 1052 Imperator
1765 1006 2039 1048 Valentinianus,

1144 1053 1243 1088 Galla
1254 1053 1403 1091 Placidia
1417 1055 1568 1101 Augusta
1579 1081 1591 1098 ,
1616 1069 1654 1092 ac
1677 1057 1851 1094 Liberatus
1864 1055 2043 1094 Diaconus·

1144 1103 1262 1138 diserto
1285 1106 1431 1140 scribunt
1453 1106 1558 1150 ipsum
1583 1108 1770 1151 provocasse
1780 1109 1820 1143 ad
1837 1108 1943 1143 solum
1955 1108 2038 1143 Leo-

1147 1162 1241 1189 nem.
1267 1153 1364 1189 Certe
1375 1166 1445 1189 non
1458 1156 1581 1197 video,
1605 1157 1778 1202 quomodo
1800 1168 1899 1193 tantae
1924 1157 2040 1193 autho-

1145 1203 1247 1239 ritatis
1266 1204 1458 1239 testimonia
1482 1216 1536 1249 per
1558 1205 1632 1239 istas
1644 1207 1787 1249 plurium
1800 1208 2039 1252 Episcoporum

1145 1264 1256 1298 preces
1278 1263 1485 1288 evertantur.
1516 1255 1639 1289 Earum
1663 1256 1781 1299 scopus
1800 1257 1864 1289 fuit
1879 1268 1948 1290 non
1969 1257 2041 1291 Fla·

1145 1304 1235 1339 viani
1246 1303 1502 1349 appellationem
1514 1302 1581 1338 huc
1606 1313 1666 1338 aut
1680 1304 1763 1340 istuc
1774 1305 1948 1340 devolvere
1958 1330 1969 1345 ,
1987 1305 2041 1340 sed

1145 1353 1332 1389 Theodosii
1357 1353 1528 1394 animum,
1553 1353 1572 1387 a
1594 1352 1754 1389 Flaviano
1782 1354 1860 1389 dure
1873 1356 2018 1390 aversum
2031 1380 2044 1397 ‚

1146 1403 1187 1440 ad
1199 1403 1360 1449 justitiam
1382 1416 1437 1449 per
1449 1403 1690 1447 multiplicatos
1712 1404 1939 1440 Interceffores
1952 1407 2045 1440 redu-

1146 1466 1217 1490 cere
1228 1478 1237 1488 .
1263 1454 1309 1489 Et
1319 1465 1376 1499 per
1391 1454 1510 1496 verba,
1536 1457 1647 1488 Omnes
1657 1460 1796 1497 partium
1812 1455 1974 1496 nqllrarum
1986 1459 2044 1489 Ec·

1145 1504 1233 1546 clefiae
1243 1529 1255 1545 ‚
1282 1504 1354 1540 Leo
1365 1503 1495 1539 videtur
1507 1515 1578 1539 non
1589 1514 1705 1539 omnes
1718 1505 1954 1540 Occidentales
1966 1531 1977 1546 ,
1989 1505 2046 1540 sed

1148 1556 1231 1590 solas
1242 1554 1343 1591 Italiae
1355 1553 1516 1590 Ecclesias
1533 1554 1718 1600 intelligere
1730 1580 1737 1588 .
1768 1555 1837 1590 Cur
1861 1555 2045 1596 Paschasius

1147 1605 1369 1652 Qesnellus,
1394 1605 1452 1649 qui
1477 1614 1574 1640 tanto
1598 1605 1694 1640 antea
1717 1605 1842 1650 impetu
1857 1607 2048 1640 asseveravit

1147 1656 1338 1691 Flavianum
1351 1655 1392 1690 ad
1406 1655 1653 1696 OEcumenicam
1665 1656 1833 1701 appellasse
1847 1655 2021 1699 Synodum
2037 1680 2049 1695 ,

1147 1706 1211 1750 jam
1240 1706 1299 1740 ista
1325 1705 1395 1741 vela
1420 1703 1591 1740 contrahit
1616 1705 1657 1740 ad
1669 1705 1774 1741 solum
1800 1707 2047 1740 Occidentem?

1151 1756 1250 1792 Error
1261 1768 1332 1791 non
1357 1756 1419 1791 stat
1432 1756 1468 1790 in
1481 1755 1576 1790 firmo
1587 1754 1695 1791 fundo
1709 1781 1717 1788 .

1199 1806 1370 1841 Secundus
1392 1817 1481 1841 error
1505 1806 1552 1841 est
1579 1830 1591 1847 ,
1638 1806 1727 1853 quod
1755 1804 1902 1842 Romani
1929 1805 2053 1852 Legati

1150 1855 1315 1900 Ephesino
1328 1856 1521 1892 Latrocinio
1531 1856 1698 1893 adfuerint
1711 1869 1779 1892 non
1797 1858 1899 1892 solius
1909 1856 2052 1890 Pontifi-

1149 1906 1197 1939 cis
1210 1929 1222 1946 ,
1249 1906 1303 1940 sed
1317 1907 1445 1949 insuper
1456 1908 1593 1942 nomine
1618 1908 1652 1943 ὅ(
1670 1906 1740 1942 vice
1767 1909 1868 1942 torius
1886 1907 2051 1940 Occiden-

1149 1954 1225 1988 talis
1249 1954 1417 1989 Concilii.
1446 1956 1584 1989 Etenim
1610 1957 1755 2001 Magnus
1779 1958 1849 1991 Leo
1871 1956 1988 1991 diserte
2013 1966 2052 1990 ac

1151 2005 1337 2046 frequenter
1349 2004 1483 2039 testatur
1496 2006 1683 2048 oppositum
1694 2030 1702 2038 .
1732 2007 1770 2039 In
1786 2007 1989 2050 Dogmatico
2010 2005 2052 2040 ad

1151 2055 1306 2087 Sanctum
1331 2053 1526 2086 Flavianum
1547 2056 1666 2097 scripto
1678 2079 1689 2094 ‚
1714 2055 1750 2087 δε
1763 2055 1802 2089 ad
1818 2057 1920 2098 ipsum
1936 2057 2051 2090 Latro-

1150 2101 1280 2135 cinium
1293 2102 1416 2136 directo
1426 2101 1545 2137 Tomo
1560 2116 1566 2135 ε
1588 2105 1716 2148 Julium
1729 2103 1906 2147 Episcopum
1918 2130 1927 2144 ,
1949 2106 1983 2138 &
1993 2109 2050 2138 Re-
2068 2115 2226 2152 Ep.24.c,6,

1152 2161 1259 2185 natum
1284 2153 1489 2191 Presbyterum
1512 2177 1524 2193 ,
1551 2154 1585 2188 (ν
1621 2154 1763 2189 Hilarum
1797 2158 1961 2189 Diaconum
1982 2161 2048 2189 vice

1153 2202 1248 2242 nostra
1273 2203 1437 2236 direximus
1465 2226 1472 2234 .

1153 2252 1383 2286 Theodosium
1396 2266 1403 2285 :
1424 2256 1455 2297 J
1459 2254 1550 2286 ulium
1564 2251 1743 2296 Episcopum
1757 2280 1768 2295 ,
1796 2259 1949 2289 Renatum
1964 2254 2049 2299 Pres-

1153 2302 1279 2341 byterum
1292 2327 1302 2343 ,
1329 2304 1363 2336 Θ
1376 2303 1512 2335 Hdarum
1525 2306 1688 2337 Diaconum
1699 2304 1766 2346 mist
1779 2330 1789 2346 ‚
1816 2312 1867 2348 qui
1889 2308 1936 2339 ad
1952 2313 2048 2340 vicem

1149 2350 1321 2395 praesentiae
1339 2364 1412 2386 meae
1433 2351 1618 2396 sufficerent.
1650 2354 1694 2388 Et
1707 2356 1740 2387 in
1755 2355 1871 2389 litteris
1893 2356 1933 2390 ad
1947 2357 2049 2398 ipsam
2065 2350 2228 2386 ἥκῃ-θ’·

1155 2402 1350 2447 Ephesinam
1364 2403 1557 2446 Synodum:
1579 2404 1921 2448 JuliumEpiscopum‚
1951 2410 2050 2439 Renu-

1153 2462 1216 2486 tum
1244 2453 1448 2490 Presbyterum
1463 2476 1473 2492 ,
1503 2455 1536 2486 (τ
1549 2454 1686 2485 Hilarum
1708 2457 1874 2488 Diaconum
1886 2455 1967 2497 mist,
1996 2463 2049 2497 qui

1155 2510 1220 2537 vice
1237 2514 1304 2537 mea
1327 2501 1481 2543 interfint.
1511 2502 1682 2536 Consonat
1697 2503 1831 2547 Prosper
1844 2505 1962 2547 Tyro:
1993 2513 2050 2540 Hi-

1153 2555 1235 2586 larus
1268 2557 1416 2586 Diaconus
1439 2557 1582 2586 Romanae
1605 2551 1758 2595 Ecclefiae,
1784 2560 1835 2596 qui
1861 2560 1925 2588 vice
1944 2557 2047 2589 sam‘li

1156 2606 1266 2637 Leonis
1291 2606 1388 2645 Papae
1410 2613 1473 2636 cum
1490 2606 1583 2646 Julio
1608 2605 1766 2636 Puteolano
1777 2604 1921 2647 Episcopo
1945 2608 1964 2637 ιὶ
1976 2608 2048 2640 sede

1155 2653 1310 2696 apostolica
1328 2653 1437 2695 fuerat
1450 2654 1629 2686 destinatus.
1661 2654 1803 2688 Eosdem
1824 2654 1967 2700 Legatos
1980 2657 2050 2689 lau-

1154 2705 1208 2738 dat
1220 2703 1390 2738 Liberatus
1404 2703 1575 2738 Diaconus
1587 2729 1595 2745 ,
1624 2705 1657 2738 ὃς
1670 2704 1822 2750 adjungit
1835 2719 1846 2739 .·
1875 2709 1984 2739 Locum
2002 2706 2049 2739 ob-

1154 2759 1285 2788 tinentes
1309 2757 1403 2796 Papae
1429 2757 1557 2788 Leonis.
1586 2755 1697 2788 Etiam
1721 2754 1762 2789 de
1782 2756 1914 2799 Juliano
1927 2755 2046 2791 Coensi

1156 2804 1320 2848 Episcopo
1343 2804 1466 2838 habent
1481 2804 1560 2839 Aeta
1573 2803 1771 2846 synodalia:
1791 2807 1948 2851 Julianus
1973 2810 2048 2848 Epi-

1149 2853 1255 2899 scopus
1270 2878 1279 2894 ,
1295 2864 1397 2889 tenens
1409 2856 1499 2888 locum
1515 2859 1620 2888 Leonis
1634 2854 1734 2888 sancti
1746 2856 1888 2900 Episcopi
1902 2861 2048 2890 Romanae

1154 2904 1290 2946 Ecclefiae
1302 2931 1309 2939 .
1336 2904 1479 2939 Videtur
1491 2907 1584 2939 fuisse
1599 2905 1746 2939 suffetius
1760 2906 1794 2939 in
1809 2907 1919 2940 locum
1933 2907 2046 2941 defun-

1155 2957 1194 2988 cti
1220 2955 1317 2998 Julii.
1356 2955 1400 2989 Et
1419 2956 1503 2989 certe
1525 2967 1601 2989 ante
1625 2954 1823 2998 Ephesinum
1852 2956 2047 2991 Concilium

1155 3004 1301 3049 Magnus
1325 3005 1397 3039 Leo
1418 3006 1542 3039 nullam
1564 3005 1742 3040 celebravit
1760 3006 1958 3049 Synodum,
1987 3007 2046 3040 nisi

1156 3056 1255 3089 solius
1272 3056 1332 3088 suae
1354 3055 1561 3094 Provinciae‚
1590 3055 1732 3099 ideoque
1745 3066 1871 3090 certum
1898 3057 2047 3091 &mani-

1156 3106 1274 3139 festum
1304 3105 1347 3139 est
1371 3105 1521 3139 laudatos
1542 3105 1686 3150 Legatos
1710 3105 1802 3140 fuisse
1825 3107 1924 3150 ipsius
1945 3107 2047 3141 solius

1157 3155 1327 3190 Vicarios.
1355 3154 1404 3188 Ira
1416 3157 1578 3190 evanescit
1591 3156 1703 3190 omnis
1716 3156 1791 3190 ansa
1806 3180 1817 3196 ‚
1845 3167 1883 3191 ex
1901 3168 1964 3201 qua
1980 3156 2046 3191 Pa-

1158 3205 1291 3240 schasius
1314 3205 1511 3251 Qesnellus
1532 3204 1644 3240 suadet
1673 3207 1826 3240 Sanctum
1849 3207 2045 3242 Flavianum

1158 3267 1225 3290 non
1247 3256 1288 3290 ad
1317 3256 1421 3288 solum
1435 3256 1582 3290 Leonem
1597 3280 1608 3296 ,
1634 3256 1687 3291 sed
1699 3256 1739 3292 ad
1753 3267 1871 3291 omnes
1881 3256 2046 3291 Occiden-

1158 3307 1237 3341 tales
1256 3305 1436 3349 Episcopos
1457 3309 1644 3349 provocasse
1658 3332 1665 3339 .

1206 3356 1342 3390 Tertius
1363 3366 1450 3389 error
1469 3356 1536 3396 est,
1565 3356 1654 3401 quod
1680 3356 1805 3390 indicto
1828 3355 2042 3390 OEcumenico

1157 3407 1314 3442 Concilio
1339 3407 1511 3440 Romanus
1544 3407 1703 3441 Pontifex
1729 3407 1811 3440 olim
1837 3406 2042 3439 consueverit

1156 3458 1240 3492 suam
1266 3455 1518 3491 patriarchalem
1549 3457 1721 3502 Synodum
1749 3465 1950 3501 congregare
1969 3478 1980 3494 ,
2007 3454 2041 3488 ὅ(

1648 3507 1677 3540 Ε
1702 3517 1720 3541 c
1923 3503 1990 3539 illic

1515 2203 1554 2236 ln
1581 2203 1698 2237 litteris
1734 2204 1774 2239 ad
1812 2206 2048 2249 Imperatorem
2066 2228 2206 2267 gpist.z6.
