2326 3718
592 169 1021 228 Tneononen,
1056 170 1364 216 CYRENsrs
1398 168 1716 220 Enrscom.
1902 189 1989 233 351

1188 259 1283 290 Leone
1319 264 1535 291 commemorari
1559 281 1570 298 ‚
1603 262 1680 303 quod
1714 264 1920 297 communionis
1951 266 2060 298 litteris

1186 307 1389 340 continebatur
1403 331 1411 339 .
1438 310 1519 341 Dum
1538 313 1616 341 enim
1635 314 1770 352 querelas
1793 312 1962 348 Theodoreti
1983 316 2063 348 ultro

1182 355 1310 400 suscepit
1336 357 1478 399 Pontifhx
1503 383 1514 398 ‚
1551 359 1698 400 eidemque
1718 361 1804 403 suam
1837 370 2064 398 communionem

1187 412 1359 449 impartivit
1381 431 1393 448 ‚
1417 406 1590 451 consequens
1605 408 1671 450 fuit
1689 433 1700 448 ,
1724 421 1757 443 ut
1781 415 1903 446 eundem
1926 414 1964 446 ab
1986 420 2065 447 omni

1187 455 1318 498 baerefios
1340 458 1455 491 macula
1475 458 1619 492 mundum
1632 460 1817 500 judicaverit
1829 486 1840 501 ,
1865 466 2065 506 deputaverit-

1188 508 1246 550 que
1281 513 1359 540 inter
1394 507 1643 551 Adversariorum
1679 510 1840 543 calumnias
1873 537 1884 553 ,
1918 514 2068 555 quidqutd

1189 555 1372 600 obtruserant
1399 580 1410 596 ,
1443 567 1477 591 ut
1513 570 1577 593 eum
1603 559 1684 593 velut
1704 558 1870 602 suspeHum
1905 564 1940 594 de
1961 564 2022 603 fide
2046 563 2069 593 ἃ

1191 608 1298 645 synodo
1322 617 1457 641 arcerent
1478 631 1490 647 ,
1516 609 1569 643 vel
1591 615 1682 642 etiam
1707 609 1789 651 quafi
1809 611 1847 644 de
1867 610 1975 651 *haercfi
1995 624 2068 645 ‹on-

1191 658 1304 690 vitqum
1325 660 1503 699 deponerent
1522 664 1554 692 tn
1566 661 1674 698 synodo
1686 685 1693 691 .

1240 708 1372 741 Errores
1393 706 1510 741 iterum
1532 710 1612 742 varii
1635 735 1643 742 .
1671 709 1798 744 Primus
1818 710 1864 744 est
1885 735 1896 751 ‚
1924 710 2014 755 quod
2033 709 2072 744 de

1193 755 1255 790 isto
1282 757 1483 792 revestitorio
1509 757 1716 793 Theodoreti
1742 761 1887 795 Decreto
1921 760 2011 794 milla
2037 761 2074 793 fit

1191 807 1318 840 mentio
1353 808 1388 842 in
1425 807 1515 842 Astis
1550 807 1870 844 Chalcedonenfibus
1896 835 1904 842 .
1941 810 2074 844 Etenim

1192 856 1488 901 gloriofiffimorum
1514 858 1666 901 Judicum
1689 860 1729 893 ad
1753 860 1879 902 plenam
1901 861 1995 894 istam
2017 862 2074 903 Sy-

1194 907 1318 940 nodum
1339 907 1434 941 verba
1462 909 1658 943 suntlucida
1681 922 1689 942 :
1715 911 1905 953 Ingrediatur
1928 914 2076 943 Reveren-

1192 958 1315 997 diffimus
1341 955 1504 1000 Episcopus
1530 958 1729 993 Theodoretus
1755 983 1766 999 ‚
1801 967 1832 991 ut
1851 958 1891 1001 fit
1922 966 2076 1001 particeps

1194 1008 1299 1044 Synodi
1324 1032 1335 1047 ,
1362 1013 1434 1050 quia
1459 1015 1486 1041 ei
1510 1009 1635 1049 restituit
1663 1008 1874 1056 Epi-[conatum
1900 1012 1948 1043 55.
1977 1010 2078 1042 Archi·

1194 1055 1359 1098 Episcopus
1384 1061 1457 1090 Leo.
1490 1059 1534 1093 Et
1557 1058 1673 1094 iterum
1688 1074 1699 1093 :
1728 1059 1908 1094 Thodoretus
1929 1062 2078 1093 Reveren-

1195 1106 1318 1145 diffimus
1345 1107 1509 1150 Episcopus
1529 1116 1687 1152 proprium
1719 1116 1827 1152 recepit
1863 1111 1955 1144 locum
1979 1112 2000 1142 ᾶ
2025 1111 2075 1142 55.

1196 1154 1339 1198 Episcopo
1374 1158 1459 1190 urbis
1486 1163 1588 1192 Romae
1609 1186 1616 1193 .
1655 1160 1865 1195 Reverendus
1892 1162 1986 1194 Pater
2013 1158 2080 1192 Pa-

1195 1205 1332 1240 schafius
1355 1205 1552 1249 Quesnellus
1571 1209 1712 1242 omnino
1739 1211 1819 1254 legit
1840 1210 1920 1244 Acta
1943 1208 2081 1243 Chalce-

1196 1256 1371 1289 donenlia:
1401 1257 1510 1303 Qare
1530 1266 1659 1299 oportet
1679 1259 1808 1300 ipsum,
1835 1259 1914 1292 dum
1935 1259 2081 1300 superio-

1198 1316 1231 1338 ra
1257 1305 1375 1348 scripfit
1402 1329 1413 1346 ‚
1442 1307 1506 1340 effe
1531 1306 1653 1349 lapsum
1680 1307 1839 1341 memoria
1866 1332 1874 1339 .
1901 1306 2082 1351 AEgyprii,

1197 1354 1378 1398 Illyriciani
1407 1379 1418 1395 ,
1444 1367 1482 1390 ac
1509 1356 1668 1390 Palaestini
1697 1356 1852 1400 Episcopi
1880 1380 1891 1396 ,
1918 1359 1975 1400 qui
2002 1357 2088 1390 Dio·

1198 1407 1290 1439 scoro
1315 1406 1401 1448 apud
1426 1403 1591 1449 Ephesum
1612 1409 1778 1448 faverant,
1807 1406 2021 1442 Chalcedone
2031 1407 2086 1441 ad-

1198 1456 1307 1489 versus
1343 1455 1596 1491 Theodoretum
1636 1459 1783 1492 urserunt
1826 1456 1910 1491 istud
1953 1456 2084 1499 ipsum,

1199 1505 1288 1548 quod
1315 1505 1453 1540 Sardicae
1479 1505 1629 1541 adversus
1655 1509 1808 1542 Sanctum
1845 1505 2083 1548 Athanafium‚

1200 1556 1345 1599 aliosque
1371 1557 1556 1591 Orientales
1587 1569 1644 1601 per
1665 1558 1789 1600 Julium
1807 1558 2006 1593 Pontificem
2040 1569 2086 1591 re-

1202 1605 1335 1640 vestitos
1353 1606 1529 1650 Episcopos
1550 1608 1720 1651 praetendit
1748 1608 1933 1643 Eusebiana
1955 1608 2084 1641 Fastio:

1201 1655 1391 1690 Noluerunt
1418 1657 1521 1700 ipsum
1547 1667 1623 1693 ante
1657 1657 1822 1702 expletam
1859 1660 1961 1694 totius
1987 1658 2088 1692 causae

1202 1706 1461 1741 retractationem
1481 1719 1520 1742 ac
1540 1707 1771 1743 definitionem
1789 1710 1852 1743 effe
1871 1708 1999 1752 Synodi
2021 1719 2090 1751 par-

1202 1756 1334 1800 ticipem
1354 1781 1362 1789 .
1383 1754 1515 1792 ‘Verum
1539 1761 1587 1792 uti
1609 1756 1705 1793 isthic
1726 1759 1849 1794 Hofius
1874 1757 2090 1792 Cordubensis

247 261 353 307 ipsum
363 257 558 300 revestierit,
582 259 810 294 &revestitum
832 258 917 303 apud
936 259 967 293 se
976 256 1123 292 detinue-

247 313 306 347 rit.
329 309 474 351 Tertio,
501 310 590 353 quod
612 310 707 354 ipsius
717 310 844 343 causam
867 310 1003 343 voluerit
1016 319 1070 352 per
1081 308 1121 341 se·

246 360 420 404 metipsum
439 362 604 395 retractare
624 384 636 400 ,
661 360 757 404 atque
778 359 822 393 ita
845 360 1023 404 gloriosum
1046 368 1122 392 cum

244 411 312 444 suis
348 411 550 454 reparatoriis
584 410 699 445 litteris
732 410 894 444 remittere
928 411 963 443 in
998 409 1121 443 Orien-

247 469 332 495 tem.
361 460 405 494 Et
417 461 488 495 Leo
506 455 590 495 istud
602 457 742 495 omnino
753 460 849 494 fecit.
878 459 1013 494 Etenim
1027 458 1123 492 Euse-

246 510 322 545 bius
342 509 601 546 Chalcedonensi
624 509 761 553 Synodo
782 509 888 544 adfuit
910 519 946 543 ut
957 508 1051 552 plene
1062 508 1125 541 Ca·

246 560 387 595 nonicus
399 562 600 604 Episcopus,
626 559 711 594 &de
735 559 932 594 retractanda
953 558 1022 602 ejus
1032 558 1124 591 causa

247 612 358 645 nullus
370 612 470 645 faetus
493 611 537 644 est
550 611 678 650 sermo,
706 609 795 644 nulla
817 609 992 643 memoria.
1022 607 1124 654 Qod

246 660 364 706 nempe
376 661 532 695 Pontifex
542 660 643 703 ipsam
667 659 760 703 plene
780 659 995 699 retractasset,
1021 669 1059 692 ac
1073 657 1126 691 de-

245 709 367 746 finisset
390 735 397 743 .
425 711 537 758 Qare
559 709 623 745 hoc
649 709 753 753 ipsum
777 710 832 743 ille
853 718 1000 752 potuerat
1023 708 1127 741 facere

246 763 335 796 circa
360 757 617 795 Theodoretum
653 761 688 794 δε
712 759 906 794 Flavianum
933 784 940 791 .
968 758 1128 792 Rationes

246 810 477 854 sapientiffimo
502 810 569 853 ejus
594 808 728 844 arbitrio
765 809 854 843 aliud
893 809 1127 851 persuaserunt.

246 860 407 896 Notanda
419 862 494 895 sunt
518 860 633 895 verba:
660 862 724 903 ,Qui
747 858 903 900 illiinjuste
926 856 1129 902 asseritur-sub-

247 921 387 956 rogatus.
418 911 552 945 Etenim
574 911 615 945 de
635 910 818 954 degradatis
840 909 880 942 ab
892 909 1056 951 Ephefino
1069 908 1128 941 La-

247 961 394 997 trocinio
415 961 583 1004 Episcopis
610 960 719 994 scribit
744 959 915 993 Liberatus
940 957 1127 991 Diaconus:

247 1014 417 1046 Ordinatus
440 1009 477 1051 est
494 1019 550 1052 pro
576 1013 729 1043 Flaviano
755 1007 928 1041 anatholius
954 1011 1101 1041 Diaconus
1118 1030 1128 1045 ,

243 1071 301 1105 pro
330 1064 443 1094 Domno
474 1064 627 1092 Maximus
647 1083 658 1098 ,
689 1066 745 1099 pro
769 1058 823 1090 1ba
845 1057 1007 1090 Edeffeno
1045 1061 1129 1088 Non-

246 1122 304 1145 nus
328 1134 339 1149 ,
370 1118 426 1150 pro
445 1109 604 1141 Sabiniano
638 1107 806 1141 Parthenii
830 1104 1008 1148 Athanasius
1030 1131 1041 1147 ,
1072 1114 1128 1148 pro

245 1159 422 1194 Theodoreus
436 1168 536 1191 autem
565 1160 599 1191 (θ’
618 1156 742 1199 Eusebio
768 1157 867 1189 nullus
889 1157 1045 1189 ordinatus
1067 1156 1124 1197 est.

246 1208 406 1245 Eusebius
442 1208 525 1241 istud
558 1207 703 1242 nesciens
740 1205 865 1241 videtur
892 1206 980 1240 aliud
1016 1207 1126 1241 Leoni

246 1271 289 1294 ex
310 1268 399 1293 metu
421 1256 624 1303 suggessisse.
650 1257 744 1291 Hinc
768 1257 839 1292 Leo
858 1257 974 1299 scripsit
989 1270 999 1289 .·
1027 1257 1129 1300 Asseri-

247 1318 314 1344 M.

75 984 152 1021 Cap.
168 991 211 1013 η,

439 1629 792 1687 CAPUT
876 1643 943 1686 11.

322 1825 584 1895 Discutiuntur
617 1832 835 1875 Commenta
860 1829 1069 1888 Reverendz'

504 1903 634 1946 Patris
680 1895 877 1965 Paschafii

593 1964 783 2033 Qffiwm
795 2002 807 2014 .

329 2154 494 2191 Aschafius
504 2154 702 2202 Qesnellus
714 2154 848 2192 adducit
873 2156 1016 2200 superins
1028 2155 1142 2191 lauda-

349 2215 381 2241 ta
402 2206 510 2241 Sansti
528 2205 652 2241 Leonis
673 2208 712 2241 ad
724 2205 978 2242 Theodoretum
999 2206 1018 2239 ὲ
1039 2205 1140 2241 Chal-

250 2255 426 2291 cedonenfi
453 2256 592 2299 synodo
620 2256 716 2300 plene
743 2258 926 2291 restitutum
949 2255 1045 2291 verba
1068 2281 1079 2297 ,
1106 2256 1139 2289 &

250 2315 512 2341 commentatur:
541 2305 642 2349 ,Quale
653 2306 755 2348 fuerit
776 2308 853 2339 illud
872 2305 1073 2349 Apostolicae
1089 2307 1139 2340 Se·

250 2355 303 2390 dis
313 2353 471 2398 judicium
484 2378 494 2394 ‚
519 2356 655 2389 simultis
675 2358 713 2390 id
730 2355 882 2399 quaefitum
905 2356 1048 2390 hac‘lenus
1061 2381 1071 2397 ‚
1097 2361 1140 2389 in·

251 2406 309 2448 que
336 2409 442 2438 varias
468 2409 546 2438 itum
571 2402 608 2444 est
629 2403 795 2447 sententias
822 2432 829 2438 .
856 2408 1002 2439 Nonnulli
1023 2407 1146 2448 aliquod

250 2455 306 2489 vel
325 2459 358 2487 in
378 2454 485 2493 synodo
505 2478 516 2494 ,
541 2455 595 2487 vel
615 2457 704 2488 extra
729 2456 871 2495 synodum
891 2458 911 2487 ἃ
939 2456 1044 2489 ,ςαηέῖσ
1067 2459 1142 2489 Leo-

250 2516 290 2539 ne
315 2505 352 2538 de
388 2503 566 2544 restitutione
591 2504 764 2538 Theodoreti
801 2508 956 2540 Decretum
991 2506 1140 2539 conditum

246 2554 337 2598 fuifflt
357 2562 515 2588 autumant
538 2580 549 2596 ,
572 2555 728 2598 postqmim
755 2557 800 2589 ad
822 2566 888 2590 eum
914 2553 1033 2598 causam
1052 2554 1141 2598 suam

248 2613 307 2648 per
327 2605 457 2638 libellum
479 2606 689 2647 appellationis
718 2606 878 2648 detultffet.
905 2606 1012 2639 Verum
1031 2616 1095 2639 cum
1105 2607 1142 2639 de

250 2653 419 2698 hujusmodi
458 2658 581 2689 Decreta
618 2667 655 2689 ne
688 2664 765 2698 apex
791 2657 910 2698 quidem
935 2657 1010 2689 ullus
1045 2664 1138 2698 appa·

204 2729 207 2735 .
253 2714 341 2746 reat,
361 2705 426 2747 five
446 2709 478 2738 in
503 2705 582 2738 Allis
605 2705 884 2747 chalcedonensibus
898 2730 907 2746 ,
928 2705 992 2746 five
1015 2711 1047 2738 in
1068 2708 1138 2739 aliis

252 2766 353 2790 rerum
373 2763 443 2788 tunc
460 2755 608 2798 gestarum
632 2761 821 2789 monimentis
847 2781 857 2797 ‚
892 2766 957 2789 tam
979 2756 1074 2798 facile
1099 2767 1141 2790 re·

251 2804 390 2847 fellitur,
418 2807 510 2847 quam
527 2805 682 2847 profertur
707 2830 713 2838 .
743 2807 803 2839 Alit
824 2807 928 2840 eadem
948 2806 1083 2846 synodali
1106 2818 1141 2840 ac

253 2856 393 2897 judiciali
415 2854 567 2898 sententia
593 2855 806 2889 Theodoretum
833 2856 1000 2897 restitutum
1026 2858 1133 2898 ajunt,

256 2915 317 2946 qua
343 2902 610 2945 Psbudo·5ynodus
650 2905 798 2947 Ephefina
832 2912 867 2939 in
911 2913 1028 2939 irritum
1055 2907 1136 2950 missa

250 2952 362 2996 fuerat
389 2964 396 2983 ε
425 2957 460 2986 In
487 2957 534 2987 illo
563 2957 702 2990 videlicet
725 2954 934 2999 Epist-oporam
959 2960 1134 2998 Conventa,

256 3014 382 3046 quorum
406 3002 518 3036 cincius
545 3011 660 3048 agmine
696 3010 846 3039 Romanus
887 3006 1032 3048 Pontifex
1059 3008 1144 3049 apud

257 3052 401 3086 Sanctum
438 3055 571 3086 Petrum.
597 3058 702 3098 veniffi’
729 3063 760 3089 in
785 3050 928 3099 occursum
955 3058 1144 3090 Valentinla-

257 3109 292 3136 ni
319 3101 435 3146 Augusti
455 3126 466 3142 ,
495 3102 741 3147 Augustarumque
765 3108 870 3150 legitur
897 3113 929 3139 in
956 3106 1077 3149 epistolis
1105 3119 1140 3140 ea

258 3154 296 3187 de
316 3164 348 3186 re
362 3150 481 3195 scriptis
503 3154 545 3185 ad
564 3153 753 3196 >Theodosium
773 3159 987 3198 Imperatorem
1004 3158 1039 3189 de
1064 3157 1143 3189 Atio.

257 3214 325 3237 rum
349 3201 439 3243 hujus
466 3203 660 3237 conciliabuli
684 3216 715 3237 re
728 3206 833 3244 nffone
846 3202 980 3249 {Apud
998 3215 1050 3239 'me'
1069 3208 1141 3240 vero

259 3262 368 3287 certum
393 3251 432 3292 est
457 3253 495 3285 de
518 3251 689 3286 Theodorett
715 3253 803 3297 causa
835 3259 944 3290 nullam
972 3257 1142 3300 interceffiffe

260 3302 437 3347 sententiam
458 3327 467 3342 ‚
488 3301 551 3344 five
577 3312 644 3345 quae
669 3305 689 3335 ἂ
710 3303 770 3346 solo
796 3308 892 3340 Leone
913 3332 923 3348 ,
943 3305 1006 3348 five
1030 3319 1098 3349 quae
1124 3309 1143 3338 ἃ

261 3354 367 3393 synodo
380 3351 418 3394 fit
439 3354 522 3396 m-iffa
547 3377 558 3393 ‚
580 3351 637 3396 sed
661 3353 736 3387 illud
753 3353 932 3396 solummodo
953 3359 1100 3398 judicium
1120 3358 1143 3389 ’ἃ

361 3401 467 3442 christ.
480 3407 558 3446 Lupi
570 3407 668 3446 Opera
681 3406 845 3439 Tom-VIH.

1205 1807 1383 1851 Episcopus
1399 1833 1410 1849 ‚
1435 1808 1470 1842 δε
1493 1807 1709 1851 Apostolicus
1734 1808 1860 1852 Synodi
1885 1807 2020 1847 Praeses,
2045 1807 2091 1841 ita.

1204 1855 1258 1891 hic
1279 1857 1495 1902 gloriofiffimi
1519 1858 1669 1903 Judices,
1697 1859 1783 1894 haud
1805 1859 1903 1895 dubie
1928 1859 2012 1893 mori
2036 1868 2091 1902 per

1204 1906 1348 1950 Legatos
1365 1907 1598 1951 Apostohcm,
1623 1910 1798 1945 voluerunt
1823 1909 1938 1945 deferri
1961 1908 2092 1951 plenam

1204 1956 1415 1989 reverentiam
1426 1967 1524 2000 atque
1533 1958 1756 1994 obedientiam
1766 1958 2095 1994 revestitoriisDecre·

1205 2006 1246 2037 tis
1258 2005 1405 2038 Romani
1415 2005 1591 2042 Pontificis
1603 2034 1609 2040 .
1623 2009 1666 2042 Et
1680 2008 1856 2053 utrobique
1869 2008 2095 2043 obtinuerunt.

1207 2053 1249 2086 Et
1269 2052 1354 2087 istud
1374 2052 1604 2097 Apostolicum
1616 2056 1777 2091 Romanae
1803 2058 2034 2101 appellationis
2060 2058 2096 2090 &

1207 2101 1352 2136 Romani
1373 2102 1550 2139 Pontificis
1571 2106 1625 2149 Jus
1644 2106 1844 2141 Sardicenses
1867 2107 2024 2141 Canones
2035 2106 2096 2139 sta-

1207 2151 1392 2187 bilierunt.
1421 2153 1525 2188 Porro
1566 2167 1608 2189 an
1635 2157 1766 2191 Sanctus
1803 2157 1875 2191 Leo
1901 2155 2099 2190 Theodore-

1207 2212 1279 2238 tum
1303 2203 1338 2237 in
1367 2205 1439 2245 sua,
1470 2217 1534 2249 qua
1561 2203 1714 2249 Ephefini
1733 2207 1914 2241 Latrocinii
1938 2208 2019 2240 Acta
2038 2208 2098 2239 cir-

1207 2253 1382 2288 cumduxit
1398 2278 1408 2294 ‚
1435 2254 1588 2289 Romana
1610 2257 1747 2299 Synodo
1775 2281 1786 2297 ,
1814 2269 1853 2290 an
1878 2268 1933 2300 per
1957 2257 2098 2300 fingula·

1208 2315 1239 2337 re
1266 2304 1446 2338 Decretum
1476 2305 1672 2339 revestiverit
1700 2331 1710 2346 ‚
1736 2306 1780 2339 est
1808 2307 1909 2351 digna
1941 2307 2096 2349 inquifitu

1209 2354 1342 2397 quaesiio
1370 2379 1377 2386 .
1418 2354 1495 2397 Ejus
1522 2355 1678 2389 resolutio
1706 2357 1750 2389 rei
1781 2357 1927 2399 ptaesenti
1956 2368 2024 2389 non
2050 2356 2097 2389 est

1210 2403 1380 2438 neceffaria
1408 2428 1414 2436 .
1460 2403 1634 2450 Quidquid
1671 2406 1710 2438 sit.
1731 2430 1742 2445 ,
1769 2416 1893 2440 certum
1932 2418 1969 2439 ac
1995 2406 2098 2439 mani-

1209 2453 1326 2488 festum
1353 2453 1398 2487 est
1426 2452 1531 2496 ipsum
1567 2454 1659 2488 fuiffe
1699 2454 1886 2489 revestitum
1910 2479 1921 2494 ‚
1956 2455 2097 2498 ideoque

1210 2502 1424 2538 Chalcedone
1445 2503 1618 2537 admissum
1650 2504 1690 2538 ad
1714 2505 1840 2546 Synodi
1864 2505 2093 2547 participium.

1210 2551 1323 2601 Qare
1347 2552 1506 2587 secundus
1527 2554 1557 2588 ὅ(
1574 2554 1710 2599 insignis
1736 2564 1823 2588 error
1843 2554 1889 2588 est
1910 2554 1944 2587 in
1967 2553 2019 2588 his
2031 2566 2097 2588 ver-

1211 2603 1282 2637 bis.-
1310 2604 1400 2645 Apud
1417 2615 1463 2636 me
1484 2613 1596 2637 certum
1619 2604 1656 2643 est
1679 2605 1716 2638 de
1728 2603 1901 2638 Theodorei}
1921 2603 2010 2647 causa
2035 2605 2099 2638 nul-

1210 2656 1273 2687 lam
1297 2654 1469 2697 interceffiffi
1483 2652 1666 2696 sententiam
1691 2678 1702 2694 ,
1722 2654 1787 2696 five
1806 2666 1874 2698 quae
1896 2656 1915 2687 a
1935 2653 1996 2697 solo
2018 2658 2097 2689 Leo·-

1211 2715 1270 2743 ne,
1288 2702 1353 2745 five
1374 2715 1442 2746 quae
1461 2705 1481 2735 ὰ
1501 2706 1607 2743 synodo
1625 2703 1663 2746 fit
1681 2705 1798 2748 emiffa.

1261 2754 1398 2788 Tertius
1422 2766 1509 2788 error
1533 2754 1577 2787 est
1603 2754 1634 2787 in
1661 2753 1711 2789 his
1734 2755 1854 2789 verbis:
1885 2756 1946 2788 sed
1965 2756 2042 2788 illud
2053 2754 2099 2797 so-

1211 2805 1354 2838 lummodo
1384 2805 1531 2845 judicium
1560 2806 1578 2836 ἃ
1616 2807 1713 2839 Leone
1745 2810 1961 2839 commemorari
1985 2829 1996 2845 ‚
2023 2805 2101 2847 quod

1212 2860 1419 2888 communionis
1453 2856 1561 2888 litteris
1597 2855 1801 2889 continebatur
1829 2880 1836 2887 .
1877 2855 1998 2889 lterum
2030 2866 2098 2889 rem

1214 2906 1383 2948 profitetur
1404 2904 1615 2938 Reverendus
1639 2905 1693 2938 ille
1719 2904 1815 2941 Pater
1837 2929 1847 2944 ‚
1874 2906 1907 2939 <St
1933 2916 2027 2939 voces
2046 2915 2099 2938 ne-

1212 2965 1296 3000 gat.
1326 2954 1461 2988 Etenim
1498 2954 1745 2989 communionis
1777 2956 1890 2989 litterae
1923 2967 1990 2989 non
2023 2956 2098 2988 sunt

1213 3005 1302 3039 aliud
1328 3028 1339 3044 ,
1368 3005 1466 3047 quam
1497 3005 1609 3038 littera:
1645 3004 1879 3040 Revestitionis
1903 3029 1914 3045 ‚
1938 3017 2008 3048 quae
2029 3005 2098 3038 fieri

1213 3067 1280 3089 non
1302 3055 1405 3098 potest
1430 3054 1496 3088 fine
1517 3055 1670 3089 examine
1693 3055 1727 3089 ἀ
1753 3055 1896 3099 Judicio.
1928 3056 2033 3089 Lucet
2055 3065 2098 3088 ex

1214 3105 1484 3148 Apostolicorum
1531 3104 1733 3150 Legatorum
1784 3106 1935 3150 suffragio
1970 3129 1980 3145 ,
2030 3116 2096 3147 quo

1215 3154 1421 3189 Theodoreti
1458 3155 1587 3188 causam
1622 3154 1837 3190 Chalcedone
1874 3154 2095 3193 definierunt,

1215 3217 1251 3240 ac
1270 3205 1372 3248 ipsum
1394 3204 1489 3247 plene
1510 3215 1718 3248 repararunt:
1749 3207 1796 3239 55.
1809 3203 1981 3248 Episcopum
2007 3203 2097 3236 Theo-

1215 3258 1343 3289 doretum
1371 3255 1554 3295 Beatissimus
1580 3254 1739 3298 Episcopus
1775 3259 1834 3289 Leo
1865 3261 1897 3287 in
1922 3259 2097 3286 communio-

1215 3318 1280 3340 nem
1302 3303 1428 3349 suscepit
1456 3329 1463 3336 .
1490 3304 1618 3338 Dicunt
1647 3304 1729 3339 istud
1760 3306 1864 3349 ipsum
1890 3328 1901 3343 ,
1940 3302 2028 3346 quod
2057 3303 2092 3335 in

1215 3356 1316 3400 prima
1331 3355 1473 3389 Anione
1494 3352 1643 3390 dixerant
1662 3355 1796 3398 gloriosi
1819 3354 1964 3397 Iudices:
1994 3355 2036 3383 Ei
2051 3362 2095 3385 re-

1601 3404 1632 3437 G
1657 3416 1681 3449 g
1733 3417 1754 3441 2
1949 3401 2046 3442 stituit
