2326 3718
714 165 997 212 Rouams
1031 160 1610 210 Artena-ftomam.

241 255 310 292 fiio
322 265 388 290 non
400 251 539 297 pepercit
549 275 562 292 ,
587 248 639 285 sed
650 250 748 286 etiam
768 250 805 284 in
816 260 891 285 eum
911 247 1039 285 latravit
1052 250 1117 284 De·

243 303 444 353 gradationis
467 302 721 337 contumeliam.
749 300 898 335 Eandem
918 300 960 334 ab
980 300 1036 334 illa
1048 310 1116 343 gra-

242 357 325 390 tiam
347 353 458 388 retulit
480 352 680 398 Protogenes
703 351 893 386 sardicensis
916 349 1096 394 Episcopus
1108 373 1119 390 ‚

225 423 227 425 >
241 403 336 448 quod
347 403 492 438 Hosium
504 403 539 437 in
551 402 673 437 cunetis
681 399 939 435 eonstantiffime
949 397 1120 442 adjuvisset.

242 454 292 488 Et
307 454 480 488 adsuerunt
497 451 604 489 cuncti
618 450 774 486 Primates
797 450 1001 493 Illyricorum
1023 450 1120 483 Anti-

241 503 333 539 flites
346 530 353 536 .
379 504 425 538 Et
436 503 583 544 Sardica,
609 500 735 545 Synodi
746 501 839 536 locus
851 526 863 542 ‚
882 500 928 536 est
937 510 1005 534 non
1018 508 1123 541 extress

244 565 299 589 ma
313 553 513 598 Metropolis
523 553 612 587 istius
629 551 818 586 Dioeceseos
827 577 834 584 .

244 612 298 639 tur
310 605 468 639 Romanz
482 601 716 646 appellationes
728 626 739 642 ,
765 600 934 646 quomodo
955 597 1122 634 Sardicen-

245 653 286 689 sis
296 653 462 699 disciplina
472 651 592 696 poffint
604 651 675 686 istic
686 663 754 686 non
768 651 928 697 viguisse?

294 703 335 739 ln
345 703 432 739 tertii
442 701 517 736 libri
527 702 624 736 tertio
634 701 738 745 capite
749 701 916 736 Dominus
927 695 1123 741 Archi-Epi·

240 755 361 799 scopus
380 751 446 787 haec
460 751 570 787 scribit
581 765 591 784 τ
615 751 882 785 Praetermittenda
894 760 952 783 non
970 747 1008 788 est
1027 752 1124 780 cano-

243 814 317 838 num
328 801 465 836 eollec‘iio
473 827 484 843 ‚
512 810 580 846 quie
592 807 625 835 in
638 806 855 845 quinquaginta
871 799 972 833 titulos
982 797 1124 838 distribu-

241 861 278 889 τι
290 876 303 894 ,
327 852 500 887 Theodoreti
522 850 648 893 Cyrenfis
669 850 808 894 Episcopi
836 855 951 889 nomine
973 848 1067 891 exstat
1093 852 1126 880 in

241 901 443 945 manuscripto
454 903 561 936 Codice
578 901 768 934 Bibliothecae
779 904 901 943 Regiae«.
929 903 1010 931 Eam
1032 898 1125 929 Colle-

243 953 370 986 ffionem
385 955 419 998 J
420 962 530 986 oannes
555 949 743 989 scholasticus
760 947 943 982 Patriarcba
959 946 1126 986 Constanti-

242 1003 431 1044 napolitano:
442 1023 453 1039 ,
480 997 713 1043 quiJuflinIam'
724 998 903 1040 temporibus
920 996 1020 1038 floruit
1030 1020 1041 1036 ‚
1067 996 1126 1029 col-

240 1052 352 1084 latione
371 1048 488 1092 legum,
511 1046 571 1091 sed
577 1046 745 1090 praesertIm
757 1047 943 1081 novellarum
954 1045 1127 1087 constitutio-

240 1109 314 1134 num
332 1097 465 1142 ejusdem
486 1099 636 1138 Principis
648 1121 660 1138 ,
686 1097 731 1130 ad
743 1096 874 1141 fingulos
894 1098 992 1131 titulos
1019 1097 1129 1128 addita

240 1153 368 1184 ornavit
380 1172 387 1179 .
414 1147 497 1180 Unde
503 1145 641 1190 sequitur
660 1145 738 1180 hanc
749 1145 1130 1192 Collec‘lionemJustiniani

240 1205 362 1240 tempus
376 1196 543 1240 anteceffiffe
554 1222 565 1237 ‚
591 1205 684 1239 atque
694 1198 770 1230 adeo
781 1203 922 1240 temporis
936 1202 1079 1230 rationem
1089 1201 1130 1229 eis

237 1245 403 1292 suffiagari
413 1272 424 1288 ,
439 1253 491 1289 qui
502 1246 674 1281 Theodorei}
679 1246 840 1291 genuinum
850 1248 902 1291 effe
912 1255 983 1289 opus
996 1245 1114 1289 censent
1123 1271 1130 1278 .

243 1299 349 1342 ,Quam
359 1298 407 1330 ille
420 1297 466 1330 ad
473 1295 556 1340 usum
562 1303 721 1339 privatum
725 1296 921 1341 studiosorum
931 1301 1132 1335 concinnavit,

242 1356 279 1381 ut
286 1351 321 1381 in
332 1354 483 1382 numerato
495 1346 639 1381 baberent
650 1350 786 1379 Canones
798 1358 896 1380 omnes
903 1371 914 1387 ,
927 1353 979 1389 qui
991 1347 1034 1379 ad
1043 1357 1132 1378 unum

242 1401 354 1442 negotii
370 1407 467 1440 genus
488 1396 659 1438 referuntur
679 1419 687 1427 .
715 1393 870 1431 Affirmat
892 1396 1050 1440 quosdam
1071 1397 1133 1430 esse

240 1447 396 1491 oppositae
409 1447 575 1481 sententiae
587 1470 598 1486 ,
624 1447 658 1481 δε
669 1446 801 1481 adducit
813 1457 925 1481 eorum
939 1446 1134 1480 fundamen-

244 1505 280 1531 ta
292 1519 300 1527 .
325 1497 407 1530 Hoc
418 1495 464 1530 est
476 1494 609 1530 tertium
626 1508 633 1527 :
659 1498 763 1529 Tertia
775 1495 861 1538 causa
868 1501 983 1536 petitur
1006 1497 1026 1527 ἃ
1038 1500 1133 1527 cano-

242 1544 334 1579 uibus
346 1544 565 1587 sardicenfibus
577 1568 588 1585 ‚
613 1554 683 1587 quos
694 1548 795 1578 Graeci
807 1556 866 1577 non
879 1542 1026 1587 admisere
1036 1548 1068 1575 in
1080 1554 1135 1576 ve-

243 1599 305 1631 !eri
314 1594 485 1628 collectione
495 1620 503 1626 .
531 1595 576 1628 Et
587 1593 627 1628 ad
639 1594 704 1628 hoc
716 1602 947 1638 argumentum
966 1592 1136 1643 Dominus

246 1642 552 1685 Archi-Episcopus
565 1642 758 1684 respondet:
786 1646 898 1684 Aperta
908 1642 946 1680 est
957 1648 1036 1674 ratio
1048 1665 1060 1681 ‚
1084 1653 1136 1675 cur

242 1688 446 1726 &theodoretus
471 1693 491 1724 5
492 1689 659 1734 ardicenses
682 1693 819 1724 canones
834 1698 867 1724 in
883 1689 910 1733 s
903 1702 973 1724 uam
984 1690 1137 1724 Colledlio-

246 1753 316 1777 riem
339 1741 514 1783 conjecerit.
542 1745 663 1782 Nempe
682 1742 762 1783 quod
779 1742 853 1774 Sede
873 1738 929 1783 sua
953 1743 974 1773 ἃ
1001 1738 1136 1783 Diofioro

247 1792 454 1826 Alexandrino
474 1796 506 1824 in
529 1791 637 1830 synodo
658 1789 809 1832 prefina
828 1789 958 1833 secrmda
973 1789 1137 1833 depulsus,

247 1849 348 1884 mm
370 1844 527 1874 canonum
548 1840 683 1883 beneficio
701 1839 770 1884 usus
779 1865 792 1881 ‚
820 1843 841 1874 5
842 1842 926 1875 edem
950 1838 1135 1883 Apostolicam

247 1891 420 1935 'appellavit
434 1915 445 1932 ,
469 1892 504 1925 ό*
526 1892 547 1924 ἃ
569 1894 663 1925 Leone
682 1896 716 1923 in
735 1896 962 1924 communionem
976 1898 1114 1933 receptus
1126 1914 1137 1930 ,

252 1938 483 1985 episcopalique·
496 1941 648 1985 ,dignitati
670 1940 819 1982 restitutus
833 1965 844 1983 ‚
870 1945 1062 1983 Imperatoris
1079 1943 1139 1973 De-

250 2000 330 2026 mto
340 2016 352 2033 ,
377 1989 772 2036 &synodichalcedonenſss
791 1991 1140 2036 irretrafflabilijudicio

248 2039 440 2084 ·hcumsuum
451 2041 579 2075 obtinuit
594 2067 601 2074 .
626 2043 731 2086 ,Quare
743 2041 824 2075 nihil
830 2043 916 2075 aliud
932 2044 952 2074 ἃ
965 2040 1140 2074 Theodoreio

251 2089 486 2133 exspedlaendum
497 2097 581 2130 erat,
607 2102 698 2133 quam
719 2100 753 2124 ut
772 2091 947 2125 canonibus
969 2087 1140 2129 Saralicenfi-

252 2139 311 2172 bus
324 2138 507 2182 recensendis
518 2140 676 2184 benignum
690 2138 723 2182 se
739 2139 895 2181 praestaret
911 2165 918 2172 .
944 2139 1042 2174 Istam
1054 2139 1140 2172 Col-

255 2188 434 2223 {ectionem
449 2187 679 2224 :Theodoreto
700 2188 888 2224 adscribunt
899 2189 999 2224 etiam
1014 2189 1047 2222 in
1061 2187 1144 2222 Dis·

250 2238 430 2272 scitatione
442 2237 485 2271 de
494 2236 693 2272 primatibus
705 2239 846 2282 Joannes
855 2239 1010 2273 Morinus
1020 2263 1032 2279 ,
1057 2238 1091 2272 δε
1107 2238 1143 2271 in

250 2286 378 2322 selectis
387 2286 428 2321 de
438 2286 512 2331 Jure
524 2287 700 2322 Canonico
712 2287 999 2322 Dissertationibus
1011 2286 1141 2320 Franci-

250 2337 327 2371 scus
336 2336 473 2371 Florens
485 2350 497 2370 .-
524 2335 596 2371 Alii
616 2346 728 2372 tamen
751 2338 887 2373 censent
907 2336 1117 2382 posteriorem
1131 2360 1142 2377 ,

253 2387 288 2421 δε
298 2386 359 2421 esse
370 2386 387 2420 a
399 2386 720 2430 IoannePatriarcha
733 2410 744 2420 .

252 2458 258 2469 <
305 2435 478 2484 Qudquid
489 2435 544 2477 sit,
574 2437 743 2471 Dominus
755 2435 1054 2480 Archi-Episcopus
1067 2436 1144 2470 fate-

254 2494 308 2522 tur
332 2486 570 2521 sardicensium
594 2486 774 2521 Canonum
793 2487 883 2521 usum
897 2487 960 2521 effe
971 2486 1145 2528 antiquum

251 2536 341 2580 apud
354 2535 543 2571 Orientales
552 2561 560 2568 .
589 2535 634 2571 Et
646 2536 717 2580 jure
726 2535 855 2571 merito.
882 2536 1017 2571 Etenim
1028 2534 1144 2570 Orien-

251 2586 373 2621 talium
395 2583 595 2620 Antistitum
617 2587 775 2621 Romanae
792 2586 1028 2630 appellationes
1049 2584 1145 2619 nobis

254 2645 448 2681 pepererunt
463 2634 541 2671 istos
552 2634 709 2671 Canones
725 2661 733 2669 .
759 2637 804 2671 Et
814 2637 904 2680 quod
917 2636 1003 2680 ipsos
1012 2636 1146 2671 Sanetus

255 2683 454 2731 Athanasius
465 2686 533 2720 non
547 2697 604 2730 per
615 2687 717 2721 solam
730 2686 920 2731 AEgyptum
930 2709 943 2727 ,
970 2685 1024 2720 sed
1046 2684 1144 2720 etiam

253 2734 343 2780 apud
379 2735 650 2778 Hierosolymam
677 2736 887 2780 Synodaliter
906 2735 1121 2780 publicaverit
1130 2757 1141 2775 ‚

253 2785 302 2821 est
313 2785 470 2820 omnibus
482 2794 608 2821 notum.
635 2786 777 2820 Eosdem
788 2785 942 2821 subscribi
953 2784 1030 2820 fecit
1040 2784 1105 2820 acu
1111 2796 1144 2818 n-

252 2836 315 2871 stis
326 2834 518 2871 melioribus
529 2836 676 2872 orientis
694 2833 864 2881 Episcopis
875 2861 883 2869 .
911 2834 1016 2884 Qod
1038 2836 1143 2880 ipsum

257 2885 397 2920 omnino
419 2886 566 2921 fecerunt
592 2884 767 2921 Marcellus
779 2885 976 2930 Ancyranus
985 2912 997 2929 ‚
1022 2886 1144 2921 Lucius

260 2933 593 2971 Adriano-politanus
611 2959 624 2976 ,
651 2936 805 2981 Asclepas
830 2937 985 2971 Gazenfis
1013 2935 1143 2980 Episco-

260 2993 321 3026 pus
330 3006 341 3024 ,
365 2986 484 3030 aliique
494 2995 609 3021 omnes
620 2987 756 3030 reparati
771 2989 826 3031 'per
841 2986 935 3021 istam
946 2986 1118 3030 synodum
1133 2992 1151 3019 .’

261 3031 382 3068 Paulus
394 3035 783 3081 Constantinopolitanus
804 3038 908 3071 facere
931 3046 999 3069 non
1013 3036 1122 3080 potuit
1133 3032 1151 3075 ,'

260 3083 419 3126 quoniam
429 3085 463 3119 in
476 3085 565 3120 istius
576 3087 703 3131 Synodi
716 3087 831 3122 odium
855 3087 920 3121 fuit
940 3086 983 3121 ab
996 3084 1143 3121 Eusebia-

261 3132 314 3166 nis
327 3133 497 3168 suffocatus
509 3136 544 3171 in
557 3135 674 3173 balneo
684 3160 693 3170 .
719 3137 815 3181 Juxta
830 3136 907 3172 istos
918 3136 1073 3171 Canones
1086 3136 1143 3170 Pe-

262 3189 333 3216 trus
344 3181 585 3219 Alexandrinus
595 3210 607 3227 ,
633 3187 701 3230 ejus
711 3188 877 3223 Successor
902 3187 1042 3231 Joannes
1051 3185 1143 3222 Tha-

264 3231 328 3274 laja
340 3256 351 3274 ,
377 3232 546 3267 Maximus
557 3234 945 3282 constaminopolitanu's
953 3261 965 3278 ‚
991 3237 1058 3281 ejus
1068 3238 1142 3272 Suc-

263 3282 398 3316 cessor&
418 3307 430 3322 ,
467 3280 601 3318 88ῠᾶᾰί
616 3286 770 3329 ¹·Jo'aunes
792 3287 1049 3332 Chrysostomus
1071 3312 1082 3329 ,
1108 3288 1142 3322 ἀ

265 3331 401 3370 Sentius
412 3332 615 3383 Flavianusj-
628 3333 810 3372 'Eutherius
819 3337 1029 3382 Thyanensis
1041 3362 1050 3379 ‚
1062 3337 1140 3371 Hel-

265 3380 371 3415 ladius
388 3381 603 3425 Tharsensis}
619 3382 856 3422 Fsheodoretus
877 3389 1049 3430 Cyrensis,
1077 3387 1139 3422 Eu·

267 3430 372 3467 sebius
384 3432 601 3476 Dorylaeensis
611 3457 622 3474 ,
648 3434 768 3478 aliique
777 3434 876 3482 longe
885 3438 989 3481 plures
1003 3436 1139 3481 Episco-

312 3504 316 3509 -
366 3480 476 3522 christ.
486 3486 566 3527 Lupi
577 3487 720 3527 operar.
736 3489 818 3519 VIII.

859 547 1042 598 Qomodo
1063 548 1122 592 igi·
1147 552 1151 554 “

1897 168 1995 223 123'

1178 246 1211 291 pi
1222 245 1425 292 appellarunt
1438 245 1582 280 Romam
1595 270 1605 286 ‚
1617 248 1651 281 ὅ(
1662 246 1875 293 impetrarunt
1886 251 1976 285 suam
1987 261 2059 284 cau-

1181 299 1246 332 sam
1262 297 1420 331 retratiari
1431 322 1439 329 .
1465 296 1613 340 Magnus
1624 296 1709 339 Papa
1721 299 1792 334 Leo
1804 324 1816 340 ,
1841 300 1922 334 dum
1942 300 1984 335 ab
1997 300 2061 335 Im.

1181 355 1327 392 peratore
1348 346 1544 381 Theodosio
1567 345 1743 389 postulavit
1761 349 1910 385 adversus
1931 349 2062 395 Ephesi-

1182 408 1262 432 num
1272 397 1499 433 Latrociniurn
1510 397 1580 431 fieri
1591 407 1712 430 novam
1734 397 1903 440 Synodum
1914 425 1926 441 ,
1952 400 2064 444 adjun-

1182 448 1232 482 xit
1245 450 1355 484 causas
1369 463 1380 482 .-
1407 450 1491 492 ,Quia
1500 445 1586 487 nostri
1597 450 1704 491 Legati
1708 446 1836 490 fideliter
1845 449 2064 496 reclamarunt2,

1185 499 1219 532 Za·
1229 496 1337 541 eisdem
1350 498 1479 533 libellum
1489 497 1699 541 appellationis
1713 497 1888 530 Flavianus
1900 499 2065 542 Episcopus

1184 549 1285 581 dedit.
1312 549 1356 583 Et
1369 549 1438 593 post
1453 548 1600 592 quaedam
1615 561 1626 581 .·
1652 549 1757 591 Quam
1776 555 1875 581 autem
1892 547 1954 589 post
1965 551 2067 591 appel-

1185 596 1325 633 lationem
1337 598 1536 641 interpositam
1546 597 1598 631 boc
1606 598 1756 641 necessario
1762 596 1920 640 postuletur
1931 621 1942 637 ,
1969 603 2067 630 Cano·

1185 659 1255 682 num
1269 654 1386 683 Nicaeae
1411 648 1577 683 habitorum
1587 651 1714 682 Decreta
1734 647 1899 689 testantur,
1922 646 2069 691 qua-sub-

1185 705 1231 730 ter
1251 711 1374 733 annexa
1395 698 1486 743 sunt.
1516 700 1561 734 Et
1585 697 1761 733 subnexuit
1780 698 2001 734 sardicensem
2028 697 2072 731 de

1188 747 1348 784 Romanis
1360 747 1635 793 appellationibus
1647 749 1819 783 Cauonem
1831 773 1839 781 .
1866 747 1972 797 Qod
1983 757 2071 782 nem·

1189 808 1227 841 pe
1236 797 1330 833 sciret
1342 800 1446 843 ipsum
1456 809 1525 833 non
1539 798 1712 832 dumtaxat
1722 810 1800 833 curn
1822 800 1916 833 omni
1926 808 2073 833 reveren-

1189 848 1234 882 tia
1245 848 1354 893 vigere
1367 849 1400 884 in
1412 848 1575 884 Orientali
1590 847 1730 882 Ecclesia
1745 873 1756 888 ‚
1781 849 1836 883 sed
1854 849 1954 883 etiam
1976 846 2073 883 habe-

1186 898 1212 931 ri
1226 909 1283 941 pro
1298 898 1453 934 Nicaeno.
1482 898 1543 933 Per
1560 897 1678 933 verba:
1705 899 1812 941 ,Quam
1832 907 1931 932 actem
1952 897 2003 931 hoc
2024 907 2075 930 ne-

1189 948 1303 991 ceffario
1325 949 1481 991 postuletur
1497 973 1509 990 ,
1535 949 1686 983 asseverat
1705 949 1796 982 suam
1818 948 2075 992 postulationem

1188 998 1250 1030 effe
1278 1009 1344 1030 non
1361 999 1570 1033 solummodo
1586 996 1833 1040 rationabilem,
1864 995 1918 1032 sed
1932 995 2076 1032 omnino

1189 1047 1288 1081 talem
1299 1070 1311 1087 ‚
1337 1048 1392 1080 cui
1406 1058 1475 1081 non
1488 1049 1583 1090 poffit
1596 1060 1665 1082 non
1679 1045 1780 1083 annui
1792 1074 1800 1081 .
1831 1046 1935 1095 Qod
1959 1056 2081 1089 nempe

1190 1097 1325 1131 istorum
1350 1097 1532 1132 Canonum
1554 1096 1734 1132 authoritas
1745 1095 1846 1133 etiam
1858 1097 1949 1142 apud
1960 1097 2080 1132 Orien-

1190 1146 1271 1181 tales
1293 1147 1370 1180 esset
1393 1146 1642 1191 irrefragabilis.
1671 1146 1799 1180 Eodem
1824 1149 1914 1181 sensu
1937 1146 1979 1182 ad
1999 1158 2081 1180 eun-

1191 1197 1265 1230 dem
1278 1194 1511 1231 Theodosium
1522 1195 1640 1239 scripsit
1657 1206 1716 1239 pro
1727 1194 1838 1229 eadem
1851 1199 1946 1230 causa
1957 1197 2083 1230 Valen-

1193 1247 1338 1281 tinianus
1349 1248 1465 1280 tertius
1480 1247 1659 1289 imperator
1670 1269 1681 1285 ‚
1708 1244 1799 1289 quod
1809 1246 1944 1279 Sanctus
1955 1246 2083 1279 Flavia-

1194 1307 1254 1330 nus
1272 1294 1433 1339 secundum
1456 1297 1654 1330 Consiliorum
1662 1293 1881 1338 solemnitatem
1890 1294 2082 1337 appellaffet.

1193 1346 1347 1382 Omnino
1367 1345 1529 1391 intelligit
1541 1345 1730 1381 Sardicense
1742 1345 1934 1380 Concilium
1946 1370 1957 1386 ‚
1984 1354 2084 1387 atque

1194 1398 1240 1431 ita
1261 1396 1399 1431 affirmat
1424 1397 1531 1439 ipsum
1552 1395 1688 1441 viguisse
1704 1406 1758 1440 per
1774 1406 1877 1430 omne
1889 1396 2086 1430 Romanum

1195 1446 1372 1490 imperium
1384 1471 1391 1478 .
1419 1446 1519 1491 Piget
1545 1457 1582 1481 ac
1594 1445 1712 1480 durum
1724 1445 1770 1480 est
1783 1446 1820 1480 in
1830 1456 1878 1480 res
1890 1444 2013 1479 lucidas
2031 1455 2090 1477 ex-

1196 1496 1336 1539 pendere
1354 1507 1508 1547 tempus,
1532 1496 1625 1541 cujus
1649 1506 1749 1531 nemo
1760 1505 1858 1541 queat
1879 1504 2022 1540 reparare
2042 1493 2084 1536 ja-

1195 1547 1315 1579 &uram
1327 1571 1334 1577 .

1245 1594 1356 1640 Pergit
1376 1595 1546 1630 Dominus
1559 1594 1860 1640 Archi—Episcopus
1885 1596 1927 1631 ad
1945 1593 2089 1629 Gallicai

1196 1656 1273 1678 nam
1285 1644 1489 1679 Ecclesiam.-
1516 1643 1733 1688 Inspiciendum
1762 1656 1838 1679 nunc
1862 1644 1922 1686 est,
1947 1654 2088 1688 quaenana

1188 1693 1289 1734 fuerIt
1300 1693 1437 1733 Ecclefiae
1449 1695 1615 1726 Gallicanae
1628 1699 1740 1734 praxis
1750 1699 1782 1727 in
1801 1697 1983 1737 peragendis
1988 1698 2022 1739 J
2023 1695 2088 1727 udi·
2102 1708 2244 1745 L7gd9g

1197 1747 1253 1776 ests
1278 1746 1437 1775 canonicis
1450 1742 1674 1785 'Epist-'operum
1683 1741 1738 1784 sub
1747 1748 1852 1784 prima
1862 1746 1973 1786 Regum
1984 1743 2090 1782 nostro-

1197 1803 1263 1825 rum
1287 1791 1423 1832 Dynastia
1435 1817 1442 1823 .
1459 1795 1650 1836 -Argumento
1665 1790 1819 1834 sequentia
1845 1800 1930 1826 erunt
1950 1797 2088 1826 Canones

1200 1841 1388 1885 Sardite-nses
1410 1848 1442 1876 in
1462 1840 1516 1885 usu
1536 1851 1601 1876 tum
1606 1841 1698 1885 fuisse
1711 1844 1798 1884 apud
1810 1844 1909 1877 Gallos
1926 1867 1933 1875 .
1959 1845 2091 1882 synodus

1197 1898 1297 1934 itaque
1320 1895 1490 1926 Provincia
1499 1893 1655 1933 dejiciebat
1666 1891 1829 1936 Episcopos
1844 1919 1851 1926 .
1878 1895 1991 1927 sivero
2013 1897 2090 1926 Pon-

1198 1942 1278 1984 tifex
1292 1945 1444 1975 Romanus
1456 1942 1683 1985 appellabatur,
1714 1947 1742 1975 is
1755 1943 1916 1976 retraetari
1925 1943 2043 1986 causam
2054 1950 2089 1976 in

1201 1995 1361 2026 Provincia
1379 1992 1511 2033 jubebat
1533 2017 1546 2034 ,
1565 1990 1596 2034 fi
1625 1997 1670 2025 ita
1695 1994 1834 2035 expedire
1866 1993 2090 2027 arbitraretur.

1200 2043 1350 2084 Exemplo
1373 2048 1432 2076 erit
1454 2040 1542 2085 causa
1566 2041 1775 2085 Contumelias?
1783 2041 1925 2086 Episcopi
1935 2042 2089 2085 ReJ'ensis,

1201 2103 1286 2134 quem
1296 2098 1329 2125 in
1336 2093 1429 2134 plena
1438 2093 1545 2133 synodo
1554 2092 1732 2126 damnatum
1757 2091 1834 2135 Caes
1826 2099 1910 2128 arius
1936 2095 2092 2128 Arelaten-

1196 2140 1236 2182 fis
1248 2140 1424 2183 Episcopatu
1435 2146 1529 2175 movit
1540 2166 1547 2174 .
1575 2142 1664 2185 Miffa
1676 2142 1745 2175 dein
1758 2143 1861 2176 relatio
1874 2144 1918 2176 ad
1927 2146 1961 2188 J
1962 2155 2089 2178 oannem

1197 2189 1359 2234 s‘ecundum
1371 2191 1545 2234 Pontificem
1555 2215 1567 2232 ,
1593 2192 1797 2234 quiJudicium
1807 2192 1884 2226 illud
1898 2194 2089 2236 confirmavit

1202 2242 1286 2274 datis
1304 2241 1413 2274 litteris
1433 2243 1479 2275 ad
1498 2239 1660 2285 Epiftopos
1682 2243 1793 2276 Galliae
1819 2267 1826 2274 .
1855 2246 1994 2277 Attamen
2019 2254 2091 2286 quo-

1203 2295 1285 2323 niam
1304 2289 1535 2334 Contumeliosus
1553 2284 1773 2333 provocaverat
1783 2292 1827 2325 ad
1836 2294 1857 2326 5
1857 2295 1941 2327 edem
1954 2293 2090 2335 Apostoli·

1202 2351 1268 2373 cam
1281 2365 1291 2381 ,
1317 2342 1469 2384 Agapetus
1490 2343 1580 2382 Papa
1587 2346 1730 2384 pracepit
1745 2340 1864 2384 causam
1887 2344 1954 2384 eJ’us
1965 2344 2002 2376 de
2013 2349 2090 2378 inte-

1197 2402 1252 2433 gro
1272 2395 1442 2424 examinari
1464 2391 1657 2434 aJudicibus
1668 2391 1844 2436 delegandis
1858 2397 1891 2426 in
1902 2395 2090 2434 ProvincIa,

1195 2442 1292 2480 Juxta
1306 2442 1446 2474 canones
1457 2465 1469 2482 ,
1495 2439 1681 2484 sardicenses
1707 2443 1849 2474 nimirt'cm
1863 2466 1874 2482 ‚
1899 2451 1934 2475 ut
1940 2441 2090 2484 patetieea

1202 2489 1304 2523 verbis
1315 2489 1440 2531 epffloiae
1453 2493 1581 2533 Agapeti
1591 2491 1635 2521 ad
1644 2489 1810 2532 Caesarium
1820 2514 1841 2522 ..
1853 2491 2002 2526 Adducit
2020 2503 2090 2527 vet-
2114 2508 2117 2511 ·

1203 2538 1244 2573 ba
1254 2537 1397 2582 epistolae
1407 2539 1442 2573 ὃς
1456 2539 1656 2583 prosequitur
1665 2552 1677 2573 .·
1703 2541 1758 2572 Ex
1771 2538 1826 2572 bac
1836 2541 1944 2574 ultima
1953 2539 2088 2585 clausula

1202 2587 1339 2632 disctmus
1356 2587 1456 2632 sblitos
1478 2590 1533 2623 illa
1555 2588 1724 2632 tempestate
1739 2588 1898 2632 Episcopos
1914 2593 2090 2625 Gallicanos

1202 2645 1307 2682 exequi
1327 2637 1507 2682 sententiam
1520 2636 1699 2680 depqfitionis
1713 2663 1725 2679 ,
1750 2639 1867 2681 tametsi
1874 2640 1914 2672 ab
1936 2652 1973 2675 ea
1984 2643 2089 2684 appel-

1202 2691 1300 2723 latum
1324 2690 1411 2733 effet,
1439 2694 1583 2732 quamvis
1602 2690 1689 2722 aliud
1707 2688 1838 2725 obtinere
1848 2690 1951 2724 debere
1960 2689 2086 2734 censeret

1205 2738 1350 2781 Pontifex
1362 2764 1370 2772 .
1671 2768 1673 2770 ,
1839 2761 1842 2763 Α
1867 2752 1868 2756 =

1250 2788 1441 2824 Paschasius
1462 2790 1661 2838 Qes'nellus
1685 2792 1794 2826 censet
1805 2791 2007 2827 Sardicenses
2025 2792 2088 2827 Ca-

1204 2849 1307 2874 nones
1318 2839 1411 2874 fuisse
1436 2840 1471 2874 in
1483 2841 1593 2876 Gallia
1606 2842 1739 2885 ignotos
1753 2842 1850 2885 usque
1859 2843 1900 2876 ad
1913 2842 2087 2876 secundam

1204 2890 1335 2935 Regum
1357 2890 1575 2933 Dynastiam.
1605 2890 1708 2925 Tunc
1728 2892 1870 2935 primum
1881 2893 1951 2925 vult
1968 2891 2088 2926 admis-

1204 2940 1273 2973 sum
1285 2937 1380 2973 isthic
1391 2940 1485 2975 fuisse
1497 2940 1651 2984 Dionysii
1663 2941 1773 2984 exigui
1786 2940 1949 2975 Codicem
1960 2965 1972 2982 ,
1991 2941 2086 2976 adeo-

1203 3000 1264 3032 que
1287 2990 1319 3024 &
1343 2989 1542 3025 sardicenses
1565 2991 1739 3026 Canones.
1763 2991 1801 3024 ln
1815 2989 1866 3024 his
1877 2991 1981 3035 ipsum
1993 2991 2059 3026 labi
2071 3016 2084 3033 ‚

1204 3041 1294 3084 supra
1307 3038 1413 3074 studui
1424 3039 1664 3075 demonstrare.
1692 3040 1736 3073 Et
1746 3039 1810 3084 jam
1821 3040 2022 3075 demonstrat
2038 3051 2084 3076 et-

1203 3091 1270 3124 iam
1290 3090 1460 3124 Dominus
1481 3089 1801 3134 Archi-Episcopus.
1827 3089 2012 3126 Erudite&
2031 3102 2085 3127 va-

1203 3140 1262 3175 rie.
1291 3140 1339 3174 At
1362 3140 1475 3174 miscet
1494 3151 1568 3174 vera
1587 3140 1687 3174 salsis.
1719 3140 1855 3176 Etenim
1877 3142 1995 3176 falsum
2013 3141 2080 3183 est,

1203 3189 1290 3234 quod
1302 3189 1360 3223 ista
1370 3188 1560 3232 tempestate
1571 3188 1736 3224 Gallicani
1761 3188 1914 3235 Episcopi
1924 3191 2083 3235 ‹synoda-

1202 3240 1248 3276 les
1271 3241 1402 3275 suorum
1422 3239 1633 3285 collegarum
1656 3240 1886 3277 damnationes
1906 3267 1917 3284 ‚
1943 3241 2020 3276 licet
2039 3239 2081 3276 ad

1200 3290 1316 3326 Sedem
1338 3290 1524 3325 Romanam
1543 3290 1624 3326 esset
1643 3301 1857 3335 provocatum
1868 3316 1880 3333 ,
1910 3293 1943 3326 in
1965 3302 2079 3326 execu-

1202 3341 1329 3375 tionem
1349 3340 1515 3374 mitterent
1535 3365 1543 3373 .
1570 3340 1738 3375 Dominus
1759 3339 1862 3376 Archi
1875 3360 1886 3368 -
1900 3342 2079 3385 Episcopus

1200 3401 1338 3426 errorem
1351 3391 1443 3424 suum
1457 3389 1569 3434 probat
1582 3401 1624 3425 ex
1636 3391 1742 3426 Sanffl
1756 3392 1884 3427 Caesarii
1896 3391 1986 3426 Aeris
1996 3391 2078 3424 circa

1200 3439 1484 3477 Contumeliosum
1506 3464 1520 3483 ,
1546 3440 1764 3525 appeti-‘lantoni
1785 3439 2077 3523 ⁴ad*Aglzlpelteuut.

1695 3502 1718 3527 2
1961 3499 1977 3522 a
2021 3512 2029 3521 .
