2326 3718
663 140 948 184 ROMANts
986 136 1553 180 ΑΡΡειιΑτῐοΝῚΒυε.

189 220 385 258 vindalium
407 229 464 256 aut
485 220 560 258 sane
579 219 845 260 Dioecesanarum
867 219 1076 264 synodorum

192 272 312 318 juditia
322 271 415 306 fuisse
425 272 508 307 olim
519 273 704 311 inconcuffa
717 284 815 317 atque
826 269 1077 315 inappellabilia.

192 320 377 357 Eusebiana
388 323 586 361 Arianorum
599 322 693 361 factio
705 323 739 358 in
752 324 809 357 suo
820 323 900 357 olim
915 319 1080 363 Philippo-

191 372 344 418 politano
358 373 603 412 Conventiculo
622 374 730 411 sanxit
742 372 1012 411 patriarchalium
1023 370 1083 412 Sy-

190 422 354 459 nodorum
365 421 488 469 judicia
499 426 560 461 effe
581 423 784 468 istiusmodi3
812 424 852 459 de
868 420 1080 457 provinciali-

189 471 253 508 bus
274 484 372 507 nemo
394 485 535 519 unquam
547 473 767 509 Orthodoxus
778 499 789 515 ,
815 475 874 508 nifi
888 470 1002 506 nostris
1023 481 1080 503 nu-

187 523 448 566 perrimediebus
458 549 468 564 ,
495 524 579 559 istud
592 525 768 562 somniavit
780 550 787 557 .
813 522 1026 560 Somniarunt
1047 519 1081 553 id

190 574 227 607 in
251 573 359 617 Opere
380 575 421 609 de
440 575 618 610 Sacerdotii
641 587 678 608 ac
690 571 1009 620 Imperiiconcordia
1022 570 1079 604 Pe-

189 632 260 657 trus
272 624 312 662 de
326 624 438 663 Marco
450 649 461 667 ‚
487 625 521 662 &
535 626 567 659 in
580 625 774 662 Praefatione
789 623 830 659 ad
841 622 992 659 Gratiani
1004 621 1082 654 Mo·

188 672 288 708 nachi
313 675 686 720 Decretum‘Step'hanus
698 674 867 712 Baluzius.
892 673 965 707 Has
975 671 1082 707 sordes

188 724 330 761 resorbet
343 724 527 761 Paschasius
540 726 738 773 Qesnellus
747 749 754 757 .
767 723 993 759 Inconcuffam
1002 722 1079 756 Pro-

189 773 381 810 vincialium
403 777 606 820 synodorum
625 774 860 814 authoritatem
884 775 994 809 censet
1015 773 1079 810 effe

181 823 240 867 ‚ius
253 827 403 867 quoddam
414 826 553 862 naturale
560 851 568 863 .-

387 1052 741 1105 CAPUT
811 1054 885 1102 11.

187 1197 253 1246 An
279 1191 477 1245 Gallicani
485 1192 664 1263 Epiftopi
674 1190 943 1260 dfitissjtnodis
970 1188 1082 1237 darn-

257 1270 340 1317 nati
351 1263 440 1312 olim
451 1265 728 1335 appellaverint
740 1267 792 1312 ad
807 1262 937 1312 sedem
949 1264 1008 1307 A-

509 1336 726 1410 postolicam
740 1332 761 1387 Ρ

226 1473 294 1513 Am
304 1479 490 1514 audivimus
502 1477 670 1523 Magnum
681 1478 831 1513 Leonem
841 1475 877 1509 in
898 1482 1083 1509 momento-

249 1528 365 1562 fiffima
394 1530 436 1561 ad
466 1528 664 1560 Viennenfis
696 1526 879 1557 Provinciae
911 1525 1086 1555 Antistites

245 1578 380 1614 epistola
391 1577 425 1605 id
435 1573 694 1607 constantiffime
705 1573 937 1606 affirmantem:
955 1570 1086 1602 Affeve-

181 1631 312 1655 tantem
325 1621 498 1655 innumera
521 1619 761 1656 Relationum,
785 1615 909 1650 diversa
931 1617 993 1650 effe
1018 1617 1087 1658 Ap-

183 1671 406 1715 pellationum
428 1669 578 1712 exempla
595 1694 603 1702 .
631 1667 757 1703 Verum
781 1666 970 1701 Paschafius
981 1666 1087 1713 Qes·

185 1723 295 1756 nellus
307 1721 374 1758 haec
384 1722 497 1755 omnia
509 1717 618 1754 evadit
627 1718 748 1763 infigni
763 1716 980 1760 compendio:
1009 1716 1089 1761 quod

185 1780 222 1805 at
230 1774 290 1808 rite*
301 1771 498 1816 acsecundum
508 1772 590 1812 juris
604 1768 690 1811 ipsius
713 1769 788 1811 leges
810 1773 1001 1809 inquiratur,
1028 1778 1086 1799 non

183 1831 223 1857 ex
235 1826 345 1859 Leonis
358 1821 490 1864 Epistola
504 1846 515 1862 ‚
540 1819 661 1863 aliisque
673 1821 797 1861 Sariptis
808 1817 1023 1860 discutiendum
1033 1816 1085 1857 est,

184 1883 270 1907 nemo
289 1878 369 1909 enim
391 1879 424 1906 in
431 1877 556 1914 propria
567 1869 658 1913 causa
669 1869 748 1909 testis
760 1869 799 1912 est
818 1870 938 1902 idoneus
949 1880 958 1910 ;
981 1867 1040 1911 sed
1048 1878 1085 1902 ex

183 1923 308 1966 publicis
318 1948 329 1965 ‚
356 1934 423 1967 quae
431 1920 589 1966 ficpersunt
603 1945 613 1961 ,
639 1919 773 1960 Ecclelt‘ae
784 1924 973 1953 monimentis
987 1944 996 1958 ,
1016 1930 1084 1961 quae

186 1975 262 2016 quid
285 1979 318 2008 ln
338 1973 551 2008 occurrentibus
574 1969 785 2014 Episcoporum
804 1969 894 2010 caufis
909 1969 1021 2013 gestum
1023 1968 1063 2011 sit
1076 1993 1085 2008 ‚

181 2024 294 2067 fincer?
307 2025 466 2061 exhibent.
495 2023 539 2056 Et
552 2022 633 2055 infra
647 2020 775 2055 scribit:
804 2022 870 2063 ,Qui
882 2022 1021 2060 attente,
1034 2030 1086 2053 nec

187 2083 324 2118 occupato
345 2082 444 2111 animo
464 2087 498 2108 ea
509 2077 608 2107 omnia
625 2070 835 2114 perspexerit,
861 2082 929 2112 quae
943 2070 1083 2104 ballenus

186 2124 384 2167 differuimus,
395 2125 478 2158 baud
488 2124 597 2161 dubIto,
607 2128 680 2164 quin
691 2129 859 2163 conceptam
871 2121 1021 2154 adversus
1032 2125 1085 2153 Hi-

183 2174 295 2208 larium
302 2175 674 2217 pervicacia-,cupiditatis
685 2169 864 2213 ambitionis
857 2182 911 2212 que
921 2177 1084 2212 opinionem

179 2223 278 2269 facile
297 2236 335 2258 ex
345 2230 444 2258 animo
455 2225 586 2266 deponat
597 2247 607 2262 ,
634 2221 742 2263 hocque
750 2222 849 2263 potius
859 2220 910 2261 fibi
924 2220 1083 2264 persuade-

184 2274 232 2308 bit
241 2299 252 2316 ,
279 2277 429 2317 Majorum
437 2274 557 2319 suorum
575 2272 699 2316 vestigia
706 2272 825 2314 preffisse
837 2272 985 2308 Hilarium
997 2296 1008 2312 ‚
1020 2283 1084 2305 cum

180 2324 365 2370 ¹sententiam
386 2331 418 2359 in
442 2326 547 2364 synodo
570 2323 666 2356 latam
691 2321 909 2361 asanc‘hffimir
922 2320 1080 2365 EpiscopIs

184 2385 275 2410 tanta
283 2376 445 2417 constantia
457 2374 680 2417 &fortitudine
690 2379 806 2406 tutatus
818 2371 856 2411 est
869 2385 877 2404 ε
904 2374 924 2405 5
925 2374 965 2406 ed
982 2377 1081 2406 mira-

184 2426 267 2459 bitur
277 2427 293 2461 e
303 2435 402 2459 contra
419 2450 430 2465 ,
455 2426 535 2468 quod
545 2424 671 2457 santius
684 2426 743 2456 Leo
751 2420 986 2466 consuetudinem
998 2420 1081 2466 disci·

179 2476 361 2520 plinamque
383 2483 447 2508 tam
472 2480 608 2507 continua
626 2472 701 2515 serie
720 2472 892 2513 custoditam
904 2472 945 2514 fit
960 2482 1082 2515 praeter-

179 2526 288 2570 gressus
301 2549 312 2565 ‚
338 2525 424 2558 Sedis
432 2522 498 2567 suae
517 2522 731 2565 amplitudini,
758 2533 828 2565 quae
848 2523 1021 2558 sannorum
1042 2534 1084 2558 et-

183 2582 246 2609 iam
258 2580 393 2611 virorum
405 2573 567 2616 infirmitas
579 2572 708 2614 est‚pl1*rs
720 2571 927 2614 aequostudens
938 2599 945 2606 .
973 2573 1083 2618 Pergit

183 2627 219 2660 in
232 2626 327 2661 tertia
351 2624 443 2659 istius
464 2621 708 2658 Differtationis
729 2631 834 2666 parte:
862 2621 958 2656 Nihil
979 2626 1082 2658 contra

183 2679 322 2710 Canones
343 2674 440 2709 ac‘lum
461 2674 500 2717 est
522 2674 561 2707 ab
583 2674 720 2712 Hilario,
747 2674 837 2705 immo
851 2675 922 2706 vero
939 2673 1020 2708 nibil
1029 2675 1085 2719 nifi

179 2735 238 2770 pro
248 2724 372 2766 custodia
384 2730 540 2760 canonum
552 2749 563 2765 ‚
590 2725 642 2757 vel
650 2725 751 2756 contra
762 2723 967 2757 Chelidonium
984 2726 1078 2760 decre-

183 2786 249 2813 tum
261 2782 292 2810 in
303 2778 433 2819 synodo,
459 2776 512 2810 vel
521 2779 624 2809 Romae
643 2785 743 2808 coram
766 2773 908 2815 Pontifice
925 2777 1078 2817 prolatum

183 2825 222 2871 eft
245 2827 284 2862 ab
301 2828 414 2861 Hilario
426 2853 433 2860 .
461 2825 663 2870 ,Quamobrem
687 2825 768 2866 quod
788 2828 880 2857 Leoni
895 2822 1077 2867 sententiam

184 2883 326 2921 equitate
344 2879 466 2920 plenam
485 2875 650 2920 rescindere
662 2875 776 2909 volenti
782 2873 902 2914 strenue
913 2875 1053 2916 obstiterit
1064 2901 1075 2918 ‚

185 2934 241 2970 '¹⁰ss
248 2934 412 2971 protervia
422 2933 455 2961 in
466 2939 497 2962 eo
508 2928 649 2961 indicium
662 2949 673 2966 ,
694 2923 870 2969 sedin-viel!
889 2932 1006 2967 ammi,
1032 2928 1076 2960 di-

182 2971 370 3021 sciplinaeque
393 2979 563 3019 tenaciffimi
579 2985 784 3021 argumentum
804 2975 894 3016 fuit.
921 2977 1075 3012 Affirmat

185 3025 350 3063 Hilarium
371 3039 425 3071 per
442 3029 555 3063 omnia
567 3026 649 3062 bene
660 3051 670 3065 ,
694 3027 847 3061 Sanctum
857 3025 1008 3062 Leonem
1021 3039 1075 3072 per

184 3076 300 3111 omnia
310 3078 391 3112 male
406 3079 505 3124 egisse
519 3092 531 3124 :-
554 3077 727 3112 Exceffisse
741 3077 802 3111 suae
816 3078 981 3120 potestatis
991 3079 1075 3112 limi-

184 3133 233 3160 tes
245 3150 256 3165 2
282 3126 344 3160 effe
358 3130 596 3170 praevaricatum
609 3129 764 3162 Canones
776 3152 788 3168 ,
815 3128 1004 3162 Gallicanas
1021 3140 1073 3172 ap·

185 3175 380 3219 pellationes
398 3178 457 3213 effe
478 3191 532 3222 per
555 3180 659 3222 ipfiim
681 3179 820 3213 intrusas
840 3201 851 3217 ‚
881 3179 1021 3222 ideoque
1040 3180 1075 3213 in

185 3226 251 3259 suis
261 3226 555 3263 momentossffimis
565 3229 679 3265 litteris
691 3229 877 3274 imposuisse
887 3229 972 3264 varia
980 3255 991 3273 ‚
1018 3230 1078 3265 im-

186 3276 245 3311 mo
271 3276 335 3310 effe
352 3277 543 3310 mentitum:
570 3280 609 3313 ad
623 3280 881 3324 protendendam
905 3281 966 3313 suae
985 3281 1076 3317 Sedis

186 3325 441 3370 amplitudinem
454 3351 461 3358 .
489 3326 618 3362 Eodem·
626 3330 706 3373 pede
716 3330 863 3374 graditur
876 3332 909 3364 in
923 3331 1077 3366 Disserta-

187 3376 282 3414 tione
304 3376 346 3410 de
363 3378 456 3411 causa
467 3377 501 3411 &
514 3378 662 3411 Romana
675 3380 893 3423 appellatione
912 3380 1076 3416 Haereflar-

33 3416 125 3447 Num‘
142 3425 171 3452 9·
192 3425 258 3463 cha:
270 3426 483 3471 Eutychetis:
511 3430 583 3460 Non
606 3429 697 3461 Leoni
715 3430 788 3472 ipfi‚
813 3431 990 3471 sanfflffipm
1009 3416 1083 3467 [κη’

1896 150 1958 181 ’ῘἸ

1143 221 1211 250 viro
1231 241 1242 258 ‚
1268 228 1370 250 aurem
1399 214 1652 250 accommodamus
1668 239 1679 256 ‚
1703 217 1791 252 sedit
1819 218 1958 254 videlicet
1973 218 2043 263 sua.

1139 266 1449 314 splendoremacjiera
1458 265 1650 310 prosequenti
1660 287 1669 296 .
2037 297 2043 302 ,

1196 317 1253 351 Est
1276 317 1385 361 lepida
1405 316 1530 355 evafio,
1556 315 1671 350 hausta
1681 326 1723 350 ex
1733 317 2040 359 puriffimixFonti.

1145 365 1223 401 bus:
1252 368 1305 401 Ex
1327 367 1446 402 Marco
1471 366 1629 401 Antonio
1652 364 1694 400 de
1706 366 1888 408 Dominis,
1913 369 2041 406 Archi-

1146 417 1305 461 Apostata
1324 418 1500 461 Spalatenfi
1512 440 1524 457 ,
1549 417 1607 461 qui
1632 417 1741 454 Sanffl
1753 415 1842 453 Petri
1855 418 1947 460 supra
1957 421 2043 455 alios

1147 468 1328 511 Apostolos
1356 468 1540 503 Primatum
1563 470 1766 512 impugnans
1784 493 1796 509 ,
1835 477 1965 503 tentans
1990 470 2047 504 de«

1146 519 1284 560 struere,
1309 519 1435 554 Sanctis
1447 519 1572 554 Leonis
1582 517 1641 552 fibi
1652 518 1708 561 ipfi
1719 528 1892 563 opponens
1901 519 2048 553 testimo·

1148 570 1225 609 nia,
1252 568 1425 613 respondet
1440 570 1473 603 δε
1486 568 1598 602 scribit
1612 582 1623 603 .·
1649 573 1784 609 Fateor,
1808 567 2058 611 fipraecedenna.

1147 621 1181 652 Θ
1196 618 1407 663 subsequentia
1428 619 1519 661 huius
1543 619 1758 661 eloquennffmt
1770 617 1923 662 Pontifici:
1947 619 2050 653 verba.

1145 668 1357 710 confideremus·
1370 696 1382 712 ,
1406 681 1470 704 eum
1489 672 1656 712 plurimum
1673 675 1708 704 in
1718 673 2052 706 PorriPrimatamim
2076 697 2079 701 ,

1146 721 1257 753 clinare
1268 745 1275 752 .
1303 724 1359 755 Ex
1374 731 1429 763 quo
1444 723 1585 754 Primam
1595 732 1660 754 cum
1670 725 1800 755 Romani
1811 720 2053 761 Pontificis'Prh

1147 779 1252 803 matus
1263 771 1427 805 deducatur
1440 795 1452 810 ,
1479 772 1587 813 quidni
1600 774 1660 805 Leo
1670 775 1827 806 Romanus
1851 769 2053 815 Episoputim

1142 826 1278 862 propriae
1289 822 1448 865 dignitatis
1462 822 1496 857 θ
1509 823 1597 855 Sedis
1607 820 1821 855 authoritatem
1830 823 1953 855 inclinet
1963 844 1978 864 ,
1992 821 2046 855 ubi
2060 819 2121 852 Lib.
2147 834 2172 852 ι.

1147 869 1272 904 liberum
1283 873 1425 906 videatur
1434 872 1486 915 effe
1495 872 1632 914 opinari?
1663 873 1826 914 Propterea
1837 875 1973 904 omnium
1988 873 2048 904 Ro‘-
2059 863 2133 901 (3³1)-
2152 871 2178 898 3·

1148 932 1301 954 manorum
1316 921 1491 964 Pontificum
1503 928 1536 957 in
1547 921 1599 956 boc
1604 933 1715 967 genere
1725 922 1817 957 Dit‘i'a
1824 925 1929 956 merito
1945 920 2048 966 suspe-

1147 971 1306 1012 Hapt’ffint
1321 971 1423 1005 bubni
1434 997 1442 1004 -
1469 972 1702 1010 Demonstrare
1713 973 1831 1009 nititur
1845 972 1970 1008 nemini
1983 982 2050 1006 cre-1

1147 1019 1340 1056 dendumin
1364 1021 1459 1054 causa
1481 1023 1633 1065 propria,
1658 1023 1695 1058 ἀ
1716 1023 1909 1059 concludit:
1937 1023 2054 1057 rerum

1146 1070 1200 1106 hoc
1211 1082 1269 1104 non
1280 1079 1345 1105 tam
1358 1073 1469 1105 Leonis
1480 1093 1492 1110 ‚
1518 1078 1573 1103 aut
1584 1071 1708 1106 allorum
1719 1083 1856 1110 veterum
1869 1073 2058 1116 Pontificum,

1147 1122 1269 1155 elationi
1279 1130 1333 1155 aut
1343 1120 1500 1154 ambitioni
1513 1141 1524 1159 ‚
1551 1127 1586 1152 ut
1597 1129 1672 1152 nunc
1684 1143 1695 1159 ,
1722 1131 1814 1163 quam
1835 1124 2053 1158 humandam

1146 1167 1255 1214 pioque
1276 1171 1403 1214 ipsorum
1425 1171 1500 1204 Zelo
1521 1168 1713 1202 tribuendum
1726 1193 1737 1209 ‚
1764 1170 1837 1202 dum
1861 1173 2059 1206 earhedrauo.

1145 1221 1234 1266 suam
1255 1223 1426 1256 exaltarent
1447 1243 1459 1260 ‚
1483 1231 1541 1263 quo
1560 1221 1703 1253 nlmirum
1723 1218 1845 1263 sjncera
1871 1220 1941 1253 tt'mc
1966 1218 2053 1262 Μή

1149 1273 1259 1306 addita
1285 1273 1372 1306 sedit
1395 1271 1582 1305 authoritate
1605 1294 1616 1310 ,
1643 1279 1687 1303 tot
1712 1271 1845 1314 undique
1861 1270 2055 1312 pullulantes

1150 1321 1275 1370 hareses
1295 1322 1405 1367 poffenr
1421 1321 1548 1368 facilius
1571 1326 1762 1368 comprimere
1779 1346 1789 1357 ,
1823 1320 1929 1358 calva
1953 1325 2057 1357 excae

1150 1374 1232 1411 satio
1247 1399 1255 1409 .
2044 1386 2054 1389 ·’

1201 1423 1336 1460 Marcus
1357 1423 1530 1462 Antonius
1552 1423 1620 1459 haec
1642 1423 1928 1470 didicitiJoaune
1938 1421 2053 1457 Calvi-

1151 1487 1211 1510 no.
1240 1477 1310 1510 Hic
1335 1476 1370 1509 in
1393 1487 1511 1520 quarto
1533 1475 1787 1510 Institutionum
1812 1475 1899 1509 libro
1910 1474 2055 1523 affirmat

1152 1528 1340 1568 praetensum
1351 1526 1513 1561 Romanae
1522 1526 1674 1561 Ecclefiae
1684 1524 1869 1560 Primatum
1881 1524 2055 1559 confistere

1153 1575 1186 1606 in
1208 1586 1349 1615 quatuor
1369 1576 1533 1618 capitibus
1553 1589 1561 1609 ι
1591 1578 1790 1611 ordinatione
1812 1574 2055 1619 Episcoporum‚
2071 1593 2148 1632 Cap·
2165 1600 2194 1625 7-

1151 1626 1346 1654 conciliorum
1368 1624 1534 1657 Indifflone
1552 1648 1563 1663 ,
1590 1626 1754 1656 audiendis
1773 1626 2028 1665 appellationibus
2040 1648 2053 1663 ‚

1152 1667 1418 1711 autjtcrisdic‘lione
1427 1692 1437 1707 ,
1466 1670 1683 1700 Monitionibus
1694 1673 1891 1711 castigamus
1908 1682 1963 1704 aut
1974 1677 2054 1706 Cen-

1146 1717 1242 1764 suris.¹
1265 1718 1501 1752 Demonstrare
1513 1716 1628 1751 nititur
1640 1727 1792 1762 quartum
1812 1730 1850 1752 ac
1862 1719 1930 1752 duo
1946 1722 2054 1763 priora

1153 1779 1322 1812 nunquam
1343 1768 1534 1812 competisse
1555 1767 1716 1802 Romano
1735 1768 1975 1812 Episcopatui‚¹
2000 1783 2054 1805 at-

1150 1830 1214 1862 que
1227 1820 1450 1863 prosequitur:
1478 1818 1615 1860 superest
1628 1827 1740 1861 quarta
1746 1817 1859 1863 species
1872 1820 2030 1861 Potestatis
2042 1848 2053 1863 ‚

1150 1882 1218 1912 quae
1229 1870 1476 1912 appellationibus
1483 1868 1594 1908 constat
1605 1894 1612 1902 .
1634 1871 1784 1901 Summum
1791 1876 1948 1911 imperium
1953 1879 2053 1913 penes

1150 1932 1216 1954 eum
1228 1921 1280 1963 effe
1287 1920 1396 1960 constat
1406 1946 1417 1962 ‚
1443 1921 1489 1953 ad
1500 1921 1586 1959 cujus
1601 1918 1735 1953 tribunal
1739 1928 1922 1962 provocatur
1931 1946 1946 1953 .-
1967 1924 2056 1956 Mul-

1150 1977 1173 2003 ti
1178 1970 1261 2013 saepe
1276 1975 1473 2003 Romanorum
1486 1969 1658 2011 Pontificem
1667 1972 1878 2012 appellarunt:
1907 1969 1974 2015 lpse
1984 1985 2055 2015 quo-

1153 2033 1209 2064 que
1229 2022 1392 2064 causarum
1417 2026 1611 2065 cognitionem
1633 2019 1712 2063 adse
1721 2021 1842 2056 trabere
1859 2030 1981 2056 conatus
1990 2023 2055 2064 est,

1145 2071 1205 2115 sed
1225 2071 1345 2115 semper
1364 2072 1429 2115 suit
1454 2069 1591 2114 derisus,
1618 2077 1734 2114 quoties
1752 2070 1822 2116 suos
1832 2072 1910 2115 fines
1919 2075 2032 2116 exeeffie
2041 2078 2057 2107 ’.τ

1151 2122 1244 2155 Nihil
1253 2124 1350 2156 dicam
1369 2124 1406 2156 de
1419 2127 1540 2156 Oriente
1551 2130 1606 2154 aut
1614 2125 1764 2163 Graeoiaff
1775 2121 1833 2166 sed
1841 2122 1950 2164 coastat
1971 2126 2055 2158 Gal-

1149 2174 1199 2205 liae
1221 2171 1382 2216 Epistopor
1395 2172 1519 2213 fortiter
1531 2171 1680 2215 restltisJ'e,
1704 2173 1832 2215 cumsibi
1848 2179 2008 2216 imperium
2019 2180 2055 2208 in

1149 2235 1194 2256 eor
1209 2221 1324 2265 sumere
1337 2224 1491 2257 videretur
1502 2246 1509 2254 .
1537 2225 1574 2254 In
1588 2222 1693 2265 Africa
1703 2223 1828 2264 diufuit
1850 2236 1887 2258 ea
1899 2225 1938 2258 de
1949 2236 1983 2258 re
1990 2222 2057 2267 dis·v

1143 2272 1314 2317 sertatum.
1693 2296 1697 2301 ⁴
2023 2291 2026 2294 -

1199 2324 1312 2359 Etiam
1328 2323 1396 2368 ipse
1407 2323 1553 2360 Galliam
1570 2323 1687 2360 Africae
1698 2324 1874 2369 aequiparat
1885 2348 1896 2364 ,
1922 2325 1957 2358 &
1968 2325 2054 2359 affir-

1150 2385 1217 2409 mat
1241 2384 1356 2409 neutra
1380 2375 1414 2409 in
1427 2375 1569 2410 Dioecefi
1583 2374 1847 2410 Romanasolim
1859 2374 2056 2419 appellatio-

1149 2437 1206 2460 nes
1227 2425 1319 2459 fuiffe
1342 2424 1494 2460 admissas
1513 2452 1520 2459 .
1548 2426 1606 2459 An
1623 2425 1967 2460 Sanni-Hilarinum
1978 2426 2056 2470 Maq

1148 2487 1219 2521 gno
1232 2476 1363 2514 Leone,
1388 2486 1431 2509 an
1443 2475 1518 2510 vero
1530 2476 1705 2511 Hincmari
1716 2475 1889 2510 Remenfis
1899 2486 1977 2510 cum
1989 2476 2054 2510 Ni·

1148 2525 1244 2560 colao
1255 2525 1361 2569 primo
1377 2525 1412 2559 δε
1425 2524 1576 2559 Adriano
1597 2526 1768 2565 secundo«,
1790 2536 1833 2559 an
1857 2525 1967 2569 potius
1984 2537 2052 2561 atn-

1148 2576 1203 2610 bas
1223 2575 1416 2619 quaestiones
1439 2575 1587 2618 respiciat
1600 2598 1611 2615 ,
1630 2585 1701 2607 non
1721 2575 1839 2617 poffiru
1867 2575 2051 2611 affirmare-⁷.

1150 2625 1324 2675 Qidquid
1346 2625 1404 2664 fit,
1428 2624 1568 2659 blaterat
1589 2623 1790 2659 Pontificem
1813 2626 1937 2667 semper
1955 2625 2053 2662 fuiffe

1145 2677 1285 2712 derisum
1297 2688 1311 2718 ;
1326 2675 1434 2718 ideoq3
1448 2685 1506 2709 nec
1514 2675 1676 2710 creditum
1688 2674 1746 2718 ipfi
1767 2685 1829 2708 nec
1840 2675 1905 2709 effe
1913 2674 2050 2710 creden-

1145 2727 1226 2762 dum
1239 2750 1248 2759 .
1273 2725 1431 2761 Calvinus
1451 2723 1517 2760 haec
1536 2725 1620 2760 dicit
1644 2724 1686 2759 ab
1710 2724 1893 2760 Eusebinna
1907 2725 2050 2762 Ariano-

1146 2788 1218 2812 rum
1233 2777 1396 2815 factione,
1423 2787 1494 2820 quae
1515 2777 1551 2810 in
1573 2777 1706 2820 praefato
1724 2773 2051 2820 Philippo-politum

1148 2829 1327 2863 Conventa
1352 2829 1507 2862 Sanctum
1529 2827 1653 2870 Julium
1678 2825 1880 2862 Pontificem
1915 2826 2024 2871 arguit
2033 2852 2047 2870 ,

1144 2879 1234 2922 quod
1247 2880 1308 2912 suae
1331 2878 1461 2923 Papalis
1483 2876 1691 2912 authoritatis
1712 2876 1833 2910 limites
1844 2877 2051 2916 excessisset,

1146 2931 1180 2963 δε
1192 2930 1341 2964 tentaffet
1353 2928 1545 2973 transfigere
1556 2953 1563 2960 .
1591 2928 1644 2962 Ex
1655 2938 1723 2971 quo
1737 2927 1849 2970 spiritu
1861 2927 1962 2960 etiam
1983 2927 2046 2961 lm-

1144 2990 1271 3023 perator
1284 2979 1499 3014 Constantius
1511 2978 1595 3012 istud
1610 2979 1714 3021 ipsum
1728 2977 1959 3020 improperavit
1968 2977 2045 3011 San-

1144 3032 1197 3065 sto
1208 3030 1361 3064 Liberio.
1390 3030 1433 3063 Et
1454 3040 1521 3064 erat
1542 3028 1677 3072 quaestio
1689 3027 1732 3061 de
1747 3026 2038 3070 appellationibus.

1192 3081 1367 3124 Sequentia
1390 3078 1546 3115 paschasii
1570 3076 1741 3125 Qesnelli
1756 3075 1849 3110 verba
1863 3077 1940 3111 sunt
1961 3089 2043 3112 non·

1142 3130 1225 3166 nihil
1240 3131 1392 3165 molliora
1410 3144 1420 3163 .·
1446 3130 1529 3162 Talis
1543 3127 1609 3170 fuit
1620 3125 1757 3168 Ecclefiae
1767 3128 1935 3162 Gallicanae
1940 3127 2041 3167 status
2058 3127 2146 3156 Num.
2174 3131 2215 3158 16.

1141 3181 1231 3226 usque
1254 3183 1298 3214 ad
1314 3180 1414 3214 sanai
1437 3183 1543 3213 Leonis
1567 3185 1718 3220 tempora,
1744 3184 1798 3220 qui
1825 3179 1954 3219 proinde
1975 3191 2041 3212 cum

1143 3235 1225 3267 dixit
1232 3241 1288 3275 per
1310 3227 1502 3272 diversarum
1523 3230 1753 3271 appellationem
1773 3227 1930 3271 causarum
1942 3253 1951 3267 ,
1965 3228 2041 3270 ficut

1141 3293 1231 3317 vetur
1245 3280 1414 3324 consuetudo
1431 3278 1570 3324 poscebat
1583 3303 1593 3319 ,
1619 3288 1673 3311 aut
1692 3279 1860 3311 retrac‘lata
1873 3303 1883 3318 ,
1909 3289 1963 3311 aut
1973 3290 2040 3312 con-

1139 3333 1262 3376 firmata
1266 3331 1355 3374 fuisse
1358 3331 1475 3372 judicia
1490 3354 1500 3370 ,
1527 3329 1578 3363 vel
1600 3335 1740 3362 memoria
1752 3328 1856 3371 lapsus
1865 3328 1903 3369 est
1915 3353 1925 3369 ,
1953 3331 2007 3362 vel
2018 3331 2039 3361 ἃ

1142 3383 1315 3417 chelidonio
1324 3382 1471 3423 palpante
1496 3382 1710 3421 &imponente
1733 3378 1847 3423 delusus
1861 3404 1871 3420 ,
1897 3381 2040 3413 veldent-

1145 3445 1199 3477 que
1209 3435 1369 3474 altapenes
1376 3430 1410 3476 se
1425 3442 1522 3465 rerum
1534 3437 1567 3464 in
1580 3430 1688 3465 Galliis
1695 3429 1844 3476 gestarum
1857 3434 2046 3509 moniznentae

1959 3490 1989 3510 a.
