2326 3718
88 2700 245 2733 Lmen.

721 129 1001 178 Romanus
1036 126 1609 174 APRELLATIONlBus.

256 229 317 252 non
326 216 404 262 quod
409 212 593 255 Ecclesiastici
604 217 736 248 Canonis
746 213 784 255 est
795 213 813 245 ἓ
840 217 1052 256 Hominemque
1055 219 1124 254 pro-

251 269 327 302 indo
344 264 404 301 non
425 266 683 299 condemnaremus
694 288 706 305 ,
725 263 786 307 ssd
788 269 889 305 potius
911 270 1101 307 reciperemus
1113 286 1125 303 ,

256 326 377 357 eumque
395 323 452 357 pro
475 314 639 359 Episcopo,
664 315 906 359 quemadmodum
926 314 989 354 est,
1011 313 1126 347 babere-

251 366 345 399 onus?
372 368 490 399 Praeter
502 364 567 400 baec
575 369 699 405 omnia,
721 375 833 397 annum
842 371 935 398 totum
954 366 1125 407 &integros

250 413 311 458 fix
332 414 443 458 menses
464 417 550 458 apud
568 427 621 452 nos
644 412 728 456 baefit
751 436 763 454 ‚
787 414 914 455 vestram
933 412 1128 456 praes’ontiam

250 463 431 507 crespellanis
442 490 453 506 ,
477 475 531 499 aut
542 473 677 510 quotquot
688 473 852 507 comparere
872 465 1016 499 auderent
1028 488 1040 504 ,
1061 462 1127 505 sua·

252 526 313 557 que
332 513 505 558 prasentia·
510 515 660 558 pudefecit
676 527 791 549 omnes.
818 519 892 549 Non
911 519 990 549 enim
1004 514 1036 556 J
1037 513 1129 545 udicio

251 564 392 607 stetisset,
419 564 477 605 nifi
473 564 523 607 fiii
526 564 667 606 fiduciam
691 564 853 609 habuisset.-
881 569 987 608 Neque
1005 561 1130 605 sponte,

253 612 307 658 sed
313 616 424 649 litteris
436 614 535 654 nostris
546 615 742 656 adjudicium
763 624 887 649 vocatus
907 612 1108 656 comparuisset
1118 636 1128 652 2

252 665 500 708 quemadmodum
509 676 562 698 vos
572 673 627 706 per
636 665 755 699 litteras
769 671 929 699 citavimus
939 689 947 697 .
971 666 1018 696 Et
1030 672 1131 696 tamen

249 713 315 759 post
332 723 424 749 santa
444 724 619 758 argumenta
638 726 691 748 nos
711 715 794 748 wlut
814 713 963 756 insolitum
982 713 1132 756 quiddam

251 773 375 809 qentes
394 764 630 807 reprehenditis.
668 763 805 809 *Diserte
825 763 964 798 affirmat
983 763 1016 797 se
1036 762 1133 807 egisse

250 812 448 857 judicialiter
467 839 477 855 ,
504 813 678 850 secundum
700 814 875 856 Canones,
901 814 935 849 dc
954 812 1133 847 secundum

251 863 414 899 vetustam
425 865 576 899 Ecclefiae
595 863 883 900 consuetudinem.
914 863 1044 898 Eodem
1067 873 1134 898 mo·

255 913 302 949 do
312 913 551 949 demonstratse
562 915 662 958 egiffe
682 925 758 947 cum
769 912 931 947 Marcello
943 938 952 945 .
977 910 1134 957 Qisquis

254 961 378 998 horum
386 962 509 1006 aliquid
520 972 620 1007 negat
633 985 647 1001 ,
671 962 739 996 non
751 961 855 1005 potest
868 972 938 995 non
959 960 1025 995 effe
1038 960 1134 994 Euse-

253 1011 372 1046 bianos
382 1035 391 1043 .
415 1010 573 1055 Legenda
580 1011 625 1045 est
635 1010 762 1056 integra
773 1010 909 1055 epistola
922 1035 930 1042 .
956 1009 1134 1046 scribenda

249 1069 323 1095 non
336 1057 442 1094 solum
452 1060 556 1094 aureis
567 1060 684 1095 litteris
695 1084 707 1101 ,
733 1061 785 1095 sed
806 1061 887 1095 &in
901 1061 1054 1095 omnium
1067 1072 1135 1095 cor·

252 1108 353 1144 dibus
364 1134 373 1141 -
398 1109 449 1145 lta
461 1120 578 1145 omnes
586 1108 754 1146 habebunt
778 1122 865 1145 arma
876 1110 919 1145 ad
930 1108 1136 1163 euplodenda

253 1159 456 1197 Commenta
466 1160 609 1195 Domini
618 1160 891 1205 Archi-Episcopi
904 1185 912 1194 .

303 1208 492 1244 Audiamus
502 1210 610 1254 pejora
621 1211 719 1255 ipsius
731 1210 931 1246 Commenta
944 1225 957 1245 .·
981 1211 1135 1245 Sedadno-

251 1259 380 1292 tandum
400 1259 439 1299 cst
451 1270 509 1293 non
531 1260 624 1295 dicere
626 1264 660 1305 J
661 1261 751 1294 ulium
760 1263 894 1295 redditas
905 1264 926 1295 a
933 1261 1061 1305 sefuiffe
1072 1264 1101 1293 E
1104 1271 1137 1294 c·-

253 1307 353 1350 clefias
363 1307 521 1350 Athanasio
538 1311 574 1344 <st
593 1311 713 1354 reliquis
726 1309 884 1354 Episcopis
896 1334 904 1344 .
933 1315 1021 1345 Nam
1031 1320 1140 1344 eaerat

253 1357 374 1401 quasti·
387 1360 566 1404 principalis
587 1383 600 1401 ‚
623 1371 695 1407 φρ
714 1359 875 1403 reservata
896 1370 970 1396 erac
986 1365 1143 1405 cognitioni

251 1408 359 1448 &nidi
383 1432 396 1450 ,
431 1420 524 1452 quam
539 1412 654 1454 Julius
683 1419 903 1446 convocaverat
927 1434 940 1451 ‚
966 1410 1140 1455 rogantibus

250 1458 453 1493 Orientalium
464 1462 609 1502 Legatis:
636 1460 764 1502 Tametfi
770 1467 906 1504 negarint
927 1462 998 1495 dein
1008 1465 1143 1494 Orienta-

251 1505 300 1540 le:
321 1508 358 1541 id
370 1505 405 1549 se
416 1510 541 1552 Legati»
556 1507 623 1551 suls
634 1510 742 1551 dodim·
760 1515 795 1543 in
806 1510 970 1542 nandans
982 1532 990 1540 .
1017 1511 1096 1542 Sani
1104 1514 1143 1541 ei-

254 1556 326 1592 dem
335 1554 502 1591 orientales
520 1561 553 1590 in
561 1556 620 1600 sua
627 1558 747 1600 epistola
770 1560 910 1598 synodica
922 1583 935 1600 ,
958 1556 1016 1600 sub
1028 1562 1143 1591 nomine

253 1607 383 1641 Consilii
400 1606 579 1648 sardis-cafix
600 1609 707 1648 edita,
731 1609 810 1641 illud
824 1609 945 1641 santum
966 1612 1143 1649 conquerun-

253 1661 330 1692 tur,
354 1661 488 1695 receptos.
500 1659 532 1687 in
554 1661 783 1701 communionem
806 1655 998 1697 Athanafiaem
1023 1657 1063 1689 (θ’,
1078 1658 1143 1690 reli-

253 1711 327 1746 quos
339 1703 499 1738 danuam
509 1702 672 1748 Episcopo:
682 1729 690 1738 .
714 1704 770 1740 Ad
784 1704 906 1748 Julium
918 1704 1063 1739 Romam
1078 1716 1142 1749 per·

254 1752 365 1794 rexit,
389 1752 444 1789 sed
467 1753 553 1789 &ad
563 1755 665 1790 ltaliae
685 1757 845 1801 quosdam
869 1757 932 1790 suas
948 1755 1047 1799 partis
1060 1754 1143 1799 Epi-

256 1803 375 1847 seopos
395 1827 409 1845 ,
434 1814 518 1848 quos
539 1805 695 1840 seducens
714 1817 769 1851 per
791 1805 1000 1850 epistolarum
1026 1804 1139 1840 falsita-

255 1859 325 1888 tem
335 1876 347 1894 ‚
371 1853 414 1888 ab
425 1853 545 1889 eisdem
557 1855 708 1898 perfacile
727 1857 765 1891 in
775 1856 1048 1891 communionem
1061 1866 1143 1890 rece-

256 1912 333 1947 ptus
342 1903 388 1938 est
399 1928 407 1936 .
420 1906 529 1947 ,Quare
536 1916 602 1939 cum
611 1908 686 1950 legis
694 1908 783 1949 apud
789 1908 1000 1947 Sozomenumf,
1018 1909 1050 1951 J
1053 1907 1143 1939 ulium

255 1954 390 1996 recepss'e
410 1959 443 1986 in
458 1952 547 1998 suam
567 1962 797 1992 communionem
819 1955 1011 1998 Athanafium
1032 1967 1067 1990 ac
1077 1956 1142 1989 reli·

256 2013 329 2045 quos
348 2001 508 2046 Epist-opos
519 2028 530 2046 ,
556 2007 754 2050 &unicuique
772 2019 871 2042 eorum
891 2004 1143 2049 Ecclefiamsuam

257 2052 417 2096 reddidiffe
428 2078 440 2094 ‚
465 2055 500 2088 ob
515 2066 618 2090 curam
628 2059 769 2093 videlicet
788 2057 971 2102 universalis
989 2054 1141 2097 Eccless'ae,

259 2113 329 2143 quae
352 2107 378 2135 ei
397 2103 537 2137 incumbit
556 2113 678 2148 propter
688 2109 865 2150 dignitatem
870 2107 937 2150 sica
948 2107 1032 2141 Sedis
1045 2130 1057 2146 ,
1082 2110 1143 2139 exi-

256 2150 380 2191 stimare
391 2151 475 2186 debes
487 2153 691 2192 restitutionem
701 2157 786 2190 illam
796 2155 991 2198 Ecclefiarum
998 2167 1056 2190 non
1066 2153 1142 2197 fuis-

255 2199 410 2243 [efac‘lam
429 2202 560 2243 dium,
580 2203 640 2247 sed
647 2213 704 2248 per
722 2206 957 2252 consequentiam
975 2232 987 2249 ,
1013 2209 1045 2240 eo
1067 2206 1146 2248 quod

259 2247 457 2292 Episcopum
477 2253 594 2296 aJulio
609 2260 645 2287 in
659 2262 887 2290 communionem
908 2262 1016 2299 recepti
1023 2256 1142 2298 fuerint

258 2300 344 2333 velut
353 2298 489 2345 Episcopi
498 2301 591 2343 hujus
613 2304 738 2339 &illius
757 2307 859 2340 Sedis.
887 2304 1141 2350 Hominemque

260 2359 330 2383 non
343 2350 649 2395 condemnaremus,
678 2355 731 2390 sed
742 2356 974 2400 reciperemus,
1001 2365 1140 2399 eumque

260 2409 321 2449 pro
336 2399 502 2443 Episcopo
512 2425 524 2442 ‚
551 2404 830 2446 quemadmodum
841 2406 903 2447 est,
927 2404 1117 2440 haberemus
1127 2429 1139 2446 ‚

259 2453 360 2491 inquit
363 2452 394 2494 J
397 2449 474 2483 ulius
487 2456 520 2484 in
530 2452 647 2493 epistola
658 2455 702 2486 ad
712 2457 881 2489 Orientales
898 2480 906 2487 .

309 2499 444 2534 Errores
458 2499 554 2535 varii.
580 2500 709 2538 Primus
719 2503 785 2543 est,
811 2505 902 2549 quod
923 2505 1027 2549 Julius
1041 2502 1140 2539 Atha·

259 2548 350 2583 nasio
363 2560 402 2583 ae
420 2547 494 2584 aliis
515 2550 685 2596 Episcopis
704 2556 976 2590 communionem
998 2554 1140 2589 reddide-

259 2598 302 2632 rit
314 2622 326 2638 ,
351 2609 420 2633 non
432 2609 542 2634 tamen
555 2601 727 2638 Ecclefias.
760 2603 894 2639 Etenim
907 2616 973 2639 non
986 2605 1073 2639 solus
1084 2606 1139 2640 So-

260 2659 417 2682 zomenus
439 2673 450 2689 ,
477 2650 568 2694 cujus
594 2652 689 2687 verba
717 2654 793 2688 sunt
818 2655 952 2690 addusta
979 2654 1140 2699 superius,

260 2697 344 2732 istud
357 2696 474 2739 habet,
497 2700 551 2734 sed
563 2702 661 2736 etiam
675 2705 835 2739 Socrates:
856 2707 967 2750 Julius
978 2729 989 2745 ,
1000 2711 1141 2747 quoniam

261 2747 388 2790 Ecclesia
404 2752 542 2784 Romana
558 2753 753 2798 privilegium
770 2763 885 2797 praeter
894 2764 1020 2790 cateras
1033 2754 1140 2788 obtine-

258 2798 315 2832 bat
325 2822 336 2839 ,
361 2799 471 2833 litteris
487 2799 554 2843 suis
571 2803 615 2834 ad
623 2802 780 2847 Episcopo:
801 2810 934 2840 Orientis
945 2805 1063 2840 liberius
1072 2813 1138 2847 per·

258 2847 405 2891 scriptis,
429 2849 660 2887 damnatorum
685 2854 919 2899 Episcoporum
936 2864 1043 2899 partes
1063 2860 1140 2889 tueri

260 2897 355 2936 sludet
376 2924 383 2931 .
410 2903 447 2933 In
469 2905 616 2935 Orientem
638 2905 757 2938 litteras
778 2912 873 2938 mittit
895 2931 907 2947 ‚
933 2918 988 2949 quo
1010 2907 1044 2939 θ
1061 2903 1138 2947 suus

264 2951 362 2988 cuique
383 2950 459 2983 Iocus
480 2951 693 2995 restitueretur,
722 2956 757 2989 ό·
769 2966 815 2988 eos
834 2962 884 2999 qui
897 2957 960 2990 illos
973 2956 1080 2989 temere*
1089 2955 1138 2988 ab.

264 2996 462 3039 dicaverant,
483 3008 623 3044 graviter
643 3004 885 3046 reprehenderet.
914 3007 965 3039 Illi
986 3003 1139 3048 dili-‘edunt

265 3048 361 3078 Roma
381 3071 392 3088 ‚
415 3050 576 3094 litterisque
582 3055 670 3098 Julii
693 3055 831 3098 Epiftopi
853 3055 948 3099 confifi
968 3080 980 3096 ,
1005 3057 1050 3089 ad
1065 3053 1137 3098 suas

264 3092 392 3137 ipsorum
413 3100 536 3133 redeunt
554 3103 718 3146 Ecclefias:
746 3109 899 3146 Litteras,
925 3108 972 3139 ad
988 3116 1059 3149 quos
1067 3103 1139 3147 scri·

260 3152 328 3186 ‘ptae
337 3155 423 3179 erant
435 3170 446 3185 ‚
470 3153 615 3185 mittunt.
649 3155 751 3188 Biubi
770 3167 823 3189 eas
842 3165 1034 3199 acceperunt,
1051 3155 1140 3199 Julii

267 3194 513 3236 '‘prebenfionem
533 3201 640 3236 ducunt
658 3207 842 3240 contumeliae
867 3207 923 3239 loco
941 3220 953 3240 .-
979 3209 1139 3239 Concilium

266 3243 426 3278 Antiochia
448 3257 621 3285 convocans.
647 3254 702 3287 Ubi
716 3254 803 3296 fimul
821 3264 909 3300 atque
919 3264 1139 3296 convenerant,

265 3295 306 3327 de
323 3302 465 3328 communi
496 3300 785 3343 omniunsementia
803 3307 966 3349 Epssolam
977 3306 1113 3351 scribunt
1130 3328 1141 3345 ,

265 3351 423 3387 perquam
439 3347 566 3390 Julium
583 3359 685 3384 contra
708 3356 802 3388 acrius
821 3356 988 3398 insimulant
1010 3369 1017 3388 :
1045 3355 1144 3395 ostem

268 3394 402 3437 dumque
413 3394 442 3437 fi
453 3402 504 3438 4¹⁴²
522 3409 618 3435 mum
636 3400 757 3435 arbum
767 3405 1087 3448 Ecclefiafhrseeaeac‘i'i
1099 3402 1139 3448 es-

368 3443 475 3486 cbrist.
490 3450 567 3491 Lupi
577 3453 673 3493 opera
684 3453 716 3485 T.
737 3456 817 3486 Vm

1909 143 1995 176 111

1179 209 1269 254 sent,
1292 220 1355 242 rem
1370 208 1411 242 ab
1429 219 1461 242 eo
1483 221 1541 242 non
1559 211 1663 245 debere
1685 214 1821 247 decerni.
1847 211 1991 247 Proinde
2001 214 2071 255 epi«

1185 260 1284 299 stola,
1311 270 1374 301 qua
1399 258 1502 303 Julius
1526 259 1707 295 Athanasio
1725 263 1903 307 &reliquis
1923 260 2070 297 reddidit

1186 309 1382 349 suasSffles,
1409 320 1478 343 non
1500 310 1546 343 est
1569 311 1718 351 praesens,
1745 313 1798 346 sed
1819 313 1882 347 alia
1907 311 2048 347 anterior
2062 336 2069 344 .

1185 360 1278 407 Qin
1292 360 1393 403 ipsam
1405 360 1552 394 Socrates
1563 358 1597 393 ὃ(
1607 359 1809 394 sozomenus
1820 363 1962 397 viderint
1975 372 2072 402 ‚nour

1186 412 1232 445 est
1242 408 1463 445 dubitandum
1478 432 1486 442 .
1514 409 1563 444 At
1573 409 1639 453 ipsa
1657 408 1855 445 Eusebianos
1876 411 1957 447 adeo
1967 413 2072 450 offen·

1187 461 1259 501 dit,
1288 469 1325 494 ut
1350 459 1571 495 Antiochiam
1593 458 1733 494 abierint
1758 459 1799 494 ad
1822 471 1944 495 novam
1964 463 2070 504 Syno-

1188 511 1290 552 dum,
1318 509 1602 555 Athanasiumque
1620 521 1690 544 non
1710 510 2071 545 tantummodoiterum

1188 561 1415 595 damnaverint
1428 585 1439 601 ‚
1454 561 1506 595 sed
1518 560 1646 604 insuper
1659 561 1693 595 in
1701 560 1770 603 ejus
1782 559 1982 595 Cathedram
1992 572 2072 594 con-

1192 611 1383 646 secraverint
1402 622 1528 645 novum
1553 612 1755 655 Episcopum
1778 611 1978 655 Gregorium
1989 611 2074 653 Cap-

1192 660 1347 704 padocem
1360 686 1372 701 ‚
1397 662 1549 705 &ipsum
1566 671 1688 696 armata
1710 661 1855 696 militum
1874 672 1975 695 manu
1986 659 2079 703 jum-,⁴

1192 710 1258 745 rint
1284 711 1513 746 inthronizari.
1540 712 1651 746 Etiam
1675 711 1710 745 in
1726 711 1876 746 Marcelli
1899 709 2014 746 sedem
2026 710 2078 744 in-

1194 762 1355 796 truserunt
1376 762 1551 806 quemdam
1572 760 1728 796 Basilium
1751 787 1757 794 .
1786 763 1831 796 Et
1856 761 1944 805 Julio
1970 758 2079 795 rescri-

1196 812 1324 852 pserunt
1339 811 1472 846 illorum
1495 811 1737 846 restitutionem
1755 814 1817 847 esse
1827 810 2078 856 impossibilem:

1196 860 1366 895 Necenirn
1386 861 1470 897 duos
1491 860 1585 896 simul
1602 862 1782 905 Episcopos
1792 863 1880 904 posse
1902 862 1965 896 esse
1981 861 2017 894 in
2028 870 2083 894 eo·

1195 911 1268 944 dem
1282 910 1427 946 Throno
1438 935 1446 943 .
1472 911 1567 946 Hinc
1579 911 1686 955 Julius
1699 912 1863 955 reposuit:
1891 911 1962 951 Esto
1980 919 2015 943 ut
2018 907 2084 950 fini

1198 961 1372 1002 Athanasius
1393 963 1427 995 ὃ·
1440 963 1622 1004 Marcellus,
1647 969 1681 995 ut
1696 959 1833 1004 scribitis
1861 985 1872 1002 ,
1898 961 2043 993 translati
2064 960 2083 993 ὲ

1193 1009 1257 1052 suis
1275 1010 1400 1043 Sedibus
1411 1032 1421 1047 2
1435 1011 1490 1043 erc.
1517 1011 1597 1047 Istas
1608 1010 1934 1055 Superordinationes
1943 1008 2087 1055 gravissi-

1198 1058 1249 1093 me
1259 1059 1394 1093 damnat
1403 1083 1414 1099 ‚
1438 1059 1508 1092 vult
1520 1061 1781 1102 superordinatos
1793 1060 1868 1105 ejici
1883 1085 1894 1101 ,
1918 1061 1954 1094 ἀ
1967 1061 2086 1103 reponi

1188 1106 1421 1143 'Athanasium
1442 1118 1542 1152 atque
1554 1108 1750 1144 Marcellum
1760 1136 1768 1142 .
1796 1111 1907 1159 Qiare
1917 1109 2033 1145 Petrus
2043 1108 2086 1143 de

1201 1160 1311 1194 Marca
1323 1159 1467 1203 graviter
1477 1168 1559 1192 errat
1569 1181 1580 1197 ‚
1605 1158 1686 1193 dum
1697 1160 1797 1192 etiam
1810 1161 1844 1193 in
1857 1160 1918 1195 hac
1931 1160 2008 1203 Julii
2019 1157 2086 1202 epi-

1199 1209 1278 1243 stola
1304 1208 1411 1243 scribit
1424 1208 1550 1243 nullam
1560 1208 1629 1242 fieri
1642 1208 1846 1242 mentionem
1861 1208 1902 1242 de
1912 1210 2089 1244 restitutio·

1204 1271 1242 1293 ne
1253 1258 1387 1293 sedium
1400 1258 1511 1306 .Q1in
1525 1257 1612 1294 hanc
1623 1256 1864 1293 restitutionem
1876 1257 2008 1292 abunde
2019 1259 2088 1292 lau-

1201 1310 1257 1344 dat
1280 1309 1418 1353 epistola
1438 1331 1462 1348 ,,
1477 1308 1559 1343 dum
1585 1310 1724 1344 affirmat
1738 1306 1934 1350 ,Athanasio
1958 1307 1994 1342 ἀ
2015 1307 2090 1342 aliis

1206 1358 1378 1403 Episcopis
1394 1359 1554 1394 redditam
1573 1359 1591 1393 a
1603 1359 1692 1402 Julio
1710 1358 1986 1394 communionem
1999 1383 2006 1390 .
2034 1357 2092 1392 Et-

1202 1410 1292 1443 enim
1303 1408 1415 1444 laudat
1439 1420 1507 1443 non
1520 1409 1656 1444 Laicam
1668 1433 1679 1449 ‚
1705 1420 1776 1444 non
1789 1408 2010 1443 Diaconalem
2032 1415 2093 1442 aut

1204 1459 1478 1503 Presbyteralem,
1503 1459 1556 1493 sed
1576 1458 1720 1494 omnino
1739 1455 1970 1503 Episcopalem
1993 1468 2096 1493 com<

1205 1509 1416 1544 munionem:
1447 1510 1532 1558 Qae
1548 1510 1658 1553 palam
1680 1508 1822 1544 includit
1843 1508 2092 1545 restitutionem

1206 1558 1296 1592 Sedis
1307 1584 1314 1591 .
1343 1558 1436 1592 Hinc
1448 1559 1482 1592 in
1495 1559 1674 1594 Sardieensi
1687 1559 1845 1595 Concilio
1858 1560 1960 1603 prima
1980 1560 2016 1595 ἃ.
2027 1558 2095 1603 pai-

1205 1607 1301 1642 maris
1312 1608 1397 1643 inter
1408 1607 1628 1642 orthodoxos
1651 1609 1684 1643 &
1697 1607 1899 1642 Eusebianos
1915 1608 2094 1643 contentio

1204 1657 1292 1697 fuit,
1323 1658 1414 1700 quod
1427 1657 1480 1691 isti
1493 1657 1681 1692 constanter
1702 1658 1847 1698 vellent,
1872 1657 1908 1692 hi
1922 1657 2097 1702 pertinaci·

1205 1716 1252 1740 ter
1266 1706 1394 1739 nollent
1405 1704 1619 1740 Athanasium
1640 1706 1676 1739 &
1687 1706 1886 1740 Marcellum
1904 1708 2037 1742 admitti
2051 1706 2095 1742 ad

1205 1754 1406 1798 synodalem
1419 1755 1478 1789 suo
1492 1755 1568 1790 loco
1579 1756 1762 1790 consessum
1774 1764 1873 1799 atque
1886 1756 2093 1801 suffragium.

1205 1805 1336 1848 Nempe
1349 1805 1454 1848 Julius
1466 1804 1625 1840 Pontifex
1637 1805 1714 1839 illos
1725 1804 1821 1849 plene
1832 1805 2048 1846 revestiverar,
2057 1817 2097 1841 ac

1204 1855 1383 1889 restituerat
1405 1855 1519 1890 omnia
1534 1881 1541 1888 .
1569 1854 1613 1888 Et
1634 1854 1749 1891 Petrus
1759 1855 1800 1891 de
1810 1854 1924 1890 Marca
1946 1855 2014 1891 haec
2023 1867 2097 1891 non

1205 1905 1379 1949 ignoravit.
1407 1904 1462 1940 Ut
1475 1906 1643 1940 veritatem
1656 1906 1801 1951 effugiat,
1811 1907 1930 1948 profert
1942 1907 2097 1943 subtilem

1203 1953 1448 1989 distinstionem
1475 1955 1692 1990 restitutionis
1714 1957 1840 1991 direstae
1861 1957 2098 1992 arestitutione

1205 2016 1261 2050 per
1270 2005 1541 2049 consequentiam
1553 2030 1561 2038 .
1588 2004 1745 2041 Ridicula
1757 2007 1976 2042 Commenta.
2045 2023 2048 2025 —

1254 2056 1422 2090 Secundus
1433 2067 1521 2090 error
1531 2056 1576 2091 est
1593 2079 1604 2096 ,
1625 2056 1714 2099 quod
1723 2056 1858 2101 quaestio
1872 2057 1913 2091 de
1926 2058 2097 2093 restituen-

1205 2105 1256 2138 dis
1276 2105 1429 2139 Ecclefiis
1447 2105 1545 2140 fuerit
1566 2105 1778 2150 principalis,
1804 2108 1962 2142 reservata
1990 2111 2098 2152 Syno-

1205 2154 1249 2189 do
1263 2180 1274 2195 ,
1301 2166 1398 2199 quam
1420 2155 1525 2198 Julius
1545 2166 1801 2192 convocaverat.
1831 2158 1952 2192 Censet
1963 2158 2097 2193 damna-

1205 2215 1259 2239 tos
1278 2216 1316 2239 ac
1324 2205 1521 2248 appellantes
1536 2205 1717 2250 Episcopos
1731 2218 1798 2241 non
1815 2208 1953 2251 potuisse
1961 2209 2096 2242 revesti-

1205 2256 1230 2289 ri
1244 2279 1255 2296 ,
1283 2255 1342 2289 nifi
1355 2266 1410 2297 per
1430 2256 1463 2288 &
1474 2255 1545 2298 post
1557 2255 1724 2298 expletum
1736 2257 1993 2292 retractatorium
2006 2258 2098 2302 Judi·

1168 2340 1171 2341 γ
1202 2306 1293 2345 cium
1307 2329 1314 2336 .
1346 2304 1500 2339 Esterror
1519 2305 1741 2340 Eusebianus.
1768 2309 1852 2342 Haec
1862 2308 1951 2342 enim
1970 2309 2098 2343 facino-

1204 2358 1273 2390 rosa
1290 2355 1403 2390 Factio
1427 2355 1463 2388 in
1476 2354 1670 2390 Sardicenfis
1692 2357 1821 2398 Synodi
1842 2358 1985 2401 ingressu
2010 2356 2097 2393 istud

1205 2406 1309 2452 ipsum
1322 2405 1532 2449 praetenderat
1544 2405 1704 2440 observari
1717 2407 1752 2440 in
1766 2407 1927 2442 Marcello
1939 2408 1974 2442 ὃς
1987 2407 2095 2444 Atha-

1204 2456 1306 2490 nasio.
1335 2457 1378 2489 Et
1393 2455 1470 2498 quia
1494 2465 1563 2488 non
1574 2456 1788 2490 obtinuerunt
1803 2481 1814 2497 ‚
1839 2458 1881 2491 de
1894 2459 1988 2491 noste
1999 2459 2095 2502 fuge·

1204 2516 1280 2540 runt
1293 2503 1574 2548 Philippo-polim
1586 2529 1595 2544 ‚
1623 2504 1719 2539 isthic
1734 2506 1901 2541 laceraturi
1912 2515 2017 2540 totam
2031 2507 2095 2543 Ec·

1203 2556 1349 2590 cleliam.
1377 2555 1493 2598 Cogor
1516 2553 1629 2588 eadem
1654 2564 1817 2598 repetere.
1845 2556 1983 2591 Tertius
2001 2569 2102 2595 error*

1202 2606 1247 2639 est
1260 2630 1271 2646 ,
1295 2605 1386 2649 qnod
1401 2604 1570 2639 Dominus
1598 2603 1897 2649 Archi-Episcopus
1912 2618 2036 2642 certam
2055 2609 2092 2645 δε

1202 2657 1404 2700 exploratam
1417 2654 1557 2690 Socratis
1570 2666 1606 2688 ac
1620 2655 1796 2690 Sozomeni
1808 2658 2010 2692 assertionem
2023 2669 2093 2693 ten·

1202 2717 1248 2741 tet
1269 2715 1426 2740 evacuare
1453 2717 1508 2748 per
1519 2706 1686 2739 sceleratas
1705 2706 1738 2739 &
1750 2706 1988 2742 abominabiles
2006 2708 2094 2743 litte-

1203 2767 1250 2790 ras
1260 2755 1577 2800 Philippo-Politani
1597 2755 1836 2792 Conventiculi
1853 2783 1860 2790 .
1886 2758 2033 2804 Qartus
2045 2770 2092 2793 er-

1202 2818 1255 2841 ror
1265 2808 1333 2847 est,
1358 2806 1448 2848 quod
1473 2806 1548 2839 istas
1572 2805 1695 2839 litteras
1717 2807 1829 2842 denuo
1852 2807 2043 2843 transcribat
2053 2809 2089 2842 in

1202 2858 1351 2891 cunctam
1377 2855 1582 2890 Orientalem
1610 2855 1786 2891 Ecclesiam
1808 2884 1815 2891 .
1843 2858 1993 2905 Qintus
2015 2858 2060 2892 est
2076 2883 2090 2899 ‚

1202 2906 1290 2951 quod
1313 2906 1502 2949 profiteatur
1525 2907 1558 2939 se
1576 2906 1664 2949 sequi
1687 2908 1775 2941 sensa
1797 2908 1889 2941 istius
1910 2908 2093 2949 orientalis

1205 2956 1348 2990 Ecclefiae
1359 2980 1370 2996 ,
1394 2967 1494 3000 atque
1518 2955 1565 2990 ita
1589 2956 1621 2989 se
1642 2957 1749 3000 palam
1777 2958 1966 3001 profiteatur
1991 2959 2090 2993 Euse-

1204 3006 1341 3040 bianum
1352 3030 1361 3038 .

1206 3088 1207 3091 ,
1251 3058 1332 3092 Non
1346 3059 1463 3091 accuso
1475 3056 1563 3102 quod
1579 3057 1703 3091 nescio.
1733 3057 1866 3092 Etenim
1877 3069 1982 3094 novus
1995 3059 2088 3103 Dog-

1203 3108 1345 3142 matistes
1371 3107 1593 3149 prosequitur:
1622 3107 1821 3151 Neceffariam
1842 3110 1895 3153 esse
1916 3111 2086 3143 arbitratus

1198 3158 1266 3202 sum
1277 3156 1466 3201 discuffionem
1472 3162 1690 3198 praecipuorum
1696 3164 1827 3200 capitum
1836 3159 1924 3200 hujus
1937 3159 2062 3202 epistola
2075 3184 2086 3198 ,

1202 3210 1282 3252 quod
1291 3220 1326 3241 ea
1337 3233 1347 3249 ,
1373 3209 1457 3249 equ?
1470 3216 1503 3238 ac
1514 3207 1609 3240 verba
1622 3210 1771 3242 Sozomcni
1780 3234 1791 3249 ‚
1814 3218 1974 3251 perperam
1989 3208 2086 3242 baete-

1204 3256 1258 3292 ns'is
1283 3266 1399 3300 accepta
1416 3255 1476 3297 sint
1502 3256 1540 3289 ab
1549 3262 1588 3289 iis
1600 3281 1612 3298 ,
1639 3263 1690 3300 qui
1700 3269 1736 3292 ea
1746 3260 1930 3293 laudavere.
1958 3265 2086 3293 Conten-

1205 3311 1281 3343 dunt
1291 3314 1369 3342 enim
1381 3305 1508 3339 Fadum
1511 3309 1544 3352 J
1546 3308 1599 3340 ulii
1607 3333 1617 3348 ,
1646 3310 1726 3350 quod
1737 3308 1818 3342 nibil
1826 3311 1914 3343 aliud
1920 3310 1960 3350 est
1972 3335 1982 3350 ,
1996 3319 2086 3352 quam

1205 3360 1284 3392 velut
1295 3356 1445 3401 quoddam
1454 3355 1580 3399 obsequii
1584 3369 1679 3401 genus
1702 3360 1748 3391 ad
1763 3362 1953 3394 retinendam
1962 3368 2084 3402 commu·

1205 3416 1319 3445 nionem
1328 3433 1340 3450 ‚
1365 3410 1386 3446 ἃ,
1393 3405 1533 3451 suprema
1544 3409 1607 3449 ojus
1611 3406 1701 3451 juris
1695 3409 1820 3443 dimone
1836 3409 2002 3452 pmftfflum
2012 3406 2062 3448 effe
2071 3430 2084 3447 ,

1203 3478 1206 3482 ι
1688 3457 1719 3490 Κ
1770 3470 1792 3495 2
1990 3465 2039 3489 at-
