2326 3718
573 124 1350 185 THEODoREr19CY1tENS1s
1389 130 1696 180 Eprscopr,

219 212 339 252 repente*
361 212 394 245 θ
415 212 655 245 recomiliari'ab
682 225 717 247 ea
742 237 753 254 ,
795 214 830 247 (ss
853 211 946 245 Pallio
971 212 1101 244 decorari

219 271 356 303 quaerens
369 283 380 301 ‚
404 260 532 303 &quast
551 261 715 305 Episcopus
739 271 819 296 inter
832 261 1013 305 Episcopos,
1040 261 1102 294 nul·

218 311 250 343 la
277 308 343 352 fisae
377 309 470 353 causae
501 310 662 353 discufflone
679 318 886 355 praeveniente
919 337 929 353 ‚
962 310 1103 354 poscens,

217 360 265 392 ad
281 360 404 393 eandem
427 359 578 404 summam
602 365 706 398 Sedem
734 362 877 404 accesserit
898 388 909 403 ,
934 365 954 396 ἃ
979 373 1039 405 qua
1060 372 1101 394 re·

211 408 357 450 probatus
380 410 419 443 ab
442 413 515 446 aliis
542 416 649 447 merito
675 413 778 447 debuit
801 414 953 454 reprobari
976 435 987 451 ,
1012 412 1103 444 donec

213 457 342 502 supplex
367 460 406 493 ab
438 474 474 495 ea
501 464 575 496 Sede
606 460 732 506 posceret
759 465 906 496 canonici?
932 462 1103 503 adjuvari.

216 508 321 543 Hunc
344 510 512 546 turbidum
524 524 562 546 ac
582 512 802 548 facinorosum
824 511 1021 556 procedendi
1037 521 1102 543 mo·

216 556 297 593 dum
329 559 514 596 Paschafius
546 562 745 609 Qesnellus
777 563 933 607 impingit
973 560 1104 605 Magno

216 609 342 644 Leoni.
373 612 456 645 Sane
476 612 497 644 si
523 613 581 645 tali
613 612 663 647 via
687 613 922 648 Theodoretus
943 611 1047 645 fuisset
1069 609 1102 642 in

215 660 444 704 Episcopalem
481 664 755 698 communionem
791 675 829 697 ac
866 661 1104 696 revestitionem

216 708 358 744 intrusus
384 735 394 751 ‚
431 711 463 744 in
494 710 753 747 Chalcedonenfi
781 713 919 756 Synodo
947 709 1103 755 AEgyptii

216 771 256 794 ac
275 760 334 794 aiii
360 760 538 805 Episcopi,
563 764 618 806 qui
641 763 747 806 ipsum
775 762 904 806 peffime
924 762 1108 795 aversaban-

214 819 271 843 tur
288 835 299 850 ,
327 810 413 845 istud
435 812 552 846 vitium
577 814 612 847 in
636 813 700 847 suis
727 814 849 848 iteratis
875 810 1104 847 intercessioni-

214 858 279 893 bus
299 862 504 904 nequaquam
532 863 703 897 tacuiffent
724 888 731 896 .
760 863 912 897 Profecto
939 860 1107 894 Theodo-

215 919 306 944 tetus
329 923 396 945 non
422 911 607 951 violenter,
622 912 806 956 'quomodo
832 911 929 946 Ebbo
949 936 959 951 ‚
986 909 1106 943 revesti-

216 959 247 994 ti
271 960 401 1001 voluit,
428 962 482 995 sed
507 961 673 995 invocavit
697 963 814 1006 justum
839 962 1005 995 &testum
1026 960 1108 993 Leo-

217 1009 272 1043 nis
291 1009 478 1051 Tribumrl,
503 1011 696 1054 exspeEtavit
715 1012 807 1045 Sedis
830 1011 1033 1053 Apostolicae
1045 1010 1107 1041 sen·

217 1060 362 1094 tentiam
387 1084 399 1099 ,
424 1061 557 1102 rogavit
577 1059 738 1101 judicium
759 1072 800 1093 ex
827 1061 951 1103 scriptis
977 1059 1019 1093 ab
1040 1059 1109 1101 ipso

219 1106 312 1141 libris
331 1107 488 1142 constitui
509 1119 516 1139 ε
545 1108 590 1141 Et
613 1108 759 1153 Magnus
777 1110 849 1143 Leo
872 1110 979 1144 taliter
1003 1109 1109 1142 omni-

217 1155 266 1192 no
286 1158 367 1192 fecit
389 1182 397 1190 .
426 1157 532 1192 Lucet
558 1169 599 1191 ex
623 1158 935 1193 Gloriofiffimorum
958 1159 1106 1202 judicum

218 1206 261 1241 ad
292 1206 596 1242 chalcedonensem
631 1208 806 1251 Synodum
833 1210 1110 1249 interlocutione,

220 1268 284 1301 qua
318 1257 524 1301 postularunt
561 1257 766 1293 definitivam
799 1270 858 1303 pro
890 1258 1110 1292 Theodoreto

219 1308 417 1342 sententiam
444 1321 452 1341 :
479 1309 631 1341 Sententia
658 1308 833 1351 proferatur
856 1334 867 1349 ,
893 1317 926 1343 ut
952 1307 1111 1350 Ecclefiam

216 1356 308 1402 suam
339 1362 466 1400 recipiat
487 1382 498 1398 ‚
528 1357 602 1400 ficut
632 1360 667 1392 (ν
689 1359 882 1399 Sanc‘Jiffimus
918 1363 978 1392 Leo
1011 1358 1110 1404 Archi-

219 1405 389 1450 Episcopus
424 1410 582 1449 J'udicavit
613 1433 621 1441 .
666 1408 738 1443 Nisa
778 1410 886 1444 forsan
926 1408 1112 1443 Paschasius

219 1458 419 1503 Qesnellus
449 1459 579 1492 censeat
605 1457 764 1501 judicium
794 1459 879 1493 istud
909 1460 1018 1493 fuisset
1042 1470 1109 1492 non

219 1507 390 1552 Synodale
403 1518 459 1542 aut
475 1508 687 1552 Episcopale,
717 1509 771 1543 sed
796 1509 996 1544 Dostorale:
1022 1509 1110 1557 Qa-

220 1557 253 1591 le
279 1556 381 1592 hodie
403 1559 529 1594 faciunt
553 1558 704 1603 Magistri
727 1560 828 1593 nostri
849 1585 860 1601 ‚
889 1559 968 1593 dum
989 1559 1031 1593 de
1054 1560 1108 1593 ali·

221 1606 315 1649 quus
344 1609 702 1643 excommunicationis
738 1609 849 1643 valore
881 1610 1025 1644 consulti
1050 1610 1109 1643 res-

220 1657 372 1702 pondent
402 1683 410 1691 .
454 1659 497 1692 Et
526 1658 615 1691 hunc
643 1660 705 1693 effe
729 1659 826 1703 ipfius
862 1660 989 1694 sensum
1015 1683 1027 1699 ,
1052 1659 1110 1703 qui

222 1706 426 1751 Apostolicae
453 1707 543 1743 Sedis
563 1708 763 1753 dignitatem
786 1709 955 1744 manifeste
974 1711 1110 1751 evertit,

220 1758 327 1792 muita
354 1758 509 1793 suadent.

271 1807 440 1844 Secundus
461 1819 548 1843 error
578 1809 624 1844 est
648 1834 659 1851 ,
686 1811 775 1855 quod
797 1810 944 1856 Magnus
967 1813 1039 1846 Leo
1068 1822 1110 1845 ex

221 1857 769 1904 AnatoliiConstantinopolitani
793 1862 910 1896 litteris
930 1886 941 1903 ,
967 1861 1111 1896 Maximi

219 1907 416 1943 Patriarchae
449 1909 657 1951 Antiocheni
695 1910 903 1943 Trastoriam
939 1911 1109 1944 laudanti-

218 1957 280 1993 bus
303 1981 315 1998 ,
349 1958 447 1992 suerit
477 1952 646 2002 permotus
676 1958 717 1992 ad
749 1958 1003 1994 Theodoretum
1028 1970 1111 1994 reve·

218 2007 413 2041 ssieudum.
444 2008 581 2040 Etenim
611 2007 790 2041 Anatolius
818 2020 886 2041 non
915 2011 977 2041 fuit
1000 2010 1018 2039 ὲ
1039 2009 1100 2039 Ma

219 2067 291 2101 gno
312 2054 429 2090 Leone
451 2056 486 2089 in
508 2054 622 2100 Regiae
643 2057 786 2090 civitatis
810 2055 1009 2099 Episcopum
1034 2067 1110 2089 con-

219 2107 388 2147 firmatus,
414 2105 559 2149 ideoque
581 2116 639 2140 nec
662 2106 717 2148 ipss
744 2116 799 2148 per
821 2106 944 2141 litteras
964 2117 1108 2140 commu·

219 2156 347 2191 nicavit
366 2180 379 2196 ,
407 2156 466 2190 nifi
495 2156 564 2199 post
591 2154 777 2190 Theodosii
799 2166 940 2190 mortem
962 2181 972 2196 ‚
998 2157 1031 2190 ἀ
1050 2157 1111 2189 Im-

219 2206 313 2250 perio
333 2207 506 2240 admotum
530 2206 733 2240 Mattianum
747 2230 754 2237 .
782 2209 830 2240 At
851 2218 928 2240 vero
951 2204 1110 2240 Theodo-

219 2265 308 2290 retus
340 2254 447 2298 palam
482 2255 659 2298 appellavit
684 2278 696 2293 ,
721 2266 758 2289 ac
784 2255 951 2290 revestitus
977 2257 1040 2290 fuit
1068 2256 1110 2289 vi-

219 2314 319 2339 vente
339 2304 554 2338 Theodofio.
582 2304 687 2339 Lucet
699 2315 740 2339 ex
761 2304 828 2348 ejus
850 2306 975 2340 verbis:
1004 2308 1110 2349 ,Quan-

221 2356 382 2396 doquidem
405 2364 442 2387 ne
463 2355 508 2386 ad
533 2365 588 2387 vos
619 2356 822 2389 contenderem
845 2380 856 2396 ‚
882 2360 1042 2400 Regiarum
1065 2357 1109 2389 lit-

220 2416 359 2440 terarum
390 2404 515 2438 vincula
544 2409 731 2438 retinuerunt
755 2429 765 2444 ‚
804 2407 1051 2447 quemadmodum
1078 2407 1111 2439 (at

222 2456 297 2488 alios
321 2480 327 2487 .
356 2453 446 2488 Istud
467 2454 641 2489 vinculum
661 2454 847 2490 Martianus
866 2467 928 2490 nec
952 2457 992 2490 ad
1011 2466 1110 2489 unam

221 2505 340 2540 horam
366 2503 576 2539 continuavit
596 2528 605 2537 .
634 2505 739 2539 Lucet
766 2517 806 2539 ex
829 2507 950 2540 SanCtae
975 2505 1111 2550 Impera-

222 2555 315 2590 tticis
337 2552 518 2589 Pulchetiae
537 2555 577 2589 ad
609 2554 774 2599 Magnum
802 2556 950 2590 Leonem
976 2556 1111 2597 litteris,

220 2605 347 2649 scriptis
361 2604 470 2639 statim
493 2604 563 2647 post
588 2605 682 2638 suum
707 2617 784 2640 cum
807 2606 975 2641 Martiano
1001 2605 1110 2651 Virgi-

221 2656 298 2690 naie
318 2654 527 2699 Conjugium
542 2667 555 2687 .-
580 2657 672 2697 Super
695 2654 948 2699 haecautemsciat
970 2667 1025 2690 tua
1037 2659 1111 2690 san·

223 2706 337 2746 ditas,
365 2707 506 2748 quoniam
528 2708 684 2747 Praecepto
704 2705 791 2747 nostri
803 2710 924 2739 Domini
937 2731 948 2746 ,
974 2709 1007 2740 ὁ*
1029 2716 1111 2739 tran-

225 2756 384 2798 quilliffimi
407 2758 557 2798 Principis
578 2760 636 2789 mei
659 2758 801 2799 conjugis
815 2782 826 2797 ‚
851 2762 885 2790 in
900 2755 1056 2801 gloriosam
1076 2762 1114 2790 ci·

225 2810 358 2840 vitatem
382 2805 662 2847 Constantinopolim
671 2808 699 2838 5.
712 2812 861 2840 memoria·
880 2806 1021 2850 Episcopi
1040 2809 1112 2840 Fla-

222 2859 316 2887 viani
343 2863 444 2896 corpus
474 2857 600 2888 allatum
623 2855 662 2896 est
684 2880 695 2896 ‚
721 2858 755 2890 (5
780 2863 814 2889 in
843 2857 970 2898 Bafilica
999 2857 1110 2899 Aposto-

226 2903 319 2936 lorum
343 2927 354 2943 ‚
381 2910 413 2936 ia
437 2916 496 2947 qua
517 2904 727 2948 consueverunt
751 2908 972 2950 Praedeceffbres
993 2905 1110 2950 Episco-

222 2959 259 2995 pi
277 2951 398 2996 sepeliri
421 2977 433 2992 ,
460 2964 655 2997 competenter
678 2956 718 2990 ed
731 2956 872 2998 pofitum.
896 2960 942 2990 Et
964 2956 1017 2990 bos
1032 2957 1112 2999 fimi-

228 3006 298 3037 liter
309 3001 493 3046 Episcopos,
515 3010 568 3046 qui
587 3015 710 3048 propter
731 3008 856 3040 eandem
877 3005 994 3050 causam
1007 3032 1018 3048 ‚
1041 3020 1111 3051 quo-

227 3056 312 3089 niam
343 3064 406 3086 cum
438 3054 618 3094 Sanc‘iiffimo
678 3058 832 3091 Flaviano
855 3060 902 3090 ad
929 3059 1112 3091 concordiam

230 3102 393 3136 catholica
414 3103 489 3145 fidei
508 3115 716 3139 concurrerant
727 3131 738 3147 ,
756 3108 846 3141 exillo
865 3109 1003 3149 deputati
1018 3108 1110 3151 sunt,

229 3159 343 3187 reverti
374 3154 478 3188 debere
500 3179 510 3194 ‚
548 3154 646 3188 robore
670 3157 855 3200 Pragmatici
878 3156 928 3200 sui
946 3165 1089 3200 praecepit
1102 3183 1112 3198 ‚

234 3204 383 3246 quatenus
405 3211 460 3245 per
482 3205 723 3246 approbationem
744 3208 847 3244 synodi
860 3232 871 3247 ,
889 3216 977 3250 atque
996 3207 1111 3252 senten-

230 3260 307 3288 tiam
332 3259 461 3286 omnium
486 3253 694 3297 Episcoporum
710 3263 965 3299 convenientium,
998 3256 1112 3302 Episco-

226 3311 337 3345 patum
372 3305 406 3338 ὀ*
432 3303 574 3346 Ecclefias
594 3310 734 3348 proprias
767 3312 894 3348 recipere
925 3318 1112 3344 mereantur.

1161 208 1240 242 Hoc
1264 209 1424 244 Martiani
1449 209 1688 255 pragmaticum
1700 215 1873 252 laudarunt
1892 217 1926 252 in
1937 217 2036 253 Chal·

1161 258 1333 294 cedonenfi
1356 260 1493 303 Synodo
1516 262 1738 300 Gloriofiffimi
1762 267 1906 311 Judices:
1935 273 2037 313 Ingre-

1164 311 1267 342 diatur
1291 312 1325 344 (3*
1350 312 1608 351 Reverendiffimus
1628 316 1788 359 Episcopus
1819 317 2036 360 Tbeodoretus,

1161 368 1193 391 ut
1211 359 1249 401 fit
1265 366 1418 402 particeps
1443 363 1564 401 smodi,
1589 369 1662 405 quia
1683 367 1848 406 &restituit
1873 374 1898 401 ei
1920 368 2039 411 Episco-

1159 417 1266 451 patum
1297 412 1344 443 55.
1367 410 1630 454 Archi-Episcopus
1657 416 1716 447 Leo
1738 438 1748 453 ‚
1780 420 1813 451 Θ
1836 419 2040 459 Sacratifflmus

1164 464 1327 502 Imperator
1342 459 1451 503 sanxit
1474 473 1539 494 eum
1560 463 1654 506 adesse
1674 466 1704 497 5.
1725 465 1848 501 Synodo.
1875 469 1917 503 Et
1939 468 2040 501 infraz

1166 512 1376 551 Praejudicium
1399 522 1436 544 ex
1463 511 1592 555 persona
1620 515 1856 554 Reverendiffimi
1888 518 2044 551 Theodore-

1167 565 1191 591 ti
1220 558 1359 602 Episcopi
1388 573 1445 594 non
1463 563 1658 605 generabitur
1683 588 1694 604 ,
1722 562 1876 607 reservata
1908 569 2045 601 videlicet

1161 608 1222 650 post
1243 610 1304 643 haec
1324 617 1402 643 omni
1423 610 1603 654 accusatione
1632 638 1643 654 ,
1676 616 1710 647 ὢ*
1729 614 1815 648 vobis
1849 617 1884 649 <St
1901 615 1947 648 ilii
1970 638 1981 655 ‚
2012 619 2046 650 Θ

1166 670 1232 701 quae
1252 666 1381 694 invicem
1393 672 1526 696 exercere
1548 664 1703 697 volueritis
1716 689 1723 696 .
1751 664 1881 708 Nempe
1901 665 2048 710 Magnus
2078 685 2085 691 ν

1167 709 1238 742 Leo
1262 710 1516 745 Theodoretum
1538 724 1606 747 non
1631 713 1726 757 plene
1749 725 1970 758 reparaverat,
1995 715 2048 749 sed

1167 759 1337 793 dumtaxat
1358 761 1582 802 revestiverat‚
1609 765 1869 799 retractatorium
1892 765 2050 799 definien—

1167 808 1215 842 dae
1250 811 1350 843 causae
1379 809 1540 854 judicium
1570 814 1731 847 reservans
1763 825 1802 848 ae
1827 815 2049 849 transmittens

1168 858 1207 892 ad
1234 858 1375 894 futuram
1404 862 1579 904 Synodum
1598 886 1605 895 .
1634 863 1678 897 Et
1704 862 1769 897 hoc
1795 864 1864 907 ejus
1889 865 2050 907 judicium

1169 907 1354 943 Martianus
1386 910 1481 953 plene
1513 912 1762 948 confirmaverat
1786 924 1842 956 per
1869 914 2051 959 Pragmati-

1170 969 1244 990 cum
1264 982 1272 990 .
1301 959 1394 994 Hinc
1423 961 1566 997 Gloriosi
1598 963 1729 1006 judices
1762 974 1901 998 utuntur
1929 965 2053 1004 verbo,

1169 1008 1302 1042 Sanxit:
1330 1009 1386 1042 Est
1408 1013 1667 1055 correspondens
1678 1012 1910 1058 pragmatico.
1941 1013 2053 1048 Etiam

1172 1056 1341 1092 Maximus
1381 1059 1612 1096 Antiochenus
1645 1074 1714 1097 non
1747 1063 1851 1098 emifit
1886 1064 2053 1098 laudatam

1171 1105 1378 1142 Trastoriam
1402 1134 1413 1149 ‚
1441 1110 1499 1144 nifi
1520 1111 1584 1154 jam
1612 1123 1667 1155 per
1689 1113 1838 1148 Leonem
1861 1114 1893 1147 in
1922 1113 2055 1158 Episco-

1172 1166 1247 1198 patu
1283 1158 1497 1192 confirmatus
1528 1185 1536 1192 .
1571 1161 1714 1196 Proinde
1740 1162 1798 1197 ista
1835 1165 1948 1198 omnia
1980 1165 2055 1198 sunt

1171 1204 1381 1241 Theodoreti
1413 1208 1622 1244 revestitione
1657 1211 1830 1252 posteriora
1866 1239 1877 1254 ‚
1913 1213 2056 1256 ideoque

1173 1255 1337 1300 Magnum
1374 1257 1520 1292 nostrum
1546 1256 1745 1293 Pontificem
1778 1272 1847 1295 non
1880 1272 2058 1305 potuerunt

1173 1316 1360 1348 permovere
1381 1307 1420 1341 ad
1434 1306 1528 1341 illum
1550 1308 1788 1343 revestiendum
1802 1333 1810 1341 .
1837 1311 1972 1353 Insuper
1986 1311 2062 1345 Ma·

1173 1355 1255 1389 ximi
1279 1355 1452 1391 Trasioria
1479 1358 1579 1403 dirigi
1610 1370 1681 1392 non
1707 1359 1815 1403 potuit
1836 1360 1877 1394 ad
1906 1361 2058 1396 Sanctum

1174 1405 1381 1440 Flavianum.
1413 1407 1548 1442 Etenim
1571 1408 1740 1443 Maximus
1763 1410 1830 1443 fuit
1854 1412 2058 1445 consecratus

1172 1456 1214 1490 ab
1235 1456 1400 1491 Anatolio
1418 1480 1432 1496 ,
1458 1468 1556 1501 quem
1580 1457 1767 1493 Paschasius
1790 1460 1988 1508 Qesnellus
2014 1472 2060 1495 re·

1173 1506 1220 1540 <ste
1242 1506 1352 1541 scribit
1371 1518 1439 1541 non
1463 1508 1556 1543 fuisse
1578 1509 1789 1550 ordinatum,
1817 1510 1874 1544 nisi
1891 1511 1962 1554 post
1974 1521 2061 1545 mor·
2083 1549 2086 1552 ,

1173 1567 1240 1591 tem
1261 1558 1370 1592 Sancti
1393 1557 1541 1603 Flaviani
1565 1582 1574 1590 .
1613 1558 1657 1593 Et
1683 1558 1739 1593 hic
1764 1558 1811 1595 est
1839 1562 1954 1596 tertius
1976 1586 1987 1602 ‚
2016 1561 2059 1596 ad

1173 1617 1241 1641 rem
1278 1616 1387 1641 tamen
1417 1609 1604 1652 praesentem
1635 1619 1704 1644 non
1732 1609 1896 1655 pertinens
1917 1637 1928 1654 ,
1966 1612 2060 1646 istius

1173 1668 1233 1691 viri
1256 1667 1344 1691 error
1358 1681 1365 1689 .
1570 1697 1573 1700 Α

1223 1706 1359 1741 Interim
1391 1708 1496 1753 pergit
1525 1720 1586 1744 nos
1616 1711 1755 1755 fatigare
1786 1710 1899 1746 multis
1931 1712 2059 1748 verbis:

1173 1760 1269 1792 Enim
1291 1759 1361 1791 vero
1374 1756 1405 1799 fi
1422 1769 1490 1793 eam
1512 1759 1547 1793 ob
1568 1772 1630 1794 rem
1651 1760 1928 1801 restitutumasede
1951 1763 2062 1805 Aposto-

1172 1807 1230 1841 lica
1252 1807 1462 1843 Theodoretum
1483 1813 1644 1845 contendas
1666 1836 1677 1853 ‚
1705 1818 1777 1855 quia
1799 1823 1864 1846 eum
1893 1818 2063 1847 cornmunio-

1173 1863 1220 1891 nis
1243 1855 1309 1900 suae
1334 1857 1397 1898 ssnu
1418 1860 1585 1902 complexus
1606 1861 1663 1903 est,
1691 1864 1799 1904 quidni
1821 1865 1842 1896 ἃ
1863 1870 1977 1898 caeteris
1989 1875 2062 1907 quo—

1174 1909 1229 1947 que*
1252 1905 1406 1947 Episcopi:
1425 1910 1589 1946 restitutum
1610 1923 1675 1945 eum
1705 1919 1881 1954 pronuncies
1907 1938 1918 1953 ,
1944 1925 2007 1946 cum
2028 1916 2062 1947 Θ

1175 1958 1330 1987 Maximus
1360 1955 1551 1990 antiochenus
1571 1982 1582 1998 ‚
1607 1963 1672 1999 ejus
1698 1963 1821 1993 Primas
1844 1986 1855 2001 ,
1880 1964 1915 1995 (a
1949 1968 2063 1995 Anato-

1173 2006 1232 2034 lius
1254 2004 1598 2046 constantinopolitanus
1618 2032 1629 2046 ‚
1655 2011 1690 2042 &
1710 2011 1763 2042 alii
1795 2012 1917 2050 plurimi
1946 2012 2065 2052 Antisti-

1174 2060 1219 2084 tes
1243 2054 1439 2086 Orientalium
1455 2060 1593 2095 partium
1606 2079 1616 2094 ,
1642 2065 1850 2091 communionis
1874 2072 1940 2092 cum
1961 2074 1992 2094 eo
2014 2075 2063 2095 ne-

1173 2113 1246 2134 xum
1270 2102 1322 2136 vel
1343 2103 1517 2145 abruperint
1540 2109 1693 2147 nunquam
1707 2130 1718 2145 ,
1744 2109 1797 2140 vel
1816 2121 1882 2141 mox
1912 2111 2064 2155 religave—

1174 2157 1257 2185 rInt.
1285 2154 1483 2195 ,Quamqucim
1509 2158 1636 2187 Romani
1659 2157 1810 2199 Pontifici:
1833 2170 1935 2192 votum
1954 2185 1963 2199 ‚
1987 2161 2064 2204 ejus-

1173 2213 1228 2244 que
1257 2209 1469 2236 communionis
1498 2202 1672 2249 sufflagium
1698 2215 1767 2248 prae
1791 2217 1905 2241 caeteris
1926 2211 2062 2244 habitum

1171 2252 1223 2294 effe
1246 2259 1312 2295 quis
1339 2254 1413 2286 velit
1437 2255 1556 2296 diffiteri
1579 2280 1590 2295 ‚
1616 2258 1716 2297 utpote3
1751 2261 1910 2292 Primariae
1933 2268 2061 2294 omnium

1173 2302 1257 2335 Sedis
1280 2301 1420 2345 Episcopi
1445 2328 1456 2344 ,
1481 2310 1541 2337 viri
1562 2303 1683 2346 insuper
1702 2308 1871 2347 Sanffliffimi
1890 2333 1898 2347 ‚
1933 2313 2062 2351 Dodiiffl—

1173 2358 1292 2394 mique,
1318 2353 1352 2386 Θ
1372 2359 1404 2386 in
1428 2352 1484 2387 hac
1502 2352 1668 2396 praesertim
1690 2355 1778 2399 causa
1801 2359 1960 2392 Catholt'cae
1988 2362 2063 2401 fidet

1168 2401 1280 2443 strenui
1302 2401 1475 2444 Defensor-is
1495 2405 1508 2436 ,²
1537 2407 1610 2437 Rem
1632 2414 1734 2438 tamen
1757 2416 1851 2439 totam
1882 2422 1919 2441 ex
1956 2414 2062 2444 Leonis

1175 2451 1268 2485 Facio
1281 2451 1405 2494 finitam
1427 2453 1480 2496 effe
1503 2453 1625 2496 asserere
1645 2465 1703 2487 non
1716 2457 1863 2498 paeffumus
1876 2483 1885 2497 ,
1912 2471 1973 2490 erm
1995 2473 2061 2493 eam

1174 2502 1277 2535 rursus
1299 2503 1344 2534 ad
1363 2504 1498 2536 incudem
1518 2511 1655 2536 vocatam
1678 2507 1698 2537 ἃ
1723 2507 1867 2540 Patribus
1900 2509 2060 2542 Chalcedo-

1175 2551 1326 2594 ncnfibus,
1354 2561 1454 2585 notum
1472 2551 1511 2593 fit
1530 2553 1644 2588 cuilibet
1655 2553 1743 2596 hujus
1754 2558 1857 2595 synodi
1870 2558 1941 2590 Adia
1965 2571 2060 2592 recen-

1169 2601 1247 2645 senti
1264 2627 1271 2633 .
1297 2602 1391 2645 quue
1396 2602 1517 2644 fadum
1527 2603 1565 2644 est
1576 2603 1712 2646 exipsius
1725 2606 1828 2639 sandi
1852 2611 1956 2640 Leom
1980 2623 2061 2643 men-

1173 2663 1219 2686 te.
1247 2657 1324 2686 Cum
1345 2659 1423 2686 enim
1444 2653 1503 2696 post
1528 2653 1706 2696 prefinam
1729 2655 1991 2699 Pftudo-synoa'um
2007 2669 2059 2700 pa·

1170 2701 1296 2746 poscffet
1319 2703 1444 2737 SanHus
1467 2707 1544 2743 Leo,
1570 2711 1603 2737 ut
1624 2705 1933 2750 omnibusaDioscoro
1957 2713 2059 2743 Decre-

1174 2758 1215 2787 tis
1233 2751 1470 2797 supersedeatur
1485 2779 1496 2794 ‚
1522 2755 1554 2789 ὅ(
1577 2756 1691 2789 omnia
1712 2756 1747 2789 in
1770 2758 1886 2791 eodem
1911 2760 1993 2792 statu
2014 2761 2059 2793 es-

1173 2805 1262 2843 sent,
1288 2805 1321 2837 in
1345 2815 1412 2847 quo
1434 2805 1561 2838 fuerant
1581 2815 1657 2839 ante
1679 2808 1975 2850 omnejudicuum,
2001 2809 2058 2842 do-

1174 2865 1234 2888 nec
1254 2853 1359 2897 major
1384 2866 1425 2888 ex
1446 2864 1520 2889 toto
1540 2852 1630 2889 Orbe
1662 2856 1873 2891 sacerdotum
1907 2870 2056 2893 numerus

1173 2914 1424 2949 congregaretur
1447 2928 1459 2944 ,
1484 2904 1535 2938 hoc
1560 2905 1666 2947 procul
1694 2906 1780 2939 dubio
1804 2908 1956 2950 Pontificis
1990 2918 2056 2942 erat

1173 2953 1335 2994 confilium,
1360 2962 1393 2988 ut
1415 2956 1539 2995 majoris
1575 2953 1739 2998 hujusmodi
1772 2957 1983 2999 Epist-oporam
2004 2971 2056 2992 nu·

1174 3011 1243 3038 meri
1259 3005 1377 3043 judicio
1398 3005 1433 3039 <9⁹
1450 3010 1581 3037 examini
1603 3013 1703 3038 omnia
1725 3008 1761 3040 de
1781 3018 1857 3040 novo
1877 3009 1964 3050 quast*
1977 3011 2056 3047 inju-

1174 3057 1274 3088 dicata
1292 3054 1505 3098 subjicerentur
1518 3079 1529 3094 ,
1554 3054 1604 3087 ubi
1620 3056 1750 3097 primum
1765 3068 1952 3102 congregatus
1971 3059 2055 3102 effirt.

1174 3110 1240 3138 Nec
1259 3105 1298 3145 est
1319 3107 1398 3147 quod
1417 3111 1482 3147 quis
1504 3103 1676 3154 Tftodoreti
1700 3107 1819 3149 causam
1854 3109 1892 3141 ab
1913 3109 1965 3147 ista
1997 3111 2055 3151 lege

1174 3155 1363 3189 eximendam
1383 3154 1526 3192 existimet
1545 3179 1556 3195 ,
1581 3166 1645 3188 cum
1660 3158 1763 3197 potius
1786 3156 1850 3191 baec
1875 3166 1943 3200 prae
1963 3168 2054 3190 σωτε-

1175 3212 1218 3239 ris
1239 3216 1298 3237 una
1319 3206 1421 3243 synodi
1442 3216 1568 3238 examen
1585 3206 1761 3249 postularet.
1792 3210 1850 3241 Alii
1868 3216 1946 3241 enim
1968 3209 2055 3247 pleri-

1174 3258 1230 3298 que²
1252 3253 1410 3298 Episcopi,
1434 3266 1506 3297 quos
1526 3252 1779 3298 Pseudo-synodus
1800 3258 1948 3300 prefina
1967 3258 2053 3289 sedi·-

1175 3306 1227 3340 bus
1246 3304 1311 3350 suis
1331 3306 1475 3346 dejecerat
1491 3329 1502 3346 ,
1527 3316 1601 3342 ante
1626 3310 1827 3342 Latrocinium
1852 3314 1884 3341 in
1908 3305 2053 3352 suspicio*

1938 3367 2004 3390 nem
