2326 3718
687 126 966 171 Romnum
1003 125 1581 177 ΑΡΡειιΑτ-ιωΝιΒυε,

1891 141 1982 175 201

228 214 416 252 etiamnum
434 209 538 249 hodie
550 211 600 245 est
613 210 698 254 apud
719 211 850 246 Graecos
864 231 875 247 ‚
901 207 1120 243 tenacissimos
1174 205 1286 250 seme.-
1310 208 1390 240 sicut
1399 208 1591 247 vetustiffimts
1600 210 1718 252 mufivis
1729 212 1912 256 velpmurts
1929 214 2060 255 ostendi-

236 267 446 309 antiquorum
458 263 597 298 rituum.
625 261 757 300 Etenim
780 259 939 293 clamosus
963 257 1017 291 ille
1035 256 1120 290 Grae-

231 327 315 356 cus,
339 313 595 357 quilnnocentii
608 311 695 347 tertii
717 309 887 345 Pontificis
914 319 1060 352 tempore
1071 318 1119 340 va-

230 366 297 401 rias
307 374 421 398 contra
434 363 584 398 Latinam
597 360 775 398 Ecclesiam
804 359 929 394 vomuit
950 367 1118 392 contum&

231 413 293 450 lias
303 438 314 453 ‚
340 414 452 449 scribit
465 414 551 448 inter
561 423 689 451 caetera:
715 414 893 446 Latinarum
907 409 1072 441 Sacerdotes
1085 408 1119 439 <a-

235 460 376 508 Eptscopi
398 466 597 499 sacerdotales
616 463 736 501 stolas,
762 462 798 493 td
806 460 862 500 est,
887 457 1036 502 Casula,
1062 467 1120 488 non

235 514 273 548 de
281 514 355 549 lana
362 513 419 557 sed
426 516 464 549 de
470 513 572 557 sericis
585 521 694 554 natura
703 518 887 546 contexentes
901 534 912 550 ,
939 514 981 542 ets
999 515 1118 548 operan-

232 573 304 602 tur,
330 566 492 599 diuturnas
516 562 595 606 ipsas
618 569 834 604 pra-parantes
847 585 858 601 ,
883 571 945 593 cum
954 554 1120 599 hujusmodi

208 650 218 658 ι
233 616 315 647 stola
326 637 338 654 ‚
361 617 398 648 td
407 613 445 655 est
455 638 467 655 ‚
492 611 606 655 Cafitla
616 612 668 646 vel
682 613 812 645 Planeta
823 635 834 651 ,
859 608 969 648 Christi
981 606 1119 643 habitum

233 664 428 708 repraesentet
439 689 450 706 ‚
475 675 562 705 quem
573 662 677 695 babuit
687 685 696 700 ‚
712 663 830 703 quando
840 668 947 694 exutus
954 657 1021 702 fuit
1034 655 1119 696 vesti-

234 720 344 748 mentis
349 713 414 760 ficis
425 737 436 755 ‚
459 715 496 747 Za*
507 714 629 747 indutus
641 710 801 750 chlamyde
812 714 972 747 coccinea,
993 718 1064 751 *quae
1080 706 1118 739 de

234 767 310 798 lana
318 772 457 798 contexta
468 771 535 797 erat
546 787 556 803 ‚
582 765 643 805 quc?
664 772 717 795 nos
734 765 846 794 utimur
858 756 1117 802 ,Quadragefimalt

232 821 364 856 tempore
372 839 381 849 ,
407 818 446 849 In
456 815 524 846 alus
535 815 606 847 vero
616 811 718 847 diebus
731 817 844 845 utimur
854 808 933 843 albis
947 822 959 842 .·
986 811 1016 841 E
1019 809 1034 840 ὸ
1042 806 1121 849 quod

230 862 371 904 cbristus
383 868 482 907 Agnus
494 865 664 897 immolatus
687 863 794 895 dicitur
806 885 814 894 .
842 862 889 893 Et
909 859 974 892 ideo
985 868 1023 892 ex
1035 855 1118 896 vesti·

230 919 345 948 mentts
367 918 478 947 Ovium
495 913 578 948 nobis
599 910 729 955 casulas
749 919 961 955 praeparamus
973 933 981 940 .
1008 908 1117 941 Docet

232 963 321 998 varia
335 988 342 995 .
370 963 511 1003 Primo,
534 961 626 1006 quod
646 959 759 996 omnis
782 962 869 993 sacra
896 957 1015 992 Casula
1033 955 1116 991 olim

231 1012 330 1048 fuerit
350 1022 392 1046 ex
423 1013 497 1046 lana
518 1035 526 1043 .
562 1012 672 1045 Etiam
704 1008 825 1044 Casula
857 1006 1098 1050 Episcoporum
1110 1028 1117 1035 ·

233 1061 367 1103 Nempe
375 1059 561 1096 phenolion
572 1057 806 1101 polystaurion
816 1083 825 1091 .
845 1057 997 1092 Secundo
1006 1080 1017 1098 ‚
1027 1053 1118 1099 quod

230 1109 269 1147 id
281 1111 400 1144 fastum
410 1110 450 1144 fit
460 1110 608 1144 excausa
621 1110 711 1143 sacrae
721 1107 989 1153 fignificationis;
1019 1106 1122 1140 Nem·

231 1160 326 1206 pead
334 1157 622 1204 repraesentandam
633 1158 763 1194 laneam
783 1156 1026 1200 Chlamydem,
1052 1166 1119 1199 xqua

230 1208 383 1245 Christus
406 1210 576 1244 Dominus
594 1218 655 1252 -per
676 1207 854 1247 ludibrium
874 1208 939 1243 fuit
957 1208 1091 1242 indutus
1103 1206 1120 1240 ὲ

231 1257 334 1295 Pilati
366 1259 526 1295 militibus
544 1285 553 1294 .
581 1258 704 1294 Tertio
725 1283 736 1300 ,
763 1257 854 1302 quod
883 1257 982 1293 fuerit
1000 1258 1035 1291 ἀ
1058 1257 1122 1290 alia

227 1309 330 1346 istius
348 1309 430 1345 ritus
453 1311 566 1345 causa:

232 1360 319 1396 Ovis
337 1371 410 1404 quae
428 1371 489 1404 pro
509 1358 606 1395 nobis
628 1359 846 1399 immolatur,
868 1354 1135 1405 ideoque&itti-²>

231 1409 431 1446 motationis
453 1407 606 1443 Minister
627 1406 774 1443 induitur
791 1419 835 1443 ex
847 1407 940 1443 lana.
955 1406 1122 1454 ι(ξιιπτό,

229 1458 326 1504 >quod
349 1459 469 1494 Casula
500 1460 537 1493 fit
570 1457 899 1503 quandoquealba·,
923 1458 1125 1502 quandoque

233 1509 391 1545 coccinea
403 1534 411 1542 .
436 1509 527 1557 Quia
540 1507 785 1553 nempeGraeci
804 1509 839 1543 in
853 1508 987 1542 Divinis
1006 1506 1125 1542 officiis

234 1571 309 1596 non
330 1568 469 1595 utuntur
486 1559 560 1595 aliis
580 1557 752 1595 coloribus
767 1583 775 1592 .
802 1558 956 1607 Qinto,
983 1556 1125 1592 Latinos

233 1609 379 1655 graviter
389 1609 498 1654 arguit
509 1633 521 1650 ,
545 1609 635 1654 quod
658 1609 756 1643 istum
771 1609 870 1644 ritum
882 1609 1040 1642 mutarint
1052 1632 1064 1650 ‚
1089 1607 1124 1653 ὄρ

231 1659 371 1695 sericum
382 1659 573 1692 admistrint
592 1658 634 1693 ad
645 1658 793 1693 Casulas.
824 1657 881 1692 Est
902 1658 1020 1693 frivola
1037 1658 1122 1691 calu·

230 1708 348 1745 mnia:
377 1707 433 1742 Est
447 1717 556 1742 tamen
569 1718 641 1742 vera
653 1731 661 1740 .
689 1708 823 1742 Etenim
840 1710 858 1742 a
879 1708 992 1746 multis
1003 1707 1124 1740 saeculis

234 1770 300 1793 nos
319 1759 477 1802 coepimus
499 1759 547 1792 uri
571 1758 671 1793 serico
682 1770 720 1792 ac
731 1758 803 1792 aliis
814 1758 954 1801 pretiofis
965 1757 1102 1792 texturis
1115 1782 1121 1788 .

232 1807 290 1843 Ex
313 1806 366 1842 his
384 1808 514 1843 interim
535 1808 624 1843 vides
637 1808 803 1843 novellum
824 1808 913 1842 hunc
925 1808 1122 1852 Scriptorem

233 1858 363 1895 caduco
384 1859 448 1892 niti
467 1859 707 1898 fundamento,
734 1869 770 1892 ut
790 1859 899 1894 credat
919 1869 975 1893 aut
994 1859 1122 1893 suadeat

232 1908 468 1944 Palliumolim
487 1908 580 1944 fuiffe
603 1915 672 1944 no'n
682 1909 825 1951 exlrma,
855 1908 910 1944 sed
921 1920 963 1943 ex
983 1908 1123 1953 pretiosa

230 1959 370 1998 materia
382 1984 391 1993 .

283 2008 389 2044 Porro
400 2008 506 2050 ratio,
532 2009 579 2045 ob
589 2021 688 2053 quam
710 2009 849 2045 Ecclesia
870 2009 979 2044 noluit
990 2008 1122 2053 Episco-

235 2062 296 2106 pos
316 2060 446 2102 nonnisi
457 2060 541 2094 intra
552 2059 724 2095 Miffarum
751 2060 920 2094 Solemnia
932 2061 980 2094 uti
991 2058 1101 2094 Pallio
1112 2082 1122 2098 ,

234 2107 358 2143 estnon
369 2108 501 2143 modica
516 2131 523 2139 ·
551 2109 687 2143 Etenim
700 2110 830 2144 laneum
840 2109 982 2142 Pallium
1002 2109 1124 2153 fignifi-

233 2167 290 2192 cat
309 2158 417 2192 Ovem
438 2156 597 2201 perditam
610 2172 623 2193 .·
650 2158 729 2192 Haec
751 2168 861 2192 autem
882 2168 1004 2201 reperta
1024 2170 1061 2192 ac
1081 2169 1124 2191 re-

233 2207 373 2251 dempta
397 2218 467 2243 non
478 2208 525 2241 est
540 2231 552 2247 ,
577 2208 635 2241 nisi
651 2218 705 2250 per
715 2218 884 2242 cruentum
900 2208 1016 2242 Crucis
1025 2208 1124 2242 Sacri-

233 2257 367 2291 ficium.
394 2256 468 2290 lllic
480 2256 628 2290 Christus
638 2257 806 2291 Dominus
817 2258 1014 2300 exspoliavit
1036 2257 1126 2292 Prin·

233 2306 363 2350 cipatus
372 2316 411 2341 ac
428 2305 607 2340 potestates
620 2329 632 2346 ,
657 2306 862 2350 triumphans
874 2306 948 2341 illos
959 2307 995 2340 in
1014 2308 1125 2340 semet-

235 2356 332 2398 ipso,
358 2366 396 2389 ac
419 2366 480 2389 nos
490 2367 531 2390 ex
554 2355 698 2398 ipsorum
711 2355 863 2391 servitute
884 2357 1066 2391 redimens:
1093 2358 1125 2391 &

235 2404 370 2441 Decreti
380 2429 391 2445 ,
417 2416 484 2448 quo
496 2405 605 2439 nostra
616 2406 790 2449 captivitas
803 2417 869 2441 erat
879 2407 1012 2449 sigillata
1025 2430 1036 2445 ,
1048 2407 1126 2451 chy-

236 2452 437 2500 rographum
455 2454 497 2489 de
518 2455 629 2490 medio
644 2455 764 2489 tollens
776 2480 787 2496 ,
812 2457 848 2490 ὅτ
868 2457 1002 2500 affigens
1018 2458 1124 2490 cruci.

238 2505 366 2540 Eadem
388 2504 490 2551 igitur
508 2504 550 2538 de
570 2506 665 2540 causa
687 2506 865 2550 Episcopi,
891 2506 1037 2540 nostrum
1064 2508 1128 2541 Re·

237 2554 442 2599 demptorem
464 2567 501 2589 ac
523 2556 729 2590 portatorem
749 2557 1031 2599 repraesentantes‚
1059 2568 1128 2591 non

238 2608 370 2648 possunt
395 2606 444 2638 uti
470 2606 576 2640 nifiin
600 2606 771 2640 incruento
789 2607 975 2640 Sacrificio.
1004 2607 1128 2641 Eadem

237 2654 281 2689 de
293 2655 388 2689 causa
410 2655 555 2690 Pallium
566 2655 737 2701 insignitur
754 2656 916 2690 crucibus.
950 2657 1076 2691 Eadem
1088 2658 1129 2691 de

238 2706 333 2740 causa
345 2705 490 2750 Magnus
502 2705 678 2751 Gregorius
690 2707 753 2740 fuit
761 2705 843 2740 adeo
854 2707 999 2741 difficilis
1011 2718 1048 2742 ac
1058 2719 1129 2742 mo-

239 2756 355 2795 rosus,
380 2765 417 2790 ut
439 2755 671 2791 Ravennatum
693 2756 915 2800 Metropolitae
940 2757 1012 2800 ejus
1034 2757 1127 2791 usum

109 2803 170 2834 Lib·
194 2811 219 2836 4·
241 2804 276 2839 in
287 2804 428 2839 Litaniis
437 2807 638 2849 permitteret
648 2831 655 2839 .
684 2805 774 2840 Nam
786 2807 878 2850 quod
895 2808 930 2841 ἀ
941 2806 1007 2842 hoc
1018 2807 1128 2842 ludul-

111 2845 187 2882 ΟΡ·
197 2851 224 2875 7·
242 2863 314 2896 tum
325 2855 501 2900 postmodo
513 2856 768 2891 circumduxerit
778 2877 789 2894 ‚
814 2857 948 2892 testatur
960 2858 995 2893 in
1005 2856 1073 2900 ejus
1083 2858 1129 2892 vi-

244 2912 278 2937 ta
286 2905 426 2947 Joannes
436 2906 608 2941 Diaconus
618 2932 627 2939 .

296 2953 455 2989 Novellus
475 2957 620 3002 Scriptor
641 2956 861 3001 prosequitur:
886 2960 939 2991 Ex
957 2957 1048 2992 dths
1060 2968 1128 2991 non·

250 3003 335 3036 nulla
351 3004 443 3045 potest
460 3012 531 3039 orm
550 3007 685 3045 btstortca
693 3008 809 3049 quaestio
818 3010 856 3041 de
875 3013 1006 3041 materia
1017 3008 1126 3041 Pallt't.

250 3056 363 3086 Fuitne
371 3052 485 3095 semper
495 3078 506 3094 ‚
529 3068 597 3099 quae
608 3069 683 3090 nunc
693 3057 732 3096 est
742 3081 754 3097 ‚
773 3070 815 3090 an
820 3057 968 3100 pretiofior
980 3059 1128 3100 quondam

244 3104 322 3136 alia?
332 3106 485 3137 Orientale
493 3106 609 3139 laneum
610 3107 698 3150 futffe
706 3113 812 3151 quinto
818 3107 925 3151 saeculo
943 3108 1065 3148 testatur
1076 3107 1127 3149 rfi-

76 3150 163 3182 uum.
175 3161 222 3188 42-
245 3153 335 3186 dorus
348 3152 522 3195 Pelussotes.
548 3160 615 3190 Nec
623 3158 743 3191 vedetur
758 3157 879 3192 dubium
892 3183 903 3199 ,
928 3164 999 3201 qum
1009 3158 1128 3203 semper

239 3201 354 3245 fuerit.
382 3203 429 3236 At
451 3202 528 3237 vero
548 3205 588 3238 de
600 3207 806 3242 Occidentali
818 3208 928 3243 Pallio
949 3209 1125 3252 plurimum

247 3252 376 3287 dubitat
387 3276 399 3292 ,
424 3262 552 3297 propter
562 3255 696 3298 Ioannis
705 3257 849 3293 Diaconi
862 3257 955 3294 verba
964 3257 1006 3293 de
1017 3259 1125 3293 Pallio

247 3302 369 3348 Magni
390 3303 559 3349 Gregorii:
588 3307 723 3349 Gregorte
744 3309 874 3342 Palltum
894 3309 965 3353 hyffa
980 3310 1126 3343 candente

248 3362 439 3392 contextum,
463 3355 552 3388 nullts
560 3361 692 3389 cernitur
701 3356 807 3391 acubus
821 3358 1028 3400 perforatum.
1058 3364 1123 3392 Cir-

247 3412 284 3436 cae
298 3402 438 3447 scapulas
457 3405 642 3447 obvolutum,
667 3417 724 3439 non
739 3415 837 3443 autem
859 3410 1011 3452 confixum·
1026 3410 1115 3454 digno

595 1309 685 1358 Qia
708 1306 859 1343 Christus
866 1307 915 1342 'est
927 1318 1055 1352 *magna
1065 1306 1121 1341 illa
1132 1345 1133 1349 Ἰ

1165 3395 1282 3474 pum.

1178 267 1243 291 rur.
1269 255 1379 291 Multa
1400 256 1441 294 de
1462 258 1529 291 istis
1553 259 1837 307 verbisriisputat,
1863 274 1902 300 ac
1921 264 2058 300 taudem

1180 307 1348 344 concludit
1362 332 1369 339 .
1396 306 1482 351 Usum
1498 309 1581 341 lanei
1589 310 1684 343 Palen
1690 315 1823 357 incepisse
1842 320 1959 349 ‚circiter
1967 321 2059 350 mitta

1159 354 1161 356 ’
1179 363 1249 391 nont
1254 355 1355 400 soeculi
1364 380 1375 399 -‚
1399 369 1438 395 ex
1445 362 1477 404 J
1479 369 1571 391 oanne
1582 361 1709 393 Diacono
1718 373 1776 394 non
1785 362 1899 406 obscure
1917 372 1988 407 quis
1995 377 2060 400 con·

1174 410 1265 449 jtctat
1278 433 1285 440 .
1312 410 1442 443 Videtur
1456 414 1538 443 enim
1545 408 1648 453 seceffe
1672 409 1765 450 byffint
1786 415 2060 459 PallttGregortaeni

1177 464 1374 500 mentionem,
1398 459 1528 501 &fimul
1535 465 1746 502 antiquitatem
1754 466 1819 493 viri
1840 464 1989 507 laudaffe,
2009 471 2061 508 qut

1178 510 1269 542 tacite
1286 515 1455 543 novitatem
1460 508 1524 552 suis
1542 509 1709 553 ‚equalibus
1717 511 1851 551 objiceret
1866 537 1872 544 .
1898 515 1970 555 ,Qua
1981 521 2059 548 enim

1178 560 1240 592 alta
1261 559 1297 593 de
1318 557 1409 602 causa
1422 569 1579 603 utrumque
1595 560 1771 604 praesttttffet
1783 561 1800 593 ,2
1829 560 1942 605 Urget
1967 563 2062 599 verba

1181 609 1316 650 Ioannis
1335 610 1480 646 Diaconi
1494 635 1503 650 ,
1531 621 1602 654 quae
1622 611 1766 646 afferunt
1786 622 1842 655 per
1858 611 1953 646 istam
1966 611 2064 647 Pallii

1180 659 1319 693 formam
1331 661 1543 702 repraesentari
1566 661 1626 694 viri
1635 661 1870 706 antiquitatem
1882 686 1889 694 .

1230 708 1430 753 Respondeo
1453 709 1518 745 haec
1540 710 1710 755 insigniter
1731 711 1889 746 elucidari
1915 711 1936 745 ὲ
1957 713 2069 747 Fratre

1180 756 1314 803 Angelo
1326 759 1459 801 Rocca,
1483 760 1676 805 Tagastenfi
1698 762 1884 805 Episcopo,
1912 761 2070 798 Praefesto

1181 807 1368 852 Apostolici
1390 811 1545 845 Sacrarii.
1572 811 1610 844 ln
1633 811 1769 846 eruditis
1791 812 1833 846 ad
1855 812 1976 856 Magni
1990 812 2069 847 Gre-

1180 857 1267 902 gorii
1276 858 1456 904 imaginem
1467 860 1568 895 Notis
1580 860 1718 895 affirmat
1730 861 1748 895 a
1770 861 1896 904 Joanne
1909 862 2069 897 Diacono

1182 907 1304 943 laudari
1333 921 1403 944 non
1435 910 1596 946 Latinum
1618 935 1629 952 ,
1655 910 1708 946 sed
1733 910 1885 945 Graecum
1912 912 2068 956 Gregorii

1181 957 1346 1000 Panium,
1372 961 1407 994 &
1429 960 1580 1006 adjungit
1600 973 1610 995 ;
1639 963 1705 1005 Ego
1730 961 1849 1003 tametfi
1865 967 1897 994 tn
1921 963 2069 996 AEdtculae

1180 1009 1282 1043 sant‘tz·
1305 1011 1432 1043 Andreae
1450 1013 1582 1045 Pathum
1602 1013 1696 1045 Beati
1716 1015 1853 1056 Gregorii
1863 1023 1944 1045 more
1956 1015 2085 1045 Latenoi

1174 1056 1295 1099 fadum
1315 1065 1411 1103 repert
1426 1083 1436 1100 ‚
1461 1062 1540 1093 illud
1557 1069 1659 1095 tamen
1675 1073 1754 1096 more
1763 1066 1889 1102 Graeco,
1913 1064 2070 1107 bJoanne

1181 1110 1310 1142 Diacono
1329 1107 1523 1152 conscriptum
1536 1134 1547 1150 ,
1573 1112 1763 1146 incidendum
1785 1111 1838 1146 boc
1860 1113 1919 1146 loco
1935 1116 2070 1154 putavi.

1187 1165 1271 1194 Hunc
1280 1163 1353 1191 item
1363 1165 1395 1190 tn
1408 1160 1523 1192 modum
1534 1170 1591 1193 non
1597 1158 1691 1202 solum
1699 1167 1732 1195 tn
1753 1162 1932 1205 imaginibus
1938 1160 2073 1205 summo-

1183 1219 1250 1242 rum
1271 1207 1445 1250 Pontificum
1468 1217 1532 1250 typo
1557 1220 1636 1242 aeneo
1647 1209 1741 1251 inctfis
1753 1212 1774 1241 ἆ
1785 1213 1861 1242 Ltno
1872 1214 1961 1252 Papa
1980 1210 2072 1255 usque

1182 1259 1227 1292 ad
1248 1259 1441 1299 Meffludem,
1461 1257 1521 1301 sed
1542 1264 1574 1292 in
1595 1259 1716 1299 vetustis
1749 1269 1862 1302 quoque
1881 1260 2073 1302 Ecclefiarum

1184 1307 1322 1350 muſsitas,
1345 1307 1520 1353 praesertim
1540 1311 1611 1343 verb
1636 1310 1681 1342 ad
1702 1309 1844 1343 sanetum
1866 1312 1990 1344 Petrum
2003 1334 2014 1351 ,
2038 1316 2074 1343 tn

1185 1360 1349 1393 eorumdem
1373 1357 1549 1403 Pontificum
1568 1359 1750 1403 imaginibus
1773 1384 1784 1400 ,
1811 1371 1889 1402 quas
1915 1357 2075 1403 Formosus

1187 1412 1277 1451 Papa
1283 1410 1454 1452 pingendas
1467 1413 1571 1444 Romae
1581 1415 1702 1443 curavit
1709 1434 1729 1450 „
1747 1415 1782 1442 tn
1791 1409 1869 1443 banc
1878 1411 2005 1444 eandem
2007 1409 2078 1451 fon-

1187 1470 1266 1492 mam
1291 1459 1422 1492 Palltum
1439 1460 1554 1501 pilium
1568 1459 1657 1503 futffe
1676 1465 1804 1493 invent.
1830 1461 1914 1493 Idem
1925 1458 2077 1500 videreest

1187 1510 1232 1542 ad
1239 1509 1380 1545 sanc‘lum
1391 1511 1517 1543 Paulum
1529 1534 1540 1551 ,
1566 1511 1600 1544 (τ
1610 1510 1713 1543 multis
1724 1511 1793 1543 alus
1802 1515 1836 1542 tn
1845 1511 1935 1544 locis:
1956 1514 1994 1543 In
2012 1515 2079 1552 qut·

1163 1580 1165 1585 ι
1187 1559 1250 1593 bur·
1264 1564 1357 1596 ettam
1379 1565 1537 1594 Honorium
1553 1565 1708 1602 primum,
1729 1561 1888 1602 joannem
1908 1570 2077 1603 quartum,

1186 1608 1367 1645 Theodorum
1387 1616 1521 1652 primum
1533 1636 1543 1652 ‚
1569 1609 1784 1654 compluresque
1804 1611 1877 1643 altos
1891 1619 1961 1644 ante
1971 1614 2079 1654 Grego-

1181 1666 1298 1704 gorium
1316 1664 1481 1705 Magnum,
1509 1662 1543 1695 (9⁴
1558 1660 1621 1702 post
1634 1661 1701 1701 Ἰιζίευ
1723 1669 1875 1703 tempora,
1903 1659 1960 1693 hac
1983 1660 2079 1694 Palla

1181 1709 1286 1750 forma
1300 1733 1311 1750 ,
1337 1721 1396 1752 qua
1418 1721 1494 1742 nunc
1518 1712 1619 1743 Graeca'
1638 1719 1780 1749 utuntur,
1805 1712 1954 1743 decoratos
1965 1715 2078 1751 reperi.

1186 1764 1260 1794 Haec
1278 1766 1382 1803 itaque
1404 1760 1497 1793 Pallii
1508 1759 1614 1801 forma
1637 1768 1763 1801 tempore
1786 1761 1877 1792 Beate
1900 1762 2078 1804 Gregortttn

1186 1809 1238 1854 usu
1248 1808 1432 1851 habebatur,
1457 1810 1566 1844 demde
1576 1809 1681 1843 multis
1689 1809 1753 1851 post
1759 1808 1880 1852 saecults
1897 1814 1929 1842 ὶιι
1941 1799 2079 1852 desuetu-

1187 1863 1287 1895 dinem
1303 1860 1428 1894 deducta
1439 1860 1477 1900 est
1490 1885 1501 1900 ‚
1529 1872 1608 1894 nova
1626 1861 1673 1893 ad
1681 1861 1827 1902 majorem
1843 1860 2079 1893 commoditatem

1185 1917 1332 1951 inventa,
1361 1921 1396 1943 ac
1406 1916 1437 1942 in
1461 1907 1547 1953 usum
1563 1920 1696 1952 recepta.
1715 1930 1718 1937 ι

1237 1959 1390 1994 Affirmat
1402 1960 1470 1994 duo
1486 1986 1491 1992 .
1521 1959 1640 1994 Primo
1657 1985 1668 2001 ,
1695 1960 1786 2002 quod
1805 1960 1942 2004 antiqua
1954 1960 2078 1995 Roma-

1190 2023 1305 2046 narum
1322 2011 1527 2045 Basilicarum
1554 2011 1673 2045 musiva
1696 2023 1734 2045 ac
1746 2011 1875 2054 pistura:
1885 2011 2078 2047 attestentur

1188 2063 1320 2104 utrique
1333 2063 1534 2095 summorum
1552 2061 1758 2095 Pontificum
1772 2060 1898 2095 Pallio.
1927 2062 1972 2095 Et
1988 2060 2078 2095 Grae-

1189 2123 1230 2144 co
1251 2111 1422 2144 &Latino
1445 2133 1453 2141 .
1477 2110 1586 2143 Etiam
1610 2111 1646 2145 in
1670 2109 1786 2144 eodem
1811 2109 1976 2145 Pontifice
1994 2136 2002 2143 .
2032 2111 2078 2145 Ee

1188 2160 1320 2203 quidem
1343 2161 1420 2193 item
1442 2160 1473 2192 in
1499 2160 1603 2193 Beato
1615 2161 1797 2204 Gregorio.
1826 2160 1937 2207 Qum
1949 2159 2078 2194 diversi-

1189 2221 1288 2244 tatem
1303 2220 1368 2243 non
1381 2209 1477 2243 facile
1491 2210 1638 2244 invenies
1650 2209 1685 2243 in
1698 2211 1828 2254 pisturis
1838 2211 1973 2243 aliarum
1987 2210 2078 2244 Gen-

1189 2262 1273 2294 tium
1300 2284 1308 2292 .
1335 2262 1464 2294 Omnes
1489 2260 1733 2293 Germanorum
1760 2272 1796 2293 ac
1825 2259 2077 2294 Gallicanorum

1189 2309 1386 2343 Antistitum
1401 2309 1528 2342 vetuflae
1541 2309 1669 2352 pisturae
1679 2320 1736 2343 eos
1748 2311 1972 2353 repraesentant
1986 2311 2018 2342 in
2030 2311 2078 2344 so-

1188 2360 1221 2393 lo
1244 2359 1368 2394 Latino
1397 2358 1511 2392 Pallio
1526 2384 1533 2391 .
1560 2358 1741 2394 Rationem
1765 2360 1890 2393 adduxi
1915 2359 2077 2402 superius.

1187 2410 1279 2457 Qia
1317 2409 1434 2452 nempe
1469 2408 1616 2443 Romani
1643 2408 1886 2443 patriarchatus
1913 2410 2078 2444 Dioeceses

1187 2462 1270 2493 olim
1292 2465 1383 2492 erant
1407 2459 1523 2501 partim
1549 2459 1699 2498 Latinae,
1725 2460 1843 2501 partim
1866 2460 2003 2492 Graecae:
2033 2459 2079 2494 Et:

1187 2508 1311 2543 cunetis
1323 2507 1502 2543 Romanus
1523 2507 1670 2541 Antistes
1685 2507 1931 2542 transmittebat
1950 2508 2074 2542 Pallia.

1188 2558 1378 2601 Hincipse,
1407 2558 1476 2601 quo
1491 2557 1522 2591 se
1531 2567 1746 2591 communem
1766 2558 2002 2601 repraesentaret
2015 2558 2075 2593 Pa-

1188 2621 1271 2642 trem
1282 2633 1292 2648 ,
1307 2608 1507 2652 quandoque
1518 2606 1584 2642 hoc
1592 2607 1745 2642 utebatur
1753 2632 1765 2649 ‚
1776 2607 1974 2650 quandoque
1986 2608 2050 2642 isto
2063 2620 2074 2641 ε

1191 2661 1231 2694 Et
1245 2669 1419 2702 utramque
1443 2657 1586 2692 formam
1610 2658 1745 2701 pittores
1755 2657 1936 2699 aliquando
1945 2669 1988 2692 ex
2000 2668 2077 2692 cau·

1188 2711 1227 2743 fis
1238 2733 1249 2748 ‚
1259 2708 1438 2753 aliquando
1452 2719 1493 2742 ex
1504 2708 1580 2742 artis
1590 2707 1725 2742 arbitrio
1735 2708 1953 2751 expresserunt
1963 2732 1972 2740 .
2001 2708 2075 2742 An-

1187 2760 1281 2805 gelus
1293 2759 1406 2793 Rocca
1419 2758 1564 2792 secundo
1578 2759 1715 2792 affirmat
1725 2756 1811 2792 hanc
1821 2757 2074 2793 ambi-dextram

1186 2812 1326 2845 formam
1336 2808 1483 2843 manfiffe
1494 2809 1594 2852 usque
1605 2807 1644 2842 ad
1657 2818 1781 2842 nonum
1792 2808 1958 2843 saeculum:
1969 2807 2075 2843 Tunc

1188 2863 1304 2895 factam
1327 2859 1547 2893 mutationem
1561 2883 1572 2899 ‚
1596 2858 1632 2891 &
1655 2859 1912 2893 contractionem
1934 2858 1975 2892 ad
2001 2858 2073 2891 for-

1187 2923 1275 2945 mam
1299 2909 1473 2943 Latinam.
1501 2909 1545 2943 E:
1578 2908 1727 2953 loquitur
1746 2919 1817 2942 non
1851 2908 1918 2941 fine
1955 2907 2074 2942 funda-

1186 2971 1320 2996 mento.
1347 2959 1449 2993 Tunc
1468 2959 1559 2992 enim
1581 2969 1652 2993 non
1682 2957 1770 2992 solus
1788 2955 1958 2992 sceleratus
1981 2955 2073 2992 Pho-

1185 3011 1249 3046 tius
1262 3035 1273 3051 ,
1298 3008 1353 3044 sed
1367 3009 1468 3044 etiam
1489 3010 1639 3048 Sanetus,
1664 3009 1763 3043 &tot
1779 3018 1822 3043 ac
1831 3005 2071 3043 tantis-Roma-

1186 3074 1235 3096 nae
1248 3060 1393 3095 Ecclefiae
1413 3058 1582 3092 beneficiis
1593 3058 1776 3093 cumulatus
1786 3057 2071 3101 Constantinopo-

1184 3112 1363 3146 litanorum
1386 3106 1570 3144 Patriarcha
1592 3108 1742 3153 ignatius
1763 3107 1920 3144 stabilivit
1940 3107 2070 3150 rapinas

1185 3159 1389 3206 Imperatoris
1408 3159 1532 3194 Leonis
1554 3157 1655 3192 Isauri
1673 3180 1686 3198 ‚
1709 3159 1746 3193 ἐι
1765 3157 1939 3193 Orientale
1961 3157 2069 3201 Illyri-

1182 3221 1258 3248 cum
1279 3211 1345 3245 fine
1366 3208 1583 3243 restitutionis
1603 3210 1658 3251 spe
1677 3208 1795 3244 avulsit
1818 3206 1859 3243 ab
1875 3208 2067 3251 Apostolica

1183 3261 1263 3297 Sede
1272 3287 1281 3295 .
1307 3260 1410 3295 Tunc
1423 3259 1523 3304 igitur
1533 3259 1633 3293 etiam
1646 3257 1793 3294 Romani
1806 3257 1987 3293 Pontifices
1999 3258 2069 3302 pos-

1181 3310 1439 3347 fintvaledixisse
1462 3309 1576 3343 Graeco
1588 3309 1722 3350 Pallio,
1747 3308 1829 3344 &se
1851 3308 1898 3343 ob
1910 3306 2066 3342 Schisma-

1181 3364 1224 3397 tis
1245 3360 1497 3398 detestationem
1522 3358 1747 3395 constrinxisse
1771 3358 1815 3395 ad
1839 3359 1947 3394 solutu
1970 3358 2064 3394 Lati·-

1967 3454 2014 3490 Et

2073 293 2162 322 Nun·
2186 298 2230 325 55.
