2326 3718
343 141 439 188 344
754 136 822 174 DE
859 122 1126 171 ROMANA
1162 121 1630 166 APPELLAHONE

258 211 334 256 ipsis
347 208 485 256 praefigit
503 205 604 255 ἕψω-,ζ
616 206 772 243 titulum:
801 211 971 250 Exemplar
975 206 1062 249 Juk'i
1073 206 1150 245 Ep!—
1212 203 1264 235 55.
1275 201 1440 246 Episcopos
1452 226 1473 243 ,b
1489 204 2118 256 rfiaqmufflwmwasummm‘wh

257 260 427 307 [copturbis
437 262 540 293 Romae
554 267 626 299 ,zut-
637 259 764 305 afferunt
775 258 919 297 Eutychis
934 258 1078 302 scripta,
1107 253 1161 291 aa!v
1211 252 1312 292 bulum
1335 278 1345 294 ,
1373 255 1432 290 &a
1459 254 1540 299 130⁶
1562 253 1676 299 jgfftmq¹
1690 254 1910 300 fragmentum
1932 260 2022 305 Euty
2024 260 2103 299 ehu

259 308 422 351 Mn'fium
441 307 850 352 Ep¹s⁶⁰pm²¹¹⁴ju¹s⁶²¹s²
872 302 1050 347 ““HWW
1061 307 1148 342 Em·
1212 303 1277 338 Μὰ
1289 314 1365 344 cum
1386 304 1686 348 suaeappessationis
1706 305 1827 346 libellos
1836 310 2005 347 transmisit
2017 312 2114 348 Leo...

254 362 322 405 phas
335 361 447 394 decidit
457 365 490 394 in
501 370 646 396 erzorem.
673 359 756 393 Haec
769 354 930 399 Eutychis
942 355 1067 398 Scripta
1078 365 1161 391 omr,
1213 355 1247 387 ni
1260 353 1418 392 Pontifici
1430 377 1441 393 ,
1467 366 1534 401 quo
1560 356 1592 390 se.
1613 354 1847 394 demonstraret
1869 362 2099 400 nomi-mg„

236 430 238 432 .
255 410 341 446 nino
353 412 426 445 sunt
439 409 597 448 addustus
606 406 835 454 appellationis
851 404 983 441 libellus
995 429 1006 445 ,
1035 405 1068 438 in
1081 415 1161 446 quov
1211 404 1228 438 ὲ
1245 403 1309 439 fide
1324 404 1360 438 ἀ
1373 403 1521 447 doctrina
1534 404 1695 453 Romana:
1716 405 1864 448 Ecclesia
1876 432 1884 442 .
1912 403 2103 454 Fragmti

255 461 416 503 habetur.-
442 463 632 498 Sciensverb
652 458 770 502 sanctos
791 456 952 491 &Beatos
968 457 1077 489 Patres
1099 466 1147 487 no·
1212 463 1388 501 contextus
1410 454 1478 500 (τῆς
1964 493 1966 497 ι
2107 484 2114 487 .

245 511 347 566 strat?
366 512 516 566 Julian),
541 512 670 551 Felicem
683 531 694 549 ,
711 505 925 550 Athqnafium,
951 508 1161 556 Gregortum„

521 634 615 683 Iror
651 628 830 685 audiens
864 627 1080 698 quosdam
1126 629 1385 681 confitentes
1436 629 1620 697 quidem
1658 633 1704 680 in
1741 638 1888 683 Carne
1943 628 2114 700 Domi}j

266 740 269 742 -
557 718 661 751 num
698 702 891 751 nostrum
925 737 937 761 ‚
975 702 1242 751 incurrentes
1280 700 1388 752 vero
1425 700 1682 752 divisionem
1720 704 1833 752 male
1871 702 1897 754 a
1935 707 2115 755 Parilia--

252 633 518 872 M
556 773 676 834 nistis
726 772 1018 833 introductam
1056 809 1068 821 .
1141 772 1212 830 illi
1263 775 1381 830 enim
1432 774 1617 829 Paulum
1666 772 1988 832 Samosatenum
2025 775 2113 827 ''se-'

558 860 745 912 quentes
769 880 783 904 ‚
820 845 956 893 alium
994 842 1174 909 quidem
1212 844 1467 907 intelligunt
1505 861 1604 892 eum
1632 881 1645 906 ,
1682 847 1762 912 qui
1797 864 1849 894 ex
1878 844 2106 899 coelo'de,

250 913 421 964 scendit
446 950 460 976 ‚
486 928 488 930 ’
512 919 660 965 Deum
698 914 959 975 confitentes
988 935 1001 974 3
1052 916 1184 973 alium
1233 914 1339 964 vero
1396 932 1613 965 terrenum
1660 916 1885 966 hominem
1921 914 2017 967 effe·
2038 917 2106 968 di-

248 999 357 1041 ¹cunt
393 1021 406 1044 ‚
444 982 538 1046 'Et
576 988 704 1044 illum
740 984 927 1054 quidem
962 984 1316 1038 'infabricabilem
1353 1024 1365 1043 ,
1430 990 1563 1037 Hunc
1602 990 1850 1048 Dominum
1875 1025 1888 1050 ,
1923 990 2106 1049 'alium-„-

247 1053 422 1105 servum
457 1091 470 1103 .
549 1061 741 1126 Impium
765 1095 779 1119 ,
816 1057 885 1107 seu
923 1072 1183 1108 venerentur
1219 1075 1316 1106 eum
1344 1095 1357 1118 ‚
1402 1075 1535 1124 quem
1576 1056 1743 1107 servum
1782 1061 2005 1125 appellant
2056 1077 2109 1111 et-

246 1125 554 1193 {ablricatum‚,·
577 1147 580 1151 ·
603 1128 678 1187 seu
729 1147 822 1187 non
875 1131 1025 1187 colant
1075 1146 1175 1186 eum
1209 1164 1221 1189 ,
1275 1132 1354 1195 qui
1398 1146 1477 1185 nos
1514 1131 1728 1190 Sanguine
1767 1128 1841 1177 suo
1877 1129 2062 1187 redemit
2086 1167 2099 1189 ·.

245 1200 308 1246 Hi
346 1197 450 1248 vero
477 1237 491 1261 ,
529 1194 794 1268 quitDeum
832 1196 1093 1250 descendisse
1130 1196 1185 1246 de
1221 1200 1336 1246 coelo
1372 1196 1638 1247 confitentur
1675 1234 1688 1257 ,
1726 1215 1773 1247 et
1811 1197 2104 1259 Carnemffa÷

245 1272 363 1330 Qum
416 1287 470 1331 ex
508 1273 696 1332 Virgine
724 1306 737 1328 ,
786 1285 833 1325 et
883 1285 1016 1328 unum
1055 1266 1138 1323 esse
1176 1285 1276 1318 cum
1314 1275 1460 1319 Carne
1492 1305 1505 1330 ,
1558 1267 1708 1316 frustra
1745 1269 2064 1318 conturbantur
2087 1286 2113 1337 2*

244 1339 506 1390 excedentes
546 1342 595 1388 in‘
629 1338 765 1389 verba
802 1341 1048 1407 impietatis
1086 1339 1311 1398 illorum]
1385 1342 1557 1394 Dicunt
1593 1333 1710 1398 enim
1751 1356 1806 1393 ,et
1843 1340 1921 1408 ipfi
1943 1378 1957 1402 ,
1995 1340 2103 1402 sicut

243 1408 380 1461 audio
416 1445 430 1469 ,
483 1408 577 1457 duas
624 1426 782 1458 naturas
814 1446 827 1457 .
904 1408 977 1458 Ad
1027 1409 1154 1477 quod
1208 1416 1387 1461 Sanetus
1417 1416 1614 1477 Joannes
1663 1410 1892 1461 evidenter
1939 1411 2102 1479 probat

244 1497 379 1532 unum
419 1482 668 1531 Dominum
707 1481 901 1536 nostrum
927 1518 940 1542 ,
978 1500 1079 1537 cum
1119 1480 1284 1534 dicat:
1340 1484 1497 1533 Verbum
1533 1487 1634 1529 Caro
1669 1481 1820 1545 fhHum
1859 1482 1914 1529 est
1957 1518 1970 1529 .
2025 1485 2111 1545 “Eg

244 1551 409 1607 Paulus
447 1552 687 1620 Apostolus
725 1589 739 1614 ,
777 1548 878 1605 cum
908 1551 1038 1606 dicat
1081 1573 1093 1602 ε
1157 1561 1278 1602 ‘Unus
1332 1559 1515 1604 Dominus
1551 1551 2102 1615 ,JEsvS-CHRISTvS‚

238 1639 308 1691 per
351 1640 457 1687 quem
505 1627 629 1677 omnia
675 1660 686 1671 .
761 1627 804 1672 Si
853 1626 972 1673 enim
1011 1640 1140 1674 natus
1179 1639 1235 1675 ex‘
1273 1627 1459 1689 Virgine
1481 1627 1676 1690 -JESUS
1715 1622 2011 1692 nominaturj
2057 1639 2104 1673 et

243 1690 336 1760 ipse
374 1693 434 1741 est
473 1712 551 1761 per
589 1712 724 1762 quem
763 1694 962 1750 universa
1000 1696 1113 1749 facta
1151 1695 1248 1749 sunt
1292 1733 1307 1756 ,
1360 1714 1446 1750 una
1486 1694 1653 1747 scilicet
1691 1711 1846 1747 natura
1886 1694 2003 1743 facta
2027 1694 2102 1754 est,

243 1762 456 1830 quoniam
511 1781 557 1814 et
604 1783 690 1814 una
729 1766 916 1818 Persona
961 1803 974 1827 ‚
1006 1770 1115 1818 ‘non
1154 1769 1202 1821 in
1252 1766 1342 1820 duo
1375 1765 1511 1816 divisa
1541 1803 1554 1827 ‚
1608 1784 1708 1815 cum
1763 1783 1844 1814 nec
1887 1767 2113 1833 propria-⁴*

243 1850 399 1890 natura
439 1839 641 1903 corporis
679 1836 739 1886 est
762 1874 775 1897 ,
830 1843 873 1886 δε
915 1841 1092 1906 propria
1128 1854 1285 1892 natura
1322 1841 1481 1891 Deitas
1519 1837 1570 1886 sit
1608 1836 1842 1887 secundum
1880 1841 2073 1889 Carnem
2089 1871 2109 1890 „

246 1904 334 1962 Sed
373 1906 479 1955 ficut
518 1907 652 1962 homo
688 1925 772 1961 una
810 1925 965 1957 natura
1002 1909 1062 1956 ost
1094 1944 1107 1966 ‚
1146 1911 1210 1963 ita
1245 1914 1288 1956 &
1324 1911 1360 1955 is
1390 1944 1402 1967 ‚
1453 1911 1531 1973 qui
1568 1907 1623 1954 ad
1659 1906 1987 1954 similitudinem
2024 1908 2106 1955 ho,

246 1977 379 2033 minis
417 1976 478 2032 est
517 1976 653 2030 sactus
690 1979 994 2028 CHRISTUS
1027 2012 1039 2024 .
1105 1975 1239 2044 Qod
1275 1976 1306 2024 fi
1342 1992 1432 2025 non
1468 1974 1709 2038 agnoscunt
1746 1974 1794 2023 id
1817 2012 1829 2036 ‚
1867 1974 1990 2041 quod
2026 1992 2107 2042 pei*

246 2044 561 2100 adunationem
598 2061 732 2095 unum
769 2045 829 2092 est
857 2082 870 2104 ,
921 2043 1093 2111 possunt
1141 2049 1185 2092 &
1220 2061 1353 2092 unum
1390 2048 1437 2092 in
1472 2046 1596 2111 plura
1631 2047 1795 2110 partire
1828 2081 1842 2104 ‚
1892 2049 1934 2092 &
1970 2046 2105 2110 pluri-.

244 2132 340 2171 mas
387 2113 533 2168 dicere
582 2131 799 2169 naturas:
853 2113 1079 2183 Qoniam
1129 2115 1359 2182 multiplex
1394 2132 1550 2182 corpus
1575 2151 1589 2174 ,
1638 2113 1760 2180 quod
1807 2132 1861 2169 ex
1907 2114 2064 2163 ossibus
2092 2151 2107 2175 ‚

246 2187 392 2243 nervis
417 2224 430 2248 ,
481 2190 525 2235 &
560 2188 686 2235 venis
712 2222 725 2246 ‚
774 2202 902 2237 carne
939 2189 982 2237 ,δε
1019 2202 1121 2235 cute
1149 2222 1163 2246 ‚
1212 2183 1422 2248 sanguine
1475 2191 1518 2235 δε
1557 2184 1709 2253 spiritu
1747 2185 1955 2244 constet,
2010 2203 2108 2251 quae

247 2260 400 2311 omnia
434 2255 604 2308 diversa
639 2255 821 2322 quidem
859 2259 972 2304 inter
1008 2255 1049 2306 se
1086 2255 1183 2305 sunt
1211 2291 1223 2315 ,
1277 2274 1362 2304 una
1398 2272 1548 2304 tamen
1583 2256 1644 2308 est
1679 2272 1829 2303 eorum
1866 2271 2060 2302 natura„
2090 2290 2104 2308 ,

247 2327 383 2378 Unde
431 2331 474 2375 δε
510 2329 712 2380 Deitatis
764 2342 923 2375 natura.
968 2344 1068 2375 cum
1105 2343 1286 2392 corpore
1321 2343 1454 2373 unum
1505 2324 1568 2374 est
1607 2359 1620 2371 .
1692 2328 1750 2373 Et
1789 2324 1879 2372 haec
1916 2327 1963 2371 in
1998 2323 2107 2375 duas

250 2413 430 2456 naturas
467 2394 730 2446 dividitur?
781 2400 886 2449 Nec
922 2399 1038 2445 enim
1075 2411 1247 2464 poterat
1301 2411 1446 2444 totum
1484 2394 1597 2443 filius
1641 2394 1830 2447 hominis
1867 2395 2107 2461 appellari,

251 2471 329 2536 qui
365 2464 648 2516 descendisset
685 2464 740 2514 de
776 2468 900 2515 coelis
926 2503 938 2527 ,
977 2471 1020 2516 &
1055 2467 1225 2516 rursum
1264 2467 1399 2515 Filius
1437 2467 1564 2526 Dei,
1601 2467 1679 2533 qui
1715 2482 1844 2517 natus
1882 2483 1935 2512 ex
1964 2464 2108 2513 foemi„

251 2556 310 2593 na
346 2537 407 2586 est
435 2574 448 2597 ,
498 2537 528 2586 fi
577 2536 760 2586 duarum
810 2554 1059 2586 naturarum
1113 2552 1291 2606 caperet
1340 2536 1603 2588 divisionem
1627 2572 1639 2595 ‚
1691 2533 1763 2584 sed
1799 2534 1846 2582 id
1882 2534 2111 2601 quidenna.

253 2608 375 2677 quod
410 2605 690 2666 descendisset
726 2607 781 2657 de
818 2610 945 2656 coelis
982 2625 1215 2660 vocaretur
1252 2607 1385 2658 Filius
1421 2608 1611 2656 hominis
1635 2642 1649 2666 ,
1687 2624 1777 2655 non
1813 2606 1947 2654 Filius
1983 2608 2102 2660 Dei.

253 2684 314 2730 Et
352 2681 436 2728 hoc
474 2681 691 2729 Paulianae
739 2678 959 2731 divisionis
1010 2680 1070 2734 est
1105 2716 1117 2727 .
1191 2683 1291 2728 Nos
1340 2694 1485 2727 autem
1537 2679 1716 2726 Divinae
1761 2679 1993 2744 Scripturae
2027 2674 2105 2726 dor.

254 2767 357 2807 cent
395 2748 607 2817 tanquam
642 2749 698 2798 de
733 2767 822 2808 uno
860 2748 1059 2805 Domino
1097 2750 1242 2799 nostro
1277 2747 1433 2798 sentire
1463 2786 1476 2808 ,
1513 2752 1555 2797 &
1594 2765 1695 2797 cum
1731 2745 2010 2797 descendisset
2046 2745 2103 2797 de

255 2823 380 2875 coelis
405 2857 418 2881 ,
469 2825 511 2869 &
559 2839 659 2869 cum
696 2822 743 2869 in
779 2835 892 2869 terra
929 2837 1058 2870 natus
1103 2821 1164 2869 est
1197 2857 1209 2868 .
1285 2823 1374 2887 Qi
1425 2822 1557 2882 igitur
1605 2818 1664 2866 fic
1713 2817 1900 2872 sentiunt
1927 2853 1940 2876 ‚
1977 2834 2104 2878 non-i

257 2890 475 2941 excedunt
511 2891 568 2939 ab
605 2888 840 2949 inconsona
876 2892 1092 2940 contraria
1128 2889 1411 2947 sentientibus
1436 2928 1449 2951 ‚
1499 2906 1546 2939 ut
1584 2907 1683 2937 cum
1731 2902 1875 2936 mente
1922 2888 2105 2940 Divinis

259 2964 496 3030 Praeceptis
532 2960 808 3011 consentiant
832 2997 857 3021 ,,
886 2960 1151 3011 sermonibus
1187 2960 1431 3028 discrepent
1467 2997 1478 3009 .
1553 2957 1737 3015 Necesse
1771 2958 1832 3005 est
1867 2958 1984 3004 enim
2013 2974 2103 3017 eos,

262 3050 364 3091 cum
400 3032 507 3081 duas
545 3049 719 3081 naturas
755 3034 1006 3095 intelligant
1032 3069 1044 3092 ,
1082 3034 1263 3081 alteram
1301 3034 1443 3081 colere
1467 3068 1480 3091 ‚
1517 3032 1695 3081 alteram
1732 3046 1823 3077 non
1860 3026 2096 3080 adoraerx

261 3106 321 3159 Et
359 3105 403 3149 in
438 3106 654 3160 Divinam
704 3101 884 3170 quidem
922 3103 1133 3170 baptizari
1170 3139 1182 3161 ,
1231 3103 1545 3151 inhumanam
1592 3098 1697 3148 vero
1734 3116 1822 3147 non
1858 3098 2105 3165 baptizari,

261 3175 306 3231 Si
342 3186 487 3230 autem
523 3177 570 3234 in
605 3190 792 3233 mortem
828 3174 1106 3240 baptizamur
1141 3175 1326 3220 Domini
1362 3210 1375 3230 ,
1422 3188 1549 3220 unam
1588 3169 1840 3236 profitemur
1875 3184 2104 3230 naturam,
2133 3169 2135 3171 ’

263 3247 307 3292 &
356 3243 710 3308 impassionabilis
758 3247 956 3294 Deitatis
991 3281 1004 3304 ,
1053 3248 1095 3292 &
1133 3242 1423 3310 passionabilis
1461 3245 1619 3289 Carnis
1660 3277 1672 3300 ‚
1735 3257 1782 3289 ut
1819 3256 1897 3307 per
1934 3239 2017 3287 hoc
2053 3236 2102 3291 fit

262 3310 485 3381 Baptisma
534 3314 721 3363 nostrum
773 3319 816 3364 &
853 3318 898 3363 in
935 3319 1085 3364 Deum
1126 3350 1137 3372 ‚
1187 3319 1229 3362 &
1279 3315 1325 3373 in
1362 3327 1549 3360 mortem
1586 3312 1772 3360 Domini
1810 3324 2095 3377 perceptum.

263 3387 365 3445 Nec
415 3383 533 3445 essim
594 3399 795 3446 veremur
837 3386 1190 3445 *Calumniatores
1231 3420 1244 3445 ,
1291 3385 1368 3451 qui
1419 3381 1624 3441 dividunt
1671 3384 1717 3430 in
1754 3379 1860 3439 duas
1898 3375 2102 3436 Personas

860 3463 865 3466 ’
952 3458 962 3468 “
1759 3449 2030 3500 Dominum.
