2326 3718
659 176 937 224 Rouaurs
972 165 1313 219 APPELLATI
1339 169 1580 219 omnus.

217 257 348 294 Sanetus
357 260 517 296 Servatius
525 261 745 307 Tongrensis‚
759 260 878 301 aliique
890 258 993 302 plures
1006 251 1085 293 Gal-

218 307 315 341 licani
336 309 489 354 Episcopi
510 311 683 347 Sardicenfi
711 310 868 345 Concilio
897 309 1065 343 adfuerant
1076 333 1087 349 ,

219 365 273 389 aut
283 360 366 393 certe
378 361 426 394 illi
440 361 704 405 subscripserant,
732 370 828 403 atque
841 361 884 393 ita
899 358 966 401 ejus
980 357 1089 391 Cano-

223 416 282 440 nes
291 408 508 453 deportarant,
519 421 573 446 aut
585 411 794 445 traduxerant
807 411 840 444 in
854 408 995 442 Galliam
1008 432 1015 438 .
1045 407 1088 440 Et

220 457 351 497 quidem
360 458 518 504 gloriosus
525 461 581 494 ille
591 460 797 495 Maximinus
811 461 918 494 fausto
931 456 1088 490 Pontifici

220 504 306 547 Julio
317 510 419 543 fuerat
432 510 547 544 author
556 535 567 551 ‚
594 521 629 544 ut
643 511 676 544 in
689 511 840 544 Sanctum
853 506 1064 542 Athanasium
1076 531 1086 546 ,

219 556 362 601 aliosque
372 560 555 594 Orientales
570 560 610 594 ad
631 561 735 604 ipsum
746 560 941 604 appellantes
953 556 1089 599 Episco—

218 616 279 648 pos
299 609 417 643 faceret
441 620 650 653 quaecumque
670 611 747 644 fecit
773 621 780 642 :
807 608 861 643 Ut
881 607 976 650 plena
999 630 1010 646 2
1036 616 1091 648 per

218 661 429 707 Apostolicos
440 684 451 700 ,
477 659 580 694 immd
591 661 625 694 ὅ(
636 671 690 704 per
703 657 914 702 Evangelicos
935 656 1092 690 Canones

217 713 336 747 donata
349 736 360 751 ,
385 710 445 744 suae
471 711 562 744 Sedis
573 710 769 745 authoritate
779 710 813 741 in
830 707 916 750 ipsos
927 715 1069 740 uteretur
1083 731 1090 738 .

216 762 328 809 Qare
339 761 439 795 etiam
452 759 587 794 Author
597 760 659 794 fuit
668 782 679 798 ,
705 768 740 806 ut
752 756 838 790 hanc
850 756 1012 790 Divinam
1024 755 1092 788 Ro-

214 822 317 846 manas
329 809 500 845 Cathedrae
510 808 742 844 authoritatem
756 807 876 841 Hofius
893 806 926 840 δε
938 805 1091 839 Gauden-

214 861 281 896 tius
302 870 357 905 per
379 860 579 895 sardicenses
601 859 754 893 Canones
777 857 971 890 innovarent
986 867 1024 890 ac
1034 854 1091 889 sta-

214 911 364 946 bilirent.
392 910 474 943 Haec
496 910 569 941 sunt
593 909 660 950 ejus
683 907 830 949 praetensa
853 906 988 939 crimina
1011 929 1022 944 ‚
1047 904 1091 937 ob

216 965 288 1004 quae
308 959 349 995 ad
359 961 431 993 suos
444 957 599 1001 Gregales
613 956 729 999 scripsit
741 954 921 989 Eusebiana
949 965 986 988 ac
998 954 1091 987 scele-

215 1019 282 1043 rata
295 1003 603 1051 Philippo-politam
613 1004 845 1040 Conventiculi
856 1006 882 1038 F
883 1005 997 1046 actim]
1002 1005 1092 1037 ulium

215 1058 305 1092 Urbis
316 1061 417 1090 Romae
427 1081 440 1098 ‚
467 1054 578 1097 Hostum
589 1082 598 1097 ‚
620 1058 654 1090 Θ
666 1058 851 1099 Protogenem
863 1079 874 1095 ,
900 1056 934 1088 Θ
951 1054 1089 1087 Gauden-

215 1115 289 1142 tium
298 1133 310 1148 ,
336 1109 370 1141 θ
396 1111 598 1148 Maximinum
618 1108 638 1138 a
659 1108 794 1139 Treveris
824 1105 988 1138 damnavit
1010 1115 1093 1137 omne

215 1157 377 1192 Concilium
382 1151 541 1201 secundum
552 1157 778 1199 antiquiffimam
792 1159 900 1199 Legem
910 1179 921 1195 ,
937 1164 970 1187 ut
984 1153 1091 1186 Autbo-

215 1220 263 1242 res
273 1212 480 1242 communionis
494 1197 650 1248 Marcelli,
677 1208 711 1244 ψ
725 1204 878 1247 Athanasii
895 1229 906 1245 ,
932 1206 966 1238 <it
978 1214 1092 1237 caetero·

215 1271 282 1293 rum
287 1257 492 1302 sceleratorum
503 1282 510 1289 .
537 1256 671 1291 Horum
681 1256 831 1290 omnium
847 1254 1018 1289 Gallicana
1033 1254 1094 1287 Ec-

217 1309 309 1344 clefia
329 1309 450 1351 semper
468 1307 552 1348 fuit,
582 1308 630 1340 uti
652 1305 876 1341 callentiffima
893 1330 903 1345 ‚
932 1305 1024 1338 ita&
1037 1302 1094 1337 ob-

215 1358 445 1393 servantiffima
457 1382 464 1389 .
479 1356 623 1391 Proinde*
633 1356 723 1390 aliud
736 1355 862 1399 nequiit
876 1354 1044 1388 Hilarium
1057 1353 1091 1386 in

215 1409 295 1444 istos
313 1419 432 1442 errores
453 1405 711 1441 circumscribere
722 1430 733 1446 ‚
761 1405 857 1447 quam
883 1404 977 1438 fucus
999 1414 1094 1438 novae

214 1458 461 1502 Autocephaliae
470 1481 477 1489 .
504 1459 555 1493 Ex
567 1457 636 1501 ipso
646 1457 770 1491 censuit
783 1456 842 1489 suae
855 1454 932 1490 Sedi
943 1452 1094 1488 accrevis-

215 1510 247 1543 se
260 1515 345 1544 nova
355 1508 424 1552 jura
434 1532 445 1548 ‚
457 1518 541 1541 nova
554 1506 734 1550 Privilegia
749 1531 755 1538 .
783 1505 857 1538 Suis
870 1502 1094 1545 synodalibus

216 1557 354 1601 Iudiciis
373 1556 526 1589 accessisse
545 1555 742 1598 dignitatem
757 1551 848 1586 illam
861 1574 872 1590 ,
899 1560 968 1592 quae
978 1550 1096 1582 Praeto·

212 1606 344 1637 rialium
354 1604 578 1632 Praefeeturum
589 1603 766 1632 sententias
777 1611 846 1632 non
859 1608 915 1639 per·
937 1597 1095 1638 Appella-

213 1652 341 1687 tionem
363 1645 512 1692 suspendi
534 1658 572 1681 ac
591 1647 747 1681 retractari
761 1670 773 1686 ,
799 1643 854 1687 sed
866 1644 1037 1679 dumtaxat
1050 1644 1096 1678 ob

213 1699 355 1736 humiles
367 1708 474 1743 preces
482 1698 638 1742 permittit
650 1696 781 1731 devolvi
793 1707 830 1730 ac
844 1694 977 1730 revideri
991 1694 1095 1742 :Qae

214 1751 407 1788 PraefeEium
426 1759 494 1782 non
508 1747 663 1791 permittit
678 1745 844 1781 humiliari
867 1745 903 1779 in
914 1745 1024 1779 Reum
1037 1755 1094 1778 aut

215 1801 450 1836 Accusatorem
463 1823 474 1839 ‚
485 1797 539 1832 sed
554 1797 687 1831 mandat
700 1797 804 1841 ipsum
814 1795 973 1830 revisoria:
981 1794 1095 1839 cogni·

215 1851 303 1886 tioni
313 1850 418 1885 adeffe
428 1873 439 1890 ,
458 1846 561 1889 immo
575 1848 608 1882 ὃς
620 1847 782 1891 praesidere
792 1871 799 1879 .
827 1846 871 1880 Et
883 1843 952 1879 haec
961 1844 1007 1879 est
1022 1855 1094 1879 vera

214 1902 309 1936 causa
321 1926 332 1944 ,
343 1912 384 1935 ex
395 1910 456 1943 qua
472 1909 610 1942 magnus
621 1898 691 1932 Leo
705 1897 865 1932 offensum
878 1895 1047 1930 Hilarium
1059 1895 1095 1928 in

215 1950 437 1986 retractatorio
447 1947 640 1983 Chelidonii
651 1947 781 1992 jndicio
792 1958 859 1981 non
871 1946 956 1989 juffit
969 1945 1049 1979 stare
1060 1954 1095 1979 ut

216 2002 327 2036 Reum
337 2024 347 2040 ,
369 1999 421 2034 fied
433 1997 574 2045 gratiose
597 1997 736 2042 permisit
749 2007 785 2032 ut
798 1996 943 2041 Iudicem
954 1994 1098 2030 conside-

216 2051 484 2096 re&suffragari.
510 2049 590 2083 Hoc
602 2048 831 2092 dispensatorio
846 2046 1006 2080 beneficio
1032 2047 1096 2089 spe-

218 2103 301 2136 ravit
311 2102 379 2144 ejus
390 2101 537 2135 animum
549 2098 751 2132 liberandum
766 2098 808 2131 ab
820 2098 925 2132 ulcere
937 2121 945 2129 .

271 2150 323 2184 Ex
345 2151 458 2184 eadem
480 2149 585 2183 radice
594 2147 739 2182 adversus
753 2148 949 2191 pertinacem
963 2170 974 2186 ,
1000 2146 1034 2180 δε
1057 2144 1097 2178 ab

218 2199 318 2234 Urbe
331 2199 509 2244 fugitivum
521 2199 656 2232 Sanetus
675 2198 833 2231 Pontifex
845 2196 961 2239 scripsit
975 2196 1016 2230 ad
1028 2194 1096 2228 An·

217 2249 306 2284 stites
316 2248 512 2283 Viennensis
523 2247 704 2282 Provinciae
716 2273 723 2280 .
752 2247 899 2290 Exponit
917 2246 1024 2282 Sanffi
1039 2245 1097 2278 Pe-

217 2300 259 2333 tri
283 2311 320 2334 ac
344 2299 543 2343 Apostolicae
565 2296 656 2332 sedis
678 2297 802 2331 Divina
825 2295 1002 2339 Privilegia
1023 2319 1034 2335 ‚
1060 2306 1097 2328 ac

217 2351 341 2395 pergit:
370 2351 476 2383 Verum
501 2348 577 2382 banc
601 2350 700 2381 Petra·
711 2346 792 2388 istius
811 2343 1098 2386 sacratifflmamfir-

218 2405 371 2439 mitatem,
398 2404 460 2432 Deo
472 2399 638 2442 aedificante
649 2397 836 2438 construc‘lam
850 2421 860 2436 ,
887 2401 977 2429 nimis
1002 2400 1095 2437 impia

217 2449 287 2482 vult
299 2448 525 2491 praesumptione
535 2450 667 2488 violare,
700 2446 829 2490 quisquis
842 2448 906 2487 ejus
923 2445 1096 2487 potestatem

215 2507 315 2531 tentat
341 2497 501 2540 infringere
516 2497 657 2539 favendo
669 2497 887 2539 cupiditatibus
903 2494 988 2537 suis,
1015 2497 1049 2532 6·
1063 2496 1098 2527 id

216 2549 295 2590 quod
313 2552 422 2591 accepit
432 2549 451 2578 ἃ
473 2546 623 2580 veteribus
637 2558 694 2578 non
702 2545 851 2589 sequendo
863 2569 874 2585 ,
899 2556 965 2577 cum
978 2546 1054 2578 nulli
1061 2543 1095 2587 se

214 2597 367 2641 subditum
387 2597 466 2641 legi,
493 2597 581 2630 nullis
608 2598 767 2629 Dominicae
789 2595 985 2634 Jnstitutionts
1007 2596 1097 2628 credit

217 2648 327 2691 regulis
348 2653 505 2686 contineri,
535 2649 555 2678 ἃ
579 2646 672 2686 vestro
682 2646 828 2687 nostroque
834 2653 892 2687 per
918 2656 1005 2677 novae
1016 2643 1097 2687 usur-

212 2702 346 2739 pationis
370 2697 513 2730 ambitum
533 2708 611 2729 more
637 2694 817 2739 desciscens,
841 2693 1093 2737 praesumendoil-

218 2749 318 2787 licita,
349 2748 383 2780 θ
400 2758 465 2789 quae
491 2746 629 2786 custodire
651 2746 753 2780 debuit
775 2746 947 2791 negligendo
970 2770 976 2776 .
1002 2744 1095 2778 Hila-

217 2798 302 2831 rium
325 2799 430 2841 arguit
454 2821 465 2837 ,
491 2808 559 2830 non
582 2796 670 2840 quod
696 2796 842 2831 haeretica
871 2795 923 2829 vel
950 2794 1096 2828 schisma-

218 2846 282 2881 tica
296 2847 449 2890 sapiendo
460 2873 470 2888 ‚
498 2847 550 2880 sed
563 2847 651 2889 quod
666 2848 728 2880 suis
738 2845 974 2890 cupiditatibus
987 2845 1096 2878 faven-

219 2896 262 2930 do
288 2905 425 2931 tentaret
452 2896 651 2940 Apostolicae
670 2897 761 2930 Sedis
772 2895 1093 2939 potestateminfrin-

220 2956 314 2988 gere:
340 2947 421 2981 Non
445 2945 535 2990 quod
557 2945 598 2980 ab
620 2945 807 2980 orthodoxa
831 2945 915 2987 fide,
943 2954 1001 2980 aut
1022 2946 1095 2979 uni-

220 3003 284 3028 tate
301 3020 313 3036 ,
339 2997 391 3030 sed
414 2997 502 3039 quod
523 2996 564 3030 ab
586 2997 681 3030 avitis
702 2996 860 3030 Romanae
880 3008 918 3030 ac
951 2995 1093 3029 Gallica-

219 3055 270 3076 nae
290 3044 433 3080 Ecclesiae
456 3047 600 3081 moribus
622 3058 677 3089 per
697 3057 788 3081 novae
799 3046 1015 3090 usurpationis
1027 3057 1092 3080 am-

220 3092 325 3126 bitum
346 3095 546 3131 descisceret.
576 3095 677 3143 Qiod
701 3107 821 3131 veteres
841 3097 975 3131 Patrum
996 3096 1092 3130 tradi-

221 3142 329 3176 tiones
343 3153 522 3187 excuteret,
540 3148 627 3190 quod
643 3147 740 3180 nullis
752 3146 977 3191 subdilegibus
988 3170 998 3185 ,
1023 3145 1092 3179 nul-

219 3192 260 3226 lis
271 3191 533 3230 velletcontineri
548 3197 760 3237 canonibus,
791 3197 1007 3240 quodillicita
1026 3206 1090 3239 pre-

218 3243 379 3280 sumeret,
406 3243 493 3284 quod
510 3247 685 3291 negligeret
708 3247 925 3282 observanda.
954 3247 1089 3281 Certum

218 3292 263 3325 est
277 3291 474 3325 Pontificem
485 3292 518 3325 in
540 3294 589 3327 his
599 3295 751 3331 omnibus
762 3299 912 3340 respicere
926 3308 963 3331 ac
984 3296 1089 3330 lauda·

219 3353 253 3375 re
274 3341 473 3375 sardicenses
501 3341 652 3379 Canones
673 3359 691 3386 >,
717 3348 751 3380 &
774 3347 815 3381 ab
834 3347 906 3391 ipsis
932 3347 1090 3381 stabilitos

220 3392 344 3425 favores
376 3391 536 3425 Romanis
560 3392 843 3435 Appellationibus
864 3423 870 3430 .
901 3398 966 3431 Eos
986 3397 1090 3440 queri-

222 3450 273 3475 tur
293 3441 403 3475 excuti
428 3442 461 3474 &
482 3443 584 3484 sperni
606 3441 646 3475 ab
669 3444 820 3482 Hilario.
846 3447 948 3492 quue
976 3457 1087 3481 contra

319 3489 425 3531 christ.
439 3494 517 3534 Lupi
525 3495 622 3534 Opera
634 3495 666 3526 T.
687 3496 766 3526 VIII.

1903 195 1919 223 1
1937 191 1956 236 5

1145 267 1331 341 {efflei-uam
1358 259 1511 303 pietatem
1531 270 1568 293 ac
1598 256 1832 298 observantiam
1850 263 2028 301 Gallicam

1177 320 1212 341 CC
1226 321 1242 342 e
1257 321 1293 342 1ae
1304 334 1311 340 .

1197 359 1289 392 Hinc
1301 360 1523 402 prosequitur:
1551 363 1658 392 Verum
1670 358 1733 392 baec
1757 371 1808 393 nos
1823 369 1944 397 nitimur
1964 375 2028 398 con·

1139 407 1206 450 filio
1228 414 1394 442 maturiore
1414 416 1570 453 corrrigere
1582 433 1593 449 ‚
1620 411 1654 443 b·
1666 409 1830 449 vestrarum
1838 413 2026 453 Ecclefiarum

1143 458 1256 499 statum
1266 465 1472 494 communicato
1486 458 1635 502 vobiscum
1647 459 1744 492 labore
1758 468 1921 502 componere
1931 486 1942 501 ‚
1954 500 1958 504 ι
1969 475 2027 498 non

1149 520 1228 542 nova
1238 508 1419 548 instituentes
1430 536 1440 551 ‚
1463 508 1522 552 sed
1532 517 1635 543 vetera
1648 519 1830 543 renovantes
1840 533 1850 549 ,
1876 520 1910 543 ut
1931 516 1963 543 in
1967 512 2028 551 sta.

1150 568 1197 591 tus
1219 557 1441 602 consuetudine,
1467 570 1533 601 quae
1559 559 1641 593 nobis
1662 561 1682 592 a
1710 559 1814 600 nostrii
1829 560 1972 593 Patribus
1992 561 2029 600 est

1151 610 1269 642 tradita
1284 633 1295 649 ‚
1316 611 1511 651 perduremus
1523 634 1533 650 ,
1560 612 1666 643 &Deo
1677 609 1766 649 nostro
1775 617 1831 652 per
1851 610 1917 642 hom·
1932 616 2028 652 operis

1151 658 1339 697 ministerium
1351 684 1362 699 ,
1390 665 1509 693 remotis
1516 660 1773 702 perturbationum
1781 658 1931 702 scandalis
1943 683 1953 698 ,
1961 662 2031 702 pla-

1152 719 1266 740 ceamus
1281 735 1287 741 .
1316 709 1534 753 Nequaquam
1545 711 1614 755 agit
1625 710 1666 744 de
1676 710 1877 744 stabiliendae
1896 710 2032 743 Narbo-

1154 758 1259 791 nenfis
1270 759 1449 793 Provinciae
1459 757 1617 793 divisione
1627 785 1637 800 ,
1664 771 1703 794 ac
1716 760 1813 794 variis
1840 761 1874 794 in
1889 760 1955 803 ipsa
1968 771 2034 793 ma-

1153 809 1360 842 nu·tenendis
1393 808 1635 853 Metropolitis.
1663 810 1742 843 Haec
1752 810 1842 844 enirn
1853 804 1966 845 omnia
1982 821 2035 843 ne·

1153 868 1314 900 quaquam
1340 870 1430 893 erant
1454 858 1664 893 vetustissima
1684 883 1695 900 ,
1724 858 1776 893 sed
1801 860 1941 893 omnino
1978 871 2036 893 no-

1154 907 1261 940 viora.
1290 907 1373 952 Agit
1395 908 1496 954 igitur
1523 908 1785 944 deinstaurando
1808 909 2034 944 Romanarum

1155 956 1424 999 Appellationum
1446 960 1584 1002 antiquo
1614 961 1697 994 statu
1723 959 1758 993 ὅτ.
1781 959 1883 993 forma
1906 984 1913 991 .
1941 959 2035 993 Hinc

1152 1006 1240 1039 enim
1263 1005 1450 1049 subjungit:
1477 1007 1636 1051 Nobiscum
1646 1015 1749 1052 itaque
1759 1013 1952 1044 Fraternitas
1978 1020 2036 1042 ve-

1149 1055 1211 1096 stra
1227 1054 1404 1099 recognoscat
1417 1055 1603 1097 apostolicam
1615 1060 1719 1092 Sedem
1729 1083 1740 1100 ,
1761 1068 1818 1102 pro
1834 1057 1884 1103 sui
1895 1070 2037 1094 reveren-

1154 1112 1217 1145 tia,
1245 1108 1265 1137 ἃ
1289 1105 1393 1144 vestra·
1403 1111 1495 1138 etiam
1507 1108 1677 1138 ProvincIae
1700 1110 1923 1148 sacerdotibus,
1952 1115 2040 1142 innu-

1155 1160 1243 1189 meris
1254 1155 1460 1188 Relationibus
1471 1157 1522 1198 effe
1535 1153 1709 1197 consultam,
1731 1156 1766 1188 &⁵
1771 1163 1828 1197 per
1840 1158 2040 1200 diversarum,

1157 1205 1402 1248 quemadmodum
1426 1215 1515 1239 vetus
1525 1203 1697 1248 consuetudo
1708 1202 1847 1247 poscebat
1859 1229 1870 1244 ,
1897 1209 2042 1247 Appella-

1154 1261 1261 1288 tionem
1282 1254 1434 1298 causarum
1458 1264 1512 1288 aut
1523 1255 1688 1288 retrao‘lata
1698 1262 1750 1287 aut
1762 1253 1936 1296 confirmata
1951 1254 2045 1297 fuisse

1150 1309 1181 1351 J
1184 1306 1283 1339 udicia
1294 1330 1304 1345 ,
1330 1307 1403 1339 adeo
1415 1314 1448 1338 ut
1452 1304 1582 1348 servata
1593 1309 1711 1338 unitate
1723 1306 1852 1346 spiritus
1879 1311 1911 1338 in
1924 1304 2045 1338 vinculo

1153 1360 1236 1398 pacis
1248 1380 1259 1396 ‚
1284 1355 1511 1389 commeantibus
1524 1355 1678 1389 hincinde
1690 1356 1800 1388 litteris
1816 1379 1827 1395 ,
1853 1357 1932 1397 quod
1939 1354 2044 1397 sandi?

1157 1405 1298 1450 agebatur
1303 1414 1457 1448 perpetuae
1466 1405 1620 1448 proficeret
1631 1405 1774 1439 charitati
1789 1430 1795 1436 .
1823 1407 1974 1448 ‚Quoniam
1981 1403 2045 1447 sol-

1159 1457 1280 1490 licitudo
1288 1456 1383 1497 nostra
1395 1481 1405 1497 ,
1418 1467 1475 1489 non
1482 1454 1540 1499 sua
1551 1467 1688 1498 quaerens
1705 1481 1716 1497 ‚
1726 1454 1784 1498 sed
1794 1467 1861 1498 quae
1870 1454 1943 1498 sunt
1955 1454 2047 1487 chri·
2054 1484 2062 1503 7

1154 1506 1191 1546 sti
1206 1530 1217 1546 ,
1241 1506 1420 1550 dignitatem
1447 1507 1606 1540 Divinitas
1629 1508 1735 1539 datam
1745 1516 1797 1539 nec
1811 1504 1966 1547 Ecclefiis‚
1996 1516 2049 1538 nec

1159 1555 1351 1596 Ecclefiarum
1362 1559 1383 1589 5
1384 1551 1567 1591 acer-dotibus
1578 1556 1742 1600 abrogabat
1759 1581 1766 1588 .
1789 1556 1987 1589 Constanter
1997 1556 2048 1587 af-

1160 1603 1266 1637 firmat
1280 1605 1315 1637 in
1329 1603 1521 1638 Chelidonii
1536 1607 1630 1638 causa
1642 1607 1673 1638 se
1685 1617 1754 1639 non
1768 1616 1857 1639 novo
1869 1605 1984 1644 modo,
1993 1604 2049 1638 sed

1158 1648 1250 1689 juxta
1267 1653 1388 1682 avitam
1411 1653 1683 1685 consuetudinem
1703 1665 1741 1687 ac
1753 1653 1899 1696 regulam
1922 1654 2048 1697 proces-

1159 1698 1225 1731 fiffe
1237 1722 1244 1730 .

1210 1747 1370 1783 Notanda
1393 1749 1466 1783 sunt
1491 1748 1606 1784 verba:
1633 1753 1657 1782 Δ
1685 1749 1791 1791 vestrae
1812 1755 1904 1784 ettam
1921 1753 2050 1785 Provin-

1158 1805 1212 1833 ciae
1234 1799 1457 1833 Sacerdotibus.
1488 1800 1663 1834 Affirmant
1691 1801 1814 1835 avitam
1837 1803 2048 1836 consuetudi-

1159 1861 1234 1884 nem
1246 1860 1284 1883 ac
1295 1850 1440 1894 regulam
1451 1851 1549 1893 aequis
1562 1850 1683 1893 semper
1705 1851 1843 1894 paffibus
1868 1851 2047 1886 ambulasse

1159 1911 1213 1943 per
1238 1910 1375 1934 omnem
1396 1900 1542 1934 Galliam
1566 1913 1573 1933 :
1616 1901 1725 1935 Etiam
1750 1912 1806 1944 per
1832 1900 2044 1937 Provinciam

1158 1949 1409 1984 Narbonensem
1419 1965 1430 1983 e
1457 1950 1558 1984 Istum
1586 1951 1750 1985 tramitem
1761 1952 1778 1984 a
1794 1951 1888 1985 nullo
1900 1962 2046 1994 unquam

1158 2000 1250 2034 fuisse
1277 2000 1464 2034 derelistum
1490 2025 1501 2040 ‚
1527 2000 1628 2046 longe
1646 2015 1649 2019 >
1669 2001 1779 2036 minus
1815 2001 2051 2047 redargutum,

1160 2051 1216 2084 nisi
1228 2062 1317 2084 nunc
1328 2050 1370 2085 ab
1381 2051 1482 2085 unico
1504 2051 1640 2085 Hilario
1654 2073 1662 2083 .
1694 2051 1798 2099 Qod
1811 2050 1970 2086 Pontifex
1994 2064 2051 2096 po-

1159 2100 1340 2135 tentissimis
1372 2100 1475 2135 verbis
1496 2101 1671 2144 exprimit:
1696 2103 1761 2135 Sed
1780 2101 1857 2135 bunc
1870 2111 2049 2142 tramitem,

1155 2148 1274 2192 semper
1300 2156 1378 2184 inter
1396 2153 1528 2191 Majores
1555 2151 1660 2190 nostros
1675 2152 1937 2193 &bene-tentum,
1963 2151 2052 2195 &sa-

1159 2200 1279 2233 lubriter
1303 2200 1475 2240 custoditum
1489 2224 1501 2240 ,
1528 2202 1662 2235 Hilarius
1684 2226 1696 2242 ‚
1722 2200 1918 2242 Ecclefiarum
1933 2202 2048 2243 statum

1160 2251 1194 2284 &²
1216 2251 1397 2287 concordiam
1416 2251 1604 2283 sacerdotum
1644 2257 1732 2284 novis
1760 2252 2049 2294 praesumptionibus

1157 2300 1333 2333 turbaturus
1350 2324 1361 2340 ,
1386 2301 1497 2339 exceffit
1510 2325 1520 2339 ‚
1547 2307 1591 2333 ita
1609 2299 1677 2343 suae
1697 2313 1752 2335 vos
1777 2307 1900 2343 cupiens
1918 2301 2046 2344 subdere

1159 2350 1291 2391 potestati
1304 2373 1315 2390 ,
1344 2359 1377 2383 ut
1383 2349 1418 2392 se
1431 2352 1528 2383 Beato
1546 2351 1672 2392 apostolo
1683 2346 1773 2385 Petro
1783 2362 1840 2385 non
1846 2358 1986 2394 patiatur
1996 2352 2050 2395 effe

1152 2398 1319 2443 subjec‘lum
1330 2425 1337 2432 .
1366 2401 1493 2434 Revera
1504 2401 1595 2434 enirn
1609 2401 1754 2444 quisquis
1768 2403 1957 2437 Romanam
1978 2401 2048 2446 Ap-

1162 2451 1372 2493 pellationem
1388 2475 1398 2491 ,
1425 2450 1502 2485 licet
1524 2462 1592 2485 non
1619 2463 1790 2490 excutere,
1817 2463 1924 2487 tamen
1938 2451 2047 2488 studes

1161 2501 1224 2533 suis
1236 2499 1364 2543 Juribus
1378 2511 1525 2533 truncare
1537 2524 1548 2539 ,
1574 2501 1715 2534 omnino
1725 2502 1828 2535 ambit
1839 2502 1874 2536 in
1894 2503 2046 2537 subditos

1161 2549 1218 2582 fibi
1233 2550 1415 2592 Episcopos
1430 2547 1636 2583 dominatum
1650 2562 1687 2583 ac
1698 2551 1906 2592 tyrannidem
1918 2563 2044 2587 exerce-

1161 2610 1212 2641 re3
1239 2599 1273 2632 &
1295 2599 1413 2632 Sansto
1437 2597 1534 2632 Petro
1552 2623 1563 2639 ‚
1589 2600 1867 2642 quemadmodum
1886 2612 2042 2646 oportet,

1162 2660 1229 2683 non
1242 2649 1303 2682 eise
1315 2648 1470 2691 subjectns
1480 2674 1487 2681 .

1209 2698 1368 2733 Notanda
1391 2696 1463 2732 sunt
1486 2698 1520 2733 ἀ
1536 2697 1603 2733 haec
1620 2699 1712 2735 verba
1728 2712 1735 2732 :
1763 2702 1931 2736 Sollicitudo
1942 2704 2040 2745 nistra

1159 2749 1336 2792 dignitatem
1360 2750 1521 2782 Divinitas
1544 2750 1648 2783 datam
1672 2763 1723 2785 nec
1733 2752 1867 2793 Ecclefiis
1881 2778 1891 2793 ,
1917 2766 1968 2787 nec
1979 2758 2039 2789 Ec-

1158 2797 1305 2840 clefiarum
1319 2799 1521 2832 sacerdotibus
1546 2799 1726 2844 abrogabat.
1758 2803 1931 2838 Affirmant
1944 2806 2038 2848 quod

1158 2850 1292 2892 antiqua
1316 2849 1427 2893 proseq
1435 2848 1545 2883 uendae
1557 2851 1785 2893 appellationis
1797 2854 1900 2888 forma
1912 2855 2035 2889 nullius

1160 2899 1329 2938 Ecclefiae‚
1354 2899 1476 2933 nullius
1501 2900 1652 2944 Episcopi
1678 2902 1884 2948 privilegium
1908 2915 1963 2936 aut
1984 2905 2032 2938 di-

1156 2949 1316 2993 gnitatem
1337 2950 1638 2994 circumscripserit:
1667 2951 1768 2999 Qod
1783 2953 1948 2995 peripsam
1962 2953 2033 2987 Ro-

1158 3010 1253 3033 mana
1267 2997 1362 3034 Sedes
1373 3010 1440 3035 non
1456 3001 1509 3033 sua
1524 3001 1678 3043 quaefierit
1689 3024 1699 3039 ,
1710 3001 1759 3034 sed
1774 3002 1922 3045 quaeJesu
1936 3002 2031 3037 Chri-

1156 3049 1194 3082 sti
1215 3074 1221 3080 .
1248 3049 1350 3096 Qod
1373 3049 1437 3092 ipsa
1462 3050 1498 3083 sit
1521 3051 1681 3083 Divinum
1704 3074 1715 3090 ,
1740 3050 1781 3083 ab
1803 3051 1872 3094 ipso
1896 3051 2030 3087 Christo

1156 3100 1307 3133 Domino
1319 3100 1540 3142 impartitum,
1567 3098 1763 3141 Apostolicae
1774 3100 1942 3135 Cathedrae
1961 3102 2028 3136 Pri-

1156 3150 1330 3194 vilegium.
1359 3149 1452 3183 Hinc
1477 3149 1554 3182 item
1580 3149 1752 3190 discimus,
1779 3150 1869 3194 quod
1880 3151 2028 3187 Hilarius

1153 3201 1252 3233 etiarn
1273 3199 1419 3232 clamarit
1439 3199 1500 3231 suae
1521 3198 1668 3233 Ecclesiae
1688 3199 1886 3244 dignitatem
1911 3202 2028 3244 abjsta

1154 3250 1257 3283 forma
1269 3249 1419 3283 mutilari·
1431 3247 1587 3282 Notanda
1598 3247 1737 3292 denique
1748 3252 1822 3284 sunt
1832 3251 1865 3284 δε
1879 3250 1945 3285 haec
1958 3263 2026 3288 ver-

1154 3299 1210 3333 ba:
1239 3298 1496 3342 Quemadmodum
1513 3308 1600 3331 vetus
1611 3298 1780 3342 consuetudo
1797 3301 1952 3343 poscebat.
1982 3302 2026 3335 Ε-

1152 3351 1265 3383 dicunt
1286 3349 1376 3382 istam
1396 3349 1593 3391 exequendae
1623 3350 1851 3393 appellationis
1884 3354 2024 3386 formam

1153 3410 1219 3432 non
1249 3399 1311 3432 effe
1333 3399 1350 3432 a
1373 3398 1548 3432 Sardicenfi
1573 3400 1710 3440 Synodo
1725 3425 1735 3441 ,
1760 3400 1812 3435 sed
1833 3401 1850 3434 ὲ
1873 3412 2024 3445 perpetua

1152 3449 1301 3483 omnium
1312 3447 1522 3483 Ecclefiarum
1533 3449 1766 3486 consuetudine
1779 3464 1785 3484 ε
1815 3450 1871 3485 Ab
1884 3451 2022 3493 Aposto·

1583 3499 1610 3534 B
1660 3510 1685 3535 2
1884 3500 1948 3533 lico
1962 3523 1974 3539 ‚
