2326 3718
116 291 202 331 Epist.

354 147 375 192 3
387 149 412 180 2
421 147 449 181 2

272 229 382 264 preces
391 219 458 261 jam
470 215 702 252 confirmatum
714 215 749 252 in
763 217 959 262 Episcopatu
971 213 1162 250 Constanti-

205 296 254 327 60,
273 267 474 311 nopolitano
486 280 499 300 .-
526 270 572 300 De
588 267 753 302 Faeatrtbus
764 271 837 303 vero
850 293 862 309 ‚
887 279 958 310 quos
984 268 1018 299 &
1040 265 1164 307 epistolis

271 324 334 354 tuis
345 341 357 358 ‚
385 319 420 350 <tr
436 320 615 361 Legatorum
625 319 784 360 nostrorum
804 321 947 352 relatione
957 339 968 355 ,
993 321 1164 351 communio-

271 373 322 403 nis
346 366 450 407 κώπα
476 370 597 410 cupidos
610 369 658 412 effe
680 375 887 413 cognovimus,
913 368 945 399 eo
956 368 1035 408 quod
1044 368 1164 400 doleant

267 416 302 463 se
323 427 428 452 contra
445 425 611 460 potentiam
625 444 635 460 ,
661 428 820 459 contraque
841 426 967 451 terrores
978 427 1036 451 non
1047 417 1165 459 tenuisse

270 468 468 510 constantiam
478 493 490 509 ,
512 468 570 515 Ῑζεί
591 470 686 502 alieno
697 467 800 509 sceleri
806 465 961 510 praebuiffe
971 465 1140 511 consensum
1153 491 1163 507 ‚

269 529 336 555 cum
358 530 404 553 eos
418 521 474 553 itti
487 519 624 560 formido
648 517 789 558 turbaffet
802 541 812 556 ‚
838 526 871 550 ut
893 519 926 555 tn
940 519 1163 552 damnationem

270 567 418 603 Catholici
441 578 531 611 atque
546 571 712 600 Innocentis
724 566 875 607 Antistiris
888 593 898 608 ,
927 570 962 601 (⁹0
987 573 1019 600 in
1029 571 1164 608 receptio-

268 630 338 654 nem
348 618 528 661 detestabilis
547 622 721 658 pravitatis
742 620 861 659 trepido
877 617 1106 659 famularentur
1118 615 1162 650 ob-

262 667 389 717 sequio,
414 668 497 700 illud
511 666 628 709 quidem
642 669 722 710 quod
727 667 931 711 praesentibus
957 669 991 701 (θ’
1001 666 1159 711 agentibus

265 720 373 761 vatim
392 715 576 756 constitutum
599 717 637 758 est
656 719 858 760 approbamus
875 743 885 759 ,
914 727 946 751 ut
953 717 1077 761 suarum
1089 724 1160 751 inte·

264 775 325 804 rim
337 765 532 807 Ecclesiarum
544 768 632 810 effent
641 775 838 804 communione
856 775 986 803 contenti
999 794 1008 809 ‚
1030 767 1086 812 fied
1095 779 1160 801 cum

272 822 398 861 Legatis
423 817 528 857 nostris
541 842 552 857 ,
578 830 650 860 quos
675 819 828 862 miſsenus,
850 825 1042 862 participata
1066 829 1161 858 tecum

262 866 461 911 fillicitudine
486 870 621 903 volumus
632 867 806 911 disponatur
819 894 830 910 ,
856 871 1003 912 quatenos
1017 869 1080 909 'hi,
1106 875 1158 912 qur·

262 917 365 960 plenis
383 916 645 960 satisfac‘lt'onibus
669 920 749 953 male
761 920 843 963 gesta
862 922 1060 953 condemnant
1084 943 1095 959 ,
1122 921 1156 953 ὡ·

261 966 400 1012 accusare
406 967 441 1011 se
451 975 548 1012 mugit
560 970 674 1012 eligunt
684 972 778 1011 quiem
804 977 903 1010 tueri,
924 971 1011 1012 pacis
1037 972 1072 1004 Θ
1084 979 1157 1003 com-

261 1024 412 1054 munionis
423 1018 526 1058 nostrae
537 1025 657 1053 unitate
667 1021 807 1054 laetentur
817 1047 828 1062 ,
855 1023 902 1054 ita*
911 1031 943 1053 ut
955 1023 1046 1065 digno
1064 1020 1151 1062 prais

260 1067 456 1104 anathemate
464 1093 476 1110 ,
503 1081 570 1112 quae
578 1079 682 1104 contra
688 1071 782 1112 fidem
795 1070 980 1106 catholicam
993 1069 1068 1115 sunt
1080 1081 1158 1104 rece·

255 1127 338 1161 pra,
361 1120 546 1154 damnentur
558 1147 566 1154 .

265 1186 271 1203 ;
310 1169 466 1204 Affirmat
491 1171 525 1206 δι’
546 1171 645 1207 docet
672 1174 779 1215 varia‚
805 1172 940 1214 Primo,
966 1173 1057 1221 quod
1078 1184 1154 1207 orn-

258 1220 535 1262 nesLatrocinali
548 1222 681 1264 Iudicio
692 1235 884 1268 cooperatos
903 1223 1052 1257 Orientis
1076 1222 1153 1265 Epi-

257 1270 375 1314 scopus
386 1272 564 1306 removerit
575 1273 592 1305 a
607 1274 661 1307 sua
671 1275 913 1309 communione
926 1296 933 1304 .
966 1271 1096 1314 Nempe
1120 1273 1152 1304 in

254 1320 321 1357 ,ista
349 1320 420 1364 post
443 1320 553 1355 Hilari
578 1321 725 1355 Diaconi
740 1322 882 1356 reditum
902 1321 1064 1364 Synodo,
1090 1332 1153 1364 qua

255 1369 406 1404 Flaviani
427 1369 684 1412 appellationem
708 1371 834 1406 admisit
848 1395 860 1411 ‚
887 1383 926 1405 ac
939 1371 1045 1414 ipsum
1067 1383 1153 1406 reve-

253 1419 362 1453 stivit.
389 1418 546 1454 Proceffit
561 1432 602 1455 ex
616 1422 752 1465 antiqua
767 1421 916 1458 Ecclesiae
929 1422 1039 1466 regula
1050 1444 1061 1460 ,
1085 1422 1137 1455 lau

253 1467 330 1503 data
355 1481 393 1503 ac
407 1468 549 1507 stabilita
571 1482 627 1514 per
642 1473 835 1507 Africanum
860 1472 1055 1506 Canonem:
1085 1474 1153 1505 Pla-

250 1524 315 1559 ruir
335 1528 369 1553 ut
395 1520 417 1551 ἃ
437 1519 667 1564 quibust-umque*
682 1526 714 1567 J
719 1522 853 1556 adit-ibus
885 1520 1087 1564 Ecclefiasticis
1111 1524 1155 1555 ad

246 1571 330 1609 »alios
334 1571 367 1612 J
368 1570 466 1602 udices
476 1570 688 1613 Ecclefiasticos
699 1595 711 1611 ,
739 1572 788 1606 ubi
802 1573 840 1612 est
851 1576 948 1613 major
959 1572 1128 1607 authoritas
1138 1595 1148 1611 ‚

241 1619 348 1662 fierit
359 1627 554 1662 provocatum
567 1645 578 1662 ,
605 1632 663 1655 non
682 1629 723 1656 eis
735 1622 803 1665 obfit
814 1649 823 1664 ‚
852 1634 975 1665 quorum
991 1622 1092 1665 fuerit
1107 1621 1152 1666 so-

242 1664 318 1704 'luta
326 1668 500 1713 sententia,
518 1671 551 1713 fi
555 1678 692 1706 convinci
717 1685 773 1707 non
782 1677 937 1715 potuerint
963 1674 1017 1707 vel
1035 1678 1152 1706 inimico

251 1724 353 1761 animo
367 1722 536 1764 jadicaffi,
565 1724 620 1756 vel
643 1725 745 1766 aliqua
757 1726 922 1765 cupiditate
936 1749 946 1763 ,
973 1726 1025 1757 vel
1043 1729 1150 1766 gratia

251 1770 435 1812 depravati.
466 1771 520 1805 Isti
538 1773 690 1816 Episcopi
708 1800 717 1814 ,
745 1775 820 1808 licet
838 1787 905 1808 non
933 1775 1071 1807 inimico
1084 1774 1152 1806 ani-

250 1830 309 1854 mo
327 1845 336 1860 ‚
364 1832 474 1855 tamen
499 1822 682 1864 cupiditate
707 1825 741 1858 δε
758 1825 862 1868 gratia
889 1824 1054 1866 depravati
1069 1820 1150 1866 judi-

250 1873 427 1913 caverant,
453 1871 594 1916 ideoque
608 1874 763 1918 ⁴Magnus
777 1874 846 1908 Leo
871 1874 955 1918 ipsos
971 1876 1090 1908 merito
1103 1884 1151 1907 ca-

250 1921 404 1965 stigavit.
435 1924 587 1957 secundo
598 1923 753 1958 discimus
765 1948 775 1963 ‚
805 1925 895 1967 quod
910 1923 960 1956 isti
978 1923 1151 1965 Episcopi,

249 1972 331 2009 dum
358 1973 442 2005 vixit
470 1973 651 2013 Imperator
672 1971 904 2013 Theodosius,
933 1972 966 2005 in

249 2022 289 2057 ac
317 2022 512 2065 poenitentia
536 2023 700 2055 siluerint.
731 2022 932 2056 Etenimille
943 2021 1150 2054 confirmarat

250 2070 454 2116 Ephesinum
465 2071 696 2105 Latrocinium
709 2094 719 2110 ,
745 2071 780 2104 δε
793 2069 945 2103 ειάνεκεὺς
962 2070 1067 2112 ipsum
1090 2080 1150 2103 nec

249 2132 359 2167 preces
398 2131 459 2154 nec
483 2120 712 2154 instrutstiones
735 2119 932 2164 dignabatur
957 2119 1147 2153 admittere.

249 2172 300 2208 At
315 2172 392 2206 vero
406 2172 475 2214 post
491 2170 560 2214 ejus
579 2181 720 2204 mortem
739 2172 785 2204 lm
792 2170 880 2214 perio
900 2167 1051 2204 admotus
1061 2169 1149 2203 Mar-

250 2224 361 2258 tianus
384 2221 553 2255 exaudivit
579 2221 745 2266 Magnum
772 2222 919 2255 Leonem
939 2245 950 2260 ,
973 2221 1151 2262 omniaque

250 2274 319 2317 ejus
331 2274 472 2307 Decreta
500 2283 538 2305 ac
550 2270 718 2305 postulata
741 2282 907 2305 veneratus
930 2272 974 2304 est
987 2295 997 2311 ‚
1025 2271 1059 2303 &
1072 2280 1149 2304 con-

251 2323 417 2360 firmavit.
445 2321 549 2354 Tunc
563 2322 663 2365 igitur
680 2321 813 2355 istorum
830 2321 1065 2363 Episcoporum
1084 2319 1150 2361 plu-

252 2374 328 2408 rimi
349 2382 556 2415 agnoverunt
569 2381 706 2403 err-orem
723 2394 733 2410 ‚
760 2371 794 2403 &
808 2370 914 2413 primo
927 2370 966 2403 ad
980 2369 1148 2412 Julianum

253 2423 421 2457 Coenscm
448 2420 668 2463 Episcopum,
696 2420 818 2453 Leonis
842 2420 935 2454 isthic
963 2420 1151 2463 Legatum,

253 2472 373 2507 deinde
386 2481 591 2504 recurrerunt
614 2469 771 2512 adipsum
797 2468 995 2503 Pontificem
1008 2493 1018 2508 ‚
1044 2470 1079 2507 &
1091 2469 1151 2502 suae

254 2522 440 2557 infirmitati
466 2532 503 2554 ac
525 2520 627 2562 lapsui
643 2518 884 2564 indulgentiam
908 2519 1151 2563 supplicarunt,

254 2573 399 2616 recipere
409 2574 680 2604 communionem
706 2581 783 2604 cum
800 2570 953 2603 Romana
967 2595 977 2610 ,
1003 2570 1153 2613 adeoque

256 2623 293 2658 &
312 2634 387 2657 cum
411 2622 505 2655 omni
529 2619 727 2656 Orthodoxa
755 2620 895 2654 Ecclesia
911 2645 918 2652 .
947 2621 989 2653 Et
1003 2620 1073 2653 Leo
1098 2631 1153 2662 per

255 2674 377 2718 gradus
390 2672 555 2714 proceffit.
588 2670 701 2704 Primo
716 2681 816 2703 ratam
832 2668 949 2704 habuit.
967 2671 1083 2703 fastam
1105 2670 1152 2703 eis

256 2726 275 2759 ὲ
289 2725 353 2757 suis
365 2723 496 2766 Legatis
512 2720 650 2766 gratiam
664 2734 675 2754 .·
705 2720 931 2764 Apostolicam
943 2721 1152 2754 communio-

256 2785 336 2809 nem
358 2775 442 2807 intra
466 2772 570 2806 solam
591 2770 743 2814 cujusque
770 2770 948 2804 Ecclesiam
970 2796 978 2803 .
1022 2768 1152 2803 Deinde

256 2823 354 2867 ipsis,
380 2821 566 2857 dummodo
582 2821 798 2865 Eutychianae
809 2821 950 2864 perfidiae
963 2820 1152 2856 solemniter

257 2875 405 2910 dicerent
418 2872 591 2907 anathema
603 2897 614 2916 ,
641 2871 781 2906 restituit
793 2872 922 2915 plenam
945 2857 1152 2905 communib-

259 2936 335 2960 nem
347 2950 354 2957 .
458 2926 460 2928 ’

309 2974 467 3008 Pontifex
493 2973 597 3019 pergit
621 2974 653 3007 in
669 2975 722 3008 sua
736 2973 889 3017 epistola:
922 2975 964 3005 Be
987 2970 1151 3004 nominibus

261 3034 358 3058 autem
370 3023 499 3068 Dioscuri
520 3023 715 3059 Patriarchae
738 3023 957 3057 Alexandrini
976 3046 986 3062 ,
1006 3026 1152 3067 Juvena-

262 3073 303 3108 h‘s
319 3075 615 3118 Hierosolymitani
629 3099 639 3115 ,
666 3074 838 3115 &Eussatit
853 3072 1033 3114 Berytensis
1047 3073 1077 3105 in
1094 3072 1154 3114 pri·

262 3135 317 3159 ma
330 3123 499 3159 Phoenicia
513 3126 667 3169 Episcopi
680 3149 691 3165 ,
716 3126 762 3157 ad
771 3127 892 3157 sacrum
918 3123 1017 3156 Altare
1032 3133 1089 3155 non
1111 3132 1153 3153 te-

261 3174 394 3207 citandis
414 3175 604 3209 Dilec‘lionem
633 3185 717 3208 tuam
730 3175 781 3207 boc
804 3176 883 3208 decet
893 3172 1028 3214 custodire
1040 3197 1050 3213 ‚
1076 3171 1155 3213 quod

262 3224 349 3265 nostri
359 3222 468 3255 ibidem
478 3225 623 3265 constituti
629 3225 810 3267 faciendum
819 3225 870 3268 effe
882 3226 1026 3256 duxerint
1041 3246 1052 3262 ,
1063 3222 1152 3263 quod-

257 3285 318 3318 que
339 3272 519 3311 bonorandae
542 3275 642 3307 sandi
668 3277 818 3308 Flaviani
831 3280 976 3312 memoria
999 3283 1057 3306 non
1067 3280 1152 3313 repu-

259 3333 333 3370 gnet
345 3348 357 3364 ‚
382 3324 416 3357 (5
429 3323 449 3354 ἃ
454 3327 560 3366 gratia
571 3332 623 3355 tua
634 3325 816 3365 christianae
839 3325 941 3358 Plebis
962 3328 1074 3355 animos
1098 3333 1153 3354 non

263 3382 389 3409 avertat
402 3399 409 3405 .
437 3377 525 3405 Nam
535 3376 671 3414 iniquum
685 3380 773 3407 nimts
788 3375 826 3416 est
851 3376 944 3417 atque*⁴
955 3379 1152 3416 incongruum,

262 3437 308 3461 eos
323 3424 376 3468 qui
384 3430 551 3457 innocentes
578 3422 791 3462 &Catholicor
812 3424 871 3467 sua
888 3422 1087 3467 persecutione
1107 3433 1156 3456 ve-

753 145 820 177 De
856 131 1127 189 ROMANA
1162 128 1631 178 APPEL'LAYJONE

1239 223 1353 248 xarum
1362 239 1373 256 ,
1401 215 1574 249 SanHorum
1584 216 1751 256 nominibus
1757 217 2004 265 mffltscretione
2018 222 2117 267 misce-

1233 271 1284 306 ri,
1309 276 1375 298 cum
1383 265 1561 300 damnatam
1571 272 1756 308 impietatem
1781 280 1840 302 non
1856 271 2037 315 deserentes,
2060 274 2118 318 tpfi

1226 314 1262 359 fe
1278 313 1336 358 sua
1355 322 1516 357 pravitate
1537 320 1730 351 condemnent
1752 330 1762 350 :
1797 321 1882 362 ‚Quos
1901 330 2035 358 convenit
2059 333 2113 358 aut

1226 366 1360 408 percelli
1371 373 1427 413 pro
1433 366 1582 408 perfidia,
1608 377 1661 402 aut
1680 368 1816 407 laborare
1822 378 1879 411 pro
1890 377 1996 406 venia.
2022 375 2113 410 Dio-

1233 418 1343 450 scorus
1363 416 1470 460 palam
1492 429 1532 450 ex
1545 419 1682 452 inimico
1696 419 1812 454 animo
1833 420 1867 453 in
1880 421 2030 457 Sanctum
2039 425 2112 459 Fla-

1231 466 1365 500 vianum
1388 468 1597 509 processerat,
1624 468 1788 512 Juvenalis
1810 479 1923 504 autem
1947 471 1981 504 &
2003 469 2113 510 Eusta-

1231 517 1296 551 tius
1308 540 1319 556 ,
1345 517 1403 560 qui
1424 528 1466 550 ex
1479 517 1593 552 officio
1611 519 1788 554 debuerant
1799 522 2027 564 compescere,
2051 519 2111 558 fin.-

1229 567 1386 611 gulariter
1407 566 1618 610 adjuverant.-
1646 569 1740 605 Hinc
1762 571 1850 614 ipsos
1871 570 2112 607 Pontifexcen-

1230 618 1292 651 suit
1314 616 1514 662 singulariter
1532 618 1738 663 castigandos
1757 646 1763 653 .
1793 622 1860 654 Eos
1881 632 1940 656 nec
1966 633 2115 657 commu-

1230 668 1354 709 nione,
1381 679 1443 703 nec
1463 670 1566 714 gradu
1587 670 1741 712 privavit.
1772 671 1907 705 Etenim
1926 682 2113 707 omnestres

1229 718 1444 755 Chalcedone
1465 729 1717 762 comparuerunt
1738 731 1775 754 ut
1796 721 1949 765 Episcopi
1972 734 1979 754 ε
2010 722 2052 756 Et
2077 724 2114 757 in

1229 770 1329 812 prima
1356 770 1495 804 Actione
1516 771 1700 804 Dioscorus
1719 771 1834 807 assedit
1851 783 1888 807 ut
1907 771 2113 809 Patriarcha.

1229 819 1405 853 Discedere
1430 821 1856 864 &exirecompulsusfuit‚
1882 833 1950 856 non
1970 824 2046 866 quia
2059 822 2115 857 de·-

1226 870 1381 914 gradatus
1408 881 1466 903 aut
1478 873 1802 909 excommunicatus,
1829 872 1881 905 sed
1904 872 1980 915 quia
1998 883 2039 906 ex
2061 874 2117 916 Ju-

1226 922 1298 954 dice
1325 920 1513 954 demutatus
1535 921 1568 954 in
1591 920 1718 955 Reum.
1745 919 1807 954 Per
1833 921 1940 956 Sancti
1961 922 2114 957 Flaviani

1224 970 1477 1014 appellationem
1489 996 1496 1003 .
1523 971 1623 1006 Hanc
1636 972 1739 1017 igitur
1750 982 1878 1014 poenarn
1905 971 2063 1007 Pontifex
2074 972 2114 1007 ia

1224 1020 1301 1055 istos
1313 1030 1376 1055 tres
1399 1021 1502 1055 valere
1514 1021 1641 1056 voluit:
1670 1021 1714 1056 Et
1735 1022 1864 1065 insuper
1886 1021 2031 1065 ipsorum
2052 1033 2113 1056 no-

1224 1072 1313 1106 mina
1328 1081 1393 1104 non
1407 1072 1532 1105 recitari
1547 1072 1588 1105 ad
1601 1071 1813 1106 Sacrificium.
1840 1073 1932 1114 Ipsos
1943 1073 2112 1116 suspendit

1222 1122 1241 1156 ὲ
1254 1120 1474 1156 celebratione
1484 1121 1655 1155 Miffarum
1670 1145 1681 1160 ,
1709 1121 1814 1158 immo
1835 1121 1877 1154 ab
1897 1124 1990 1155 omni
2005 1134 2111 1165 perce-

1224 1171 1336 1214 ptione
1358 1171 1567 1204 sacrosanttae
1591 1169 1799 1204 Eucharistiae
1822 1195 1830 1202 .
1858 1171 1948 1204 Nam
1968 1183 2110 1216 quorum

1223 1220 1358 1254 nomina
1370 1220 1517 1259 recitari,
1544 1220 1597 1252 seu
1611 1220 1765 1253 Domino
1778 1219 1855 1252 Deo
1878 1221 1919 1253 ad
1934 1221 2046 1255 Altare
2060 1223 2112 1257 osl-

1222 1270 1296 1305 ferri
1320 1281 1389 1304 non
1412 1278 1584 1311 poterant,
1610 1267 1902 1302 communicabant
1922 1270 1991 1304 fine
2003 1269 2111 1304 Obla-

1221 1321 1311 1355 tione
1333 1345 1340 1352 .
1379 1320 1483 1355 Erant
1510 1319 1730 1353 Consistentes
1754 1343 1767 1360 ,
1803 1318 1923 1352 exclusi
1957 1318 1976 1353 a
2002 1319 2114 1355 Perfo'·

1221 1372 1348 1404 aione.
2096 1395 2098 1397 >

1270 1420 1315 1455 Et
1335 1430 1378 1454 ex
1407 1417 1459 1454 his
1479 1417 1676 1454 addiscimus
1698 1420 1788 1464 plura
1806 1444 1816 1453 .
1842 1418 1956 1453 Primo
1979 1444 1991 1461 ‚
2019 1419 2111 1464 quod

1219 1470 1402 1507 orientalis
1413 1470 1556 1505 Ecclefia
1573 1480 1654 1504 tunc
1666 1469 1762 1513 plene
1772 1469 1972 1513 dependeret
1991 1469 2034 1504 ab
2045 1472 2113 1505 Oc-

1219 1521 1386 1556 cidentali.
1413 1519 1525 1555 Etiam
1537 1519 1557 1553 a
1567 1520 1634 1554 sola
1649 1520 1802 1555 Romana
1813 1543 1821 1552 .
1835 1519 1988 1554 Secundo
1999 1544 2010 1561 ,
2020 1518 2113 1563 quod

1220 1572 1326 1607 Sanffl
1342 1570 1492 1605 Flaviani
1504 1569 1757 1614 appellationem
1767 1595 1778 1612 ‚
1804 1569 1839 1604 ἀ
1851 1580 1966 1604 omnes
1977 1569 2045 1614 ejus
2055 1580 2113 1614 ap·

1219 1619 1372 1668 pendices
1382 1620 1467 1655 solus
1477 1620 1548 1655 Leo
1558 1620 1830 1656 administraverit
1839 1644 1851 1661 ,
1876 1619 1957 1654 citra
1971 1617 2110 1655 omnem

1217 1672 1473 1718 dependentiatn
1496 1670 1850 1705 aGeneraliConcilio
1865 1694 1873 1702 .
1899 1670 1996 1704 Hinc
2016 1669 2109 1705 enim

1217 1724 1293 1767 iapfi
1309 1722 1393 1764 apud
1415 1721 1579 1764 Ephesum
1594 1720 1748 1766 Episcopi
1761 1722 1851 1755 suam
1870 1722 2109 1763 reparationem

1219 1786 1286 1807 non
1298 1772 1491 1807 distulerunt
1504 1772 1604 1816 usque
1624 1771 1663 1805 ad
1677 1771 1820 1805 suturam
1830 1770 2004 1813 Synodum
2017 1792 2028 1809 ,
2054 1769 2109 1805 sed

1220 1826 1320 1867 ipsam
1333 1822 1431 1856 asolo
1442 1823 1555 1856 Leone
1578 1822 1801 1865 supplicarunt
1811 1833 1849 1855 ac
1869 1821 2108 1864 impetrarunt.

1220 1875 1262 1909 Et
1275 1873 1366 1907 istam
1387 1873 1627 1915 reparationem
1639 1871 1789 1915 probavit
1806 1872 1918 1905 'omnis
1942 1871 2110 1905 Ecciefia'.

1218 1927 1345 1958 Omnes
1358 1923 1511 1955 enimisti
1526 1922 1678 1963 Episcopi
1692 1923 1824 1954 fuerunt
1846 1921 2002 1962 tanquam
2026 1922 2108 1954 inte-

1216 1973 1267 2016 gri
1280 1970 1406 2005 admiffi
1417 1970 1457 2003 ad
1470 1970 1645 2013 Synodum
1666 1966 1992 2004 chalcedonensem.
2022 1969 2108 2003 Ter·

1217 2023 1268 2054 tio
1276 2020 1472 2054 addiscimus
1486 2044 1495 2058 ,
1521 2019 1611 2062 quod
1627 2020 1772 2062 Magnus
1783 2020 1854 2054 Leo
1865 2043 1877 2059 ,
1903 2019 2014 2053 Sansti
2024 2018 2108 2053 Fla-

1217 2071 1306 2102 viani
1328 2069 1585 2112 appellationem
1608 2068 1642 2100 in
1657 2070 1722 2101 alia
1733 2068 1889 2102 Generali
1910 2069 2107 2111 synodoro·

1216 2120 1385 2153 traciatam
1400 2116 1513 2151 volens
1525 2141 1535 2157 ,
1563 2127 1632 2151 non
1644 2128 1685 2150 ex
1707 2119 1887 2154 Canonum
1899 2118 2106 2158 necestitate,

1217 2169 1268 2204 sed
1292 2181 1333 2203 ex
1358 2170 1539 2211 spontaneo
1551 2166 1643 2210 juxta
1662 2169 1819 2203 Canones
1829 2168 2108 2212 Bencplacitovo-

1195 2223 1199 2272 1
1218 2220 1314 2253 luerit
1331 2244 1338 2250 .
1366 2218 1422 2252 Ob
1434 2218 1594 2252 rationes.
1622 2217 1874 2253 Potueratsolus
1883 2221 2049 2253 retractare
2065 2230 2106 2252 ac

1215 2269 1372 2303 definire.
1401 2268 1601 2301 sardicenses
1621 2268 1711 2300 enim
1734 2268 1891 2301 Canones
1915 2267 2107 2310 sapientiffii·

1215 2330 1272 2351 mo
1293 2318 1362 2361 ejus
1389 2317 1601 2358 Beneplacito
1621 2316 1814 2359 permittunt
1829 2317 2012 2352 &credunt
2031 2328 2106 2357 om-

1216 2369 1286 2402 nia.
1317 2367 1448 2410 Nempe
1471 2367 1680 2409 superstructi
1695 2366 1779 2399 Peri
1795 2364 1994 2400 Cathedram
2018 2365 2105 2400 nihil

1195 2419 1278 2465 {auli
1304 2418 1523 2454 constituere,
1549 2417 1685 2451 scientes
1707 2416 1755 2449 illi
1778 2416 1894 2450 omnia
1915 2417 2063 2451 concessa
2083 2415 2104 2450 a

1215 2467 1368 2503 Domino
1393 2491 1400 2498 .
1425 2464 1554 2514 Qarto
1573 2466 1730 2499 discimus
1747 2490 1757 2506 ‚
1785 2467 1875 2510 quod
1899 2464 1967 2501 haec
1988 2465 2104 2502 omnia

1193 2509 1201 2581 1
1215 2518 1341 2552 sciverit
1356 2542 1367 2557 ,
1377 2516 1410 2550 &
1423 2517 1558 2559 professa
1570 2517 1668 2549 fuerit
1680 2514 1775 2549 Galla
1791 2515 1939 2551 Placidia
1953 2541 1965 2557 ,
1989 2514 2103 2550 Theo·

1214 2567 1339 2603 dofium
1353 2578 1473 2610 rogans
1485 2576 1521 2599 ut
1531 2577 1665 2599 omnem
1678 2565 1827 2599 Flaviani
1848 2568 1978 2600 causam
1999 2566 2102 2601 transs-

1215 2630 1343 2653 mee
1369 2619 1413 2650 ad
1423 2617 1582 2650 Concilium
1592 2617 1679 2650 Sedis
1693 2616 1858 2658 Apostolicae
1869 2641 1877 2649 .
1906 2617 1985 2660 Ejus
1995 2618 2102 2652 Secre-

1214 2670 1286 2704 tatii
1301 2679 1393 2703 erant
1406 2666 1586 2710 peritissimi
1597 2667 1708 2710 legum
1721 2666 1754 2699 δε
1767 2666 1946 2705 Canonum
1957 2692 1965 2699 .
1992 2666 2099 2713 Quin-

1214 2719 1250 2753 ιὸ
1262 2743 1273 2760 ,
1298 2717 1388 2764 quod
1405 2716 1564 2751 Pontifex
1576 2716 1669 2759 poffit
1683 2716 1740 2750 fibi
1753 2718 1911 2751 reservare
1933 2718 2040 2757 varia,
2063 2715 2099 2750 δι

1214 2769 1471 2803 patriarcharum
1502 2767 1603 2801 etiam
1628 2778 1743 2800 manus
1770 2767 1993 2811 constringere
2010 2791 2017 2799 .
2042 2765 2101 2804 Et«,

1212 2821 1302 2853 enim
1326 2820 1430 2863 lapsos
1451 2818 1537 2861 apud
1562 2817 1727 2861 Ephesum
1751 2816 1960 2862 Episcoposa
1977 2815 2100 2850 sesolo

1214 2870 1319 2904 voluit
1344 2869 1498 2913 reparari.
1527 2867 1628 2901 Sexto
1652 2892 1663 2907 ‚
1685 2867 1774 2910 quod
1799 2866 1893 2900 istam
1913 2866 2101 2908 reservatioss

1216 2932 1290 2954 nem
1303 2930 1340 2953 ac
1351 2919 1589 2963 reparationem
1603 2918 1699 2961 poffit
1708 2927 1784 2950 ante
1794 2916 1879 2959 ipsos
1899 2914 2101 2950 patriarchar

1215 2982 1285 3004 rum
1300 2970 1415 3004 oculos
1429 2981 1484 3013 per
1496 2970 1570 3002 suos
1581 2968 1681 3002 etiam
1692 2967 1834 3009 Legatos
1855 2977 2021 3000 exercere.
2047 2967 2100 3001 Se-

1216 3021 1321 3064 ptimo
1334 3045 1344 3060 ‚
1371 3020 1461 3064 quod
1474 3020 1616 3063 Magnus
1628 3017 1698 3050 Leo
1709 3015 1767 3049 ista
1781 3014 1816 3048 in
1840 3027 1874 3049 re
1887 3016 2030 3050 noluerit
2042 3014 2103 3057 Pa-

1215 3069 1367 3106 triarchas
1388 3082 1430 3104 ex
1453 3070 1583 3112 integro
1619 3066 1774 3099 mutilare
1794 3090 1802 3098 .
1830 3065 1924 3100 Hinc
1950 3064 2099 3100 addidit:

1216 3125 1409 3163 Participata
1433 3128 1526 3153 tecum
1546 3115 1739 3158 sollicitudine
1763 3140 1772 3147 .
1810 3117 1941 3149 Ostavo
1960 3141 1971 3156 ,
2007 3116 2099 3160 quod

1216 3172 1374 3205 Pontifex
1398 3170 1436 3203 sit
1449 3166 1616 3202 manifeste
1636 3167 1779 3208 superior
1790 3165 1946 3200 Generali
1974 3167 2101 3201 Conci-

1215 3223 1263 3255 lio
1277 3247 1284 3253 .
1314 3221 1449 3254 Etenim
1469 3216 1647 3261 appellatio
1671 3227 1742 3250 non
1764 3216 1824 3257 fit,
1854 3218 1913 3251 nifi
1936 3216 1978 3251 ad
2000 3217 2096 3260 Supe-

1214 3282 1334 3306 norem
1346 3295 1353 3302 .

1261 3319 1364 3364 Quod
1385 3319 1517 3354 sanctus
1544 3317 1723 3351 Flavianus
1745 3327 1815 3352 non
1835 3316 1877 3352 ad
1898 3312 2093 3352 Generalern

1215 3370 1386 3415 Synodum
1400 3393 1411 3409 ,
1436 3369 1491 3403 sed
1504 3368 1607 3402 solam
1623 3367 1849 3411 Apostolicam
1861 3367 1973 3401 Sedem
1985 3362 2094 3407 appel-

1216 3419 1329 3458 laverit
1343 3444 1355 3462 ,
1380 3418 1496 3460 diserte
1516 3419 1618 3459 etiam
1637 3418 1773 3458 testatur
1783 3419 1818 3452 in
1832 3415 2032 3497 Νείὶοτὶειέε
2045 3414 2093 3447 'ac

1991 3499 1995 3501 Δ
2012 3474 2044 3503 H·
