2326 3718
218 1059 244 1079 Δ.

130 3093 270 3131 Capdox.

714 136 992 186 Ronitms
1017 130 1616 184 t'AnpsttArto'misus.

1932 155 1999 200 97

270 231 303 264 se
315 240 355 264 ex
369 235 483 271 rogatu
493 224 609 269 optimi
624 224 826 267 Imperatoris
847 222 1027 258 Theodosii
1041 245 1053 261 ,
1079 219 1154 264 qui'
1193 218 1548 259 excommunicaverit,
1574 221 1721 258 noluerit
1739 230 1848 260 tamen
1877 223 1927 259 vel
1948 224 2011 267 ipsi>
2025 224 2079 259 vet

272 281 341 313 suas
352 275 484 311 turbatis
496 287 574 310 tunc
588 274 788 319 Reipublicae
802 274 941 318 negotiis
958 269 1140 308 distentiffi-

270 338 339 362 mas
348 337 436 361 aures
459 326 630 370 inquietari
658 323 786 358 nolebat
806 322 954 357 similibus
968 323 1142 366 Episcopo-

269 388 342 410 rum
355 375 582 420 quaestionibus
594 401 601 409 .
630 376 759 417 Insuper
777 373 927 418 Episcopi
944 373 995 408 isti
1008 380 1142 406 omnem

270 426 462 461 Eusebianae
487 426 669 470 iniquitatis
703 425 889 458 factionem
917 449 929 465 ,
966 422 1142 465 omniaque

269 476 338 519 ejus
348 487 461 510 contra
485 475 706 519 Apostolicam
728 474 841 509 sedem
866 475 1034 510 Attentata
1047 473 1139 507 vole-

271 525 350 560 bant
365 526 504 560 extintsta
517 550 524 558 .
551 524 650 572 Qiod
674 525 813 559 Socratis
831 524 1051 559 austoritatem
1074 534 1143 556 mo·

270 575 338 609 dici
351 575 488 619 pendam
499 600 509 616 ‚
526 586 622 608 nemo
633 573 809 608 admiretur
819 601 826 608 .
855 575 984 609 Etenim
998 573 1037 607 de
1049 574 1117 616 ipso
1133 596 1143 611 ,

271 624 494 660 Haerefiarchae
513 625 658 659 Nestorii
680 635 728 657 res
751 635 954 669 exponente,
979 622 1088 673 scribit
1109 622 1141 654 in

271 676 386 719 primo»
399 676 458 709 suo
479 673 563 707 libro
586 674 743 718 Evagrius
768 674 1037 721 Epiphaniensisi
1063 675 1145 706 Licet

270 728 402 760 Socrates
427 736 489 758 rem
511 725 618 764 aliter,
644 732 740 765 utpote
766 723 894 766 cy'usdem
903 729 1025 768 ignarus
1038 747 1050 763 ‚
1075 733 1146 755 com·

271 783 406 809 memoret
416 802 425 809 .
452 775 495 808 Et
509 784 615 808 tamen
627 774 689 808 fuit
714 773 840 807 vicinus
852 774 994 808 Nestorii
1008 784 1077 807 aevo
1088 797 1096 805 .

319 824 539 860 procedamus
551 825 590 859 ad
603 832 752 867 quartum
763 824 949 867 exemplum
961 838 972 858 .·
996 826 1147 867 ,Quartum

269 877 432 917 exemplum
445 880 511 916 peti
526 873 617 915 potest
639 885 676 906 ex
695 874 885 906 damnatione
904 874 1146 918 Satrai—Ioannis

270 923 455 968 Chryfhstomi
465 948 477 963 ,
501 930 625 965 quicum
642 928 676 953 in
685 923 792 959 synodo
811 924 857 954 ad
865 926 1016 966 ,Qut-rcum
1026 925 1028 928 ’
1040 919 1149 963 ‘depost‘-

269 973 429 1016 tusfuiffet
438 975 459 1003 ἃ
468 970 625 1011 Theophila
636 968 778 1012 Episcopo
791 972 995 1005 Alexandrino
1004 997 1014 1012 ‚
1041 977 1074 1004 in
1088 976 1147 1004 cxi-

268 1025 342 1057 lium
348 1022 432 1054 aaut
442 1020 479 1060 est
499 1020 537 1051 ab
549 1024 729 1061 Imperatore
740 1043 752 1060 ‚
777 1031 933 1054 revocatus
956 1031 1057 1055 tamen
1070 1021 1111 1054 ab
1118 1031 1149 1054 eo

264 1072 358 1114 pala
375 1069 455 1112 post.
483 1073 522 1101 At
537 1073 585 1109 Is,
609 1067 727 1108 tametfi
747 1079 898 1104 revocatus
912 1072 1021 1115 suffit
1035 1096 1046 1112 ,
1071 1072 1147 1114 tegre*

262 1120 536 1175 ferensJudiciurn
546 1119 694 1153 adversus
710 1119 869 1162 solatum,
896 1121 1012 1163 tametsi
1027 1124 1148 1154 nullita—

270 1170 353 1204 tibus
360 1171 482 1212 plenum
492 1179 527 1202 ac
538 1168 684 1203 erroribus
694 1194 705 1210 ,
718 1173 838 1203 Arcadii
852 1171 966 1214 Augusti
977 1170 1148 1214 praefidium

269 1224 417 1262 expetnt,
447 1231 555 1261 rogans
572 1228 606 1251 ut
624 1220 766 1257 synodum
790 1231 975 1265 congregaret
997 1246 1008 1261 ,
1034 1228 1066 1255 in
1088 1233 1149 1264 qua

269 1280 370 1303 omnes
392 1268 587 1312 accusationes
607 1268 645 1301 de
665 1274 776 1313 integro
791 1273 1003 1310 judicarentur
1026 1297 1034 1305 .
1062 1272 1148 1305 Mox

270 1318 518 1354 obsecrabamus
530 1317 834 1353 Christianiffimum
848 1321 973 1365 Regem
986 1345 997 1362 ‚
1009 1331 1046 1356 ut
1059 1321 1150 1355 Con-

269 1369 387 1404 cilium
399 1378 529 1413 ageret‚
555 1379 621 1409 quo
635 1367 717 1402 fasta
741 1367 1090 1412 haecjustificarentur‚
1115 1380 1149 1403 ut

268 1417 332 1462 ipse
352 1424 399 1452 ait
422 1423 454 1451 in
475 1417 593 1460 epistola
611 1419 656 1451 ad
675 1422 874 1453 Innocentium
886 1447 893 1453 .
921 1425 967 1455 Et
989 1422 1150 1454 Concilium

269 1469 392 1510 quidem
402 1469 481 1502 illud
495 1476 679 1502 convocatum
693 1468 730 1508 est
740 1494 751 1509 ,
772 1468 828 1511 sed
835 1471 948 1511 infelici
966 1480 1073 1505 eventu
1083 1482 1150 1513 quo-

271 1518 318 1551 ad
323 1516 440 1560 causam
451 1523 552 1560 magni
565 1517 646 1556 istius
657 1521 723 1549 Viri
733 1540 742 1549 .

302 1592 305 1595 -
322 1566 522 1611 Respondeo
542 1566 616 1600 faffi
629 1566 741 1601 seriem
763 1567 825 1602 esse
836 1566 974 1603 breviter
990 1568 1150 1603 elucidan-

271 1614 348 1649 dam
361 1639 369 1646 .
386 1615 451 1648 Ab
462 1614 610 1649 Arcadio
620 1638 632 1653 ,
657 1625 816 1657 perquem
840 1616 886 1650 ob
896 1619 1011 1659 prioris
1023 1618 1149 1658 synodi

270 1660 502 1696 authoritatem
519 1662 658 1704 ejectus,
682 1664 718 1696 in
742 1662 903 1699 honorem
925 1678 963 1700 ac
977 1666 1094 1700 Sedem
1106 1678 1149 1700 re-

270 1722 406 1747 vocatus
418 1721 515 1753 atque
526 1711 679 1754 repositus
704 1711 815 1748 beatus
825 1715 967 1758 joannes
979 1739 990 1755 ‚
1016 1712 1071 1759 per
1081 1715 1149 1748 An-

272 1760 447 1797 tiochenos
458 1762 632 1802 Canones,
658 1773 797 1805 quorum
819 1765 996 1800 direstione
1019 1765 1150 1799 damna·

274 1819 326 1859 tus
338 1811 440 1846 fuerat
449 1836 461 1852 ,
486 1811 591 1845 voluit
612 1813 643 1846 se
655 1813 781 1847 firmare
793 1837 800 1846 .
828 1813 949 1849 Prioris
961 1816 1088 1859 Synodi
1100 1816 1151 1859 Ju-

275 1860 400 1896 dicium
411 1861 515 1896 voluit
539 1872 594 1905 per
614 1862 768 1904 majorem
789 1863 1014 1899 circumduci.
1042 1866 1089 1899 At
1103 1876 1151 1898 res

275 1910 362 1945 male
373 1911 459 1945 ceffit
472 1935 480 1943 .
507 1911 805 1952 Eacircumducticu
820 1914 888 1948 fieri
899 1915 1055 1949 debuerat
1075 1925 1151 1949 ante

275 1960 437 2001 reditum,
464 1963 746 2005 anteresumptum
758 1962 957 2006 Thronum‚
982 1977 1020 2000 ac
1031 1966 1150 2010 praeser·

277 2011 339 2045 tim
350 2020 426 2045 ante
436 2012 632 2055 resumptum
653 2013 776 2046 sacrum
796 2014 1031 2050 ministerium.
1060 2015 1152 2049 Hinc

277 2058 489 2103 Theophilus
499 2062 655 2095 conclusit
666 2062 768 2105 ipsum
781 2063 947 2109 impegisse
957 2065 990 2099 in
1002 2075 1151 2109 quartum

279 2110 448 2143 &sextum
469 2111 664 2149 Canonem,
689 2111 846 2146 addidisse
864 2116 1009 2148 excessus
1025 2113 1150 2148 excessi-

280 2158 362 2199 bus,
387 2168 482 2202 atque
505 2160 549 2193 ita
570 2158 722 2194 excidisse
734 2162 828 2195 omni
850 2163 902 2206 spe
911 2164 1151 2203 excusationis,

280 2209 474 2248 audientia,
498 2221 536 2243 ac
546 2208 775 2244 restitutionis.
803 2212 848 2245 Et
858 2213 902 2246 ita
922 2213 1079 2258 relegatus
1089 2212 1151 2247 fuit

279 2257 316 2290 in
339 2267 526 2300 perpetuum
546 2268 584 2291 ac
604 2256 779 2293 insolubile
804 2260 939 2295 exilium
962 2288 968 2294 .
997 2263 1150 2295 Extrema

274 2305 349 2341 *haec
359 2306 525 2341 calamitas
551 2307 669 2351 Joanni
692 2310 817 2351 aperuit
841 2310 955 2344 oculos
978 2335 990 2352 ,
1014 2312 1048 2345 &
1070 2311 1154 2354 ipsos

280 2356 400 2390 direxit
411 2357 451 2390 ad
462 2357 613 2391 Sanctum
636 2357 767 2392 Petrum
779 2361 976 2403 Apostolum
988 2385 999 2402 ,
1025 2360 1154 2405 ejusque

280 2405 317 2438 in
329 2406 479 2440 Romana
490 2405 651 2441 Cathedra
672 2408 887 2444 Succefforem
900 2411 1132 2444 Innocentium
1146 2434 1153 2443 .

282 2456 422 2499 Ioannes
441 2455 480 2489 ad
503 2454 592 2489 hunc
610 2457 803 2500 appellavit.
829 2459 874 2492 Et
898 2470 954 2502 per
975 2460 1079 2502 ipsum
1090 2460 1152 2493 fuit

282 2505 464 2539 revestitus.
495 2506 539 2538 Et
551 2504 646 2549 hujus
658 2505 776 2548 Judicii
800 2507 955 2551 justitiam
977 2520 1013 2543 ac
1025 2509 1152 2553 plenam

281 2554 513 2590 authoritatem
525 2557 661 2599 agnovit
670 2557 779 2590 omnis
792 2558 923 2592 tandem
941 2560 1058 2593 Oriens
1069 2583 1076 2591 .
1103 2560 1156 2592 De

282 2603 480 2639 authoritate
502 2616 601 2639 nemo
622 2605 837 2641 orthodoxus
855 2608 1037 2643 dubitavit.
1065 2608 1155 2652 lusti-

283 2655 363 2688 tiam
374 2666 536 2699 agnovere
546 2654 675 2690 tandem
689 2655 871 2700 Theophili
884 2659 982 2693 etiam
1000 2669 1103 2702 nepos
1121 2658 1155 2692 δι

283 2706 450 2739 Successor
474 2705 619 2748 Cyrillus
646 2729 657 2745 ‚
690 2705 832 2749 itemque
857 2707 991 2750 Ioannis
1016 2708 1157 2742 intrusus

283 2755 448 2791 Successor
470 2753 619 2789 Atticus.
648 2756 772 2790 Eorum
791 2757 833 2792 de
850 2756 912 2792 hac
933 2770 967 2792 re
977 2758 1098 2793 litteras
1109 2757 1156 2791 in·

282 2812 388 2848 tegras
398 2803 482 2848 apud
495 2803 718 2849 Nicephorum
731 2806 911 2848 calixtum,
925 2809 1064 2852 ipsarum
1074 2809 1156 2852 frag·

284 2863 393 2888 menta
417 2852 516 2888 habes
538 2854 623 2898 apud
643 2856 834 2891 Facundum
858 2858 1053 2902 Episcopum
1072 2858 1156 2891 Her-

287 2903 481 2939 mianensem
491 2928 501 2939 .
526 2905 656 2947 Optimi
664 2907 769 2948 operis
777 2905 927 2942 authores
941 2909 1072 2942 fuerunt
1082 2908 1155 2942 San·

288 2952 354 2985 &us
362 2953 546 2989 Alexander
555 2953 741 2990 patriarcha
752 2956 980 2991 Antiochenus
989 2980 999 2995 ‚
1026 2957 1156 2991 Sanstus

289 2998 423 3037 Isidorus
441 3003 618 3039 Pelufiotes
655 3005 826 3049 Presbyter
845 3006 1075 3041 Alexandrinae
1096 3007 1155 3041 Ec·

289 3049 408 3091 clefiae,
429 3054 463 3087 ἀ
474 3055 605 3088 Sanstus
615 3055 838 3100 Augustinus.
863 3057 973 3100 Hujus
982 3057 1070 3091 enim
1081 3067 1156 3099 ope·

288 3109 322 3132 ra
346 3099 463 3142 prodiit
484 3101 537 3137 hic
561 3104 734 3141 Africanus
755 3106 873 3141 Canon
897 3119 908 3140 .·
934 3108 1050 3140 Placuit
1068 3115 1103 3139 ut
1119 3107 1156 3140 de

290 3148 448 3192 dissenfione
467 3154 604 3186 Romana
625 3164 714 3198 atquo
737 3157 949 3190 Alexandrinae
971 3155 1105 3198 Ecclefiae
1116 3157 1158 3189 ad

289 3198 430 3232 Sanllum
443 3201 561 3240 Papam
572 3207 769 3239 Innocentium
773 3205 926 3249 scribatur
936 3232 947 3248 ‚
972 3217 1026 3249 quo
1034 3215 1156 3248 utraque

290 3247 416 3289 Ecclefia
437 3254 515 3282 inter
534 3248 566 3291 se
573 3259 692 3293 pacem,
721 3266 808 3299 quam
823 3263 965 3299 pra-cepit
988 3259 1155 3296 Dominus,

289 3306 410 3332 teneat.
438 3298 571 3332 Etenim
593 3301 801 3340 Innocentius
828 3307 984 3341 Pontifex
1006 3307 1154 3341 Sanctum

291 3346 477 3390 Cyrillum,
503 3348 591 3392 quod
614 3351 670 3384 suo
691 3353 893 3396 inloannem
908 3356 1033 3400 judicio
1054 3355 1155 3390 nollet

290 3397 506 3441 acquiescere,
534 3397 616 3432 adeo
636 3403 794 3437 aversatus
815 3406 877 3441 fuit
889 3430 901 3447 ,
925 3416 962 3441 ut
983 3406 1059 3441 licet
1085 3416 1152 3440 non

391 3446 576 3492 Christ-Linos·
584 3453 682 3492 Opera
693 3453 726 3483 T.
734 3453 815 3487 Vm.

1197 269 1266 312 eius
1279 268 1426 303 Ecclefiae
1435 269 1679 304 communicare
1691 296 1702 312 ,
1735 275 1830 318 usque
1854 273 1894 309 ad
1907 274 2075 318 praestitam

1200 317 1329 354 laudato
1351 319 1480 362 Judicio
1500 318 1713 363 pleniffimam
1735 323 1954 359 obedientiam
1970 350 1978 357 .
2004 324 2079 357 Dis-

1200 369 1319 404 sociata
1351 370 1414 403 fuit
1441 370 1572 404 istarum
1613 369 1828 406 Ecclesiarum
1866 374 2077 408 communio.

1200 419 1294 467 Qin
1309 421 1343 455 ὅ(
1355 420 1420 463 ipse
1430 419 1640 464 Theophilus
1654 419 1815 463 Judicium
1827 421 1910 457 istud
1921 423 2078 468 agnovit.

1202 469 1331 505 Etenim
1353 471 1388 504 in
1411 471 1527 504 mortis
1547 470 1631 504 lecto
1654 469 1713 505 fibi
1736 470 1850 504 adferri
1874 471 1958 513 juffit
1972 472 2079 507 Sanni

1202 520 1335 563 Ioannis
1349 520 1545 565 imaginem,
1574 519 1696 564 abipso
1721 520 1912 564 supplicavit
1925 522 2052 556 veniam
2066 545 2078 561 ‚

1202 571 1235 604 &
1248 581 1419 605 veneratus
1439 570 1485 604 est
1511 580 1546 605 ut
1559 570 1769 605 Canonicum
1780 593 1791 611 ‚
1817 581 1854 605 ac
1866 568 1946 604 bene
1958 571 2081 605 restitu-

1203 631 1274 655 tum
1288 620 1486 664 Episcopum
1500 644 1507 653 .
1534 621 1582 655 Ita
1595 620 1629 654 in
1643 621 1737 654 tertia
1748 631 1808 663 pro
1822 620 1916 654 sacris
1929 619 2082 663 Imagini-

1205 670 1263 704 bus
1275 672 1423 705 oratione
1444 671 1578 704 testatur
1598 671 1730 705 sandius
1750 671 1890 714 Joannes
1911 670 2085 708 Damascez

1206 731 1266 754 nus
1276 732 1316 754 ex
1331 720 1462 754 historia
1482 720 1594 754 Isidori
1608 720 1752 755 Diaconi
1766 745 1774 753 .
1802 722 1845 755 Et
1857 719 1954 754 istum
1968 720 2083 754 Cano-

1205 780 1281 804 nem
1299 771 1382 805 tanti
1396 770 1472 804 fecit
1484 771 1592 804 omnis
1614 771 1772 806 Africana
1797 769 1939 804 Ecclesia
1951 793 1963 810 ‚
1988 778 2024 803 ut
2037 779 2086 803 re-

1207 819 1316 854 tulerit
1333 821 1367 854 in
1391 821 1485 854 suum
1509 820 1669 854 Codicem
1683 844 1691 853 .
1720 821 1772 855 Ex
1794 820 1912 864 quibus
1931 818 2086 854 omnibus

1208 870 1497 904 manifestissimum
1506 871 1541 904 fit
1555 869 1640 904 hanc
1653 870 1903 914 appellationem
1912 870 2006 904 fuisse
2018 880 2088 912 pro-

1209 921 1314 954 batam
1325 919 1366 954 ab
1376 920 1530 955 omnibus
1553 920 1610 954 sub
1633 919 1718 954 coelo
1730 920 1901 954 Ecclesiis.
1927 919 2009 954 Item
2021 929 2087 953 ma·
2137 956 2147 966 ι

1210 970 1444 1004 nifestiffimum
1464 972 1510 1004 est
1533 969 1599 1004 haec
1622 971 1743 1014 Scripta
1761 971 1824 1005 effe
1845 967 2088 1013 indignatanto

1210 1019 1431 1053 Parisiensium
1445 1018 1728 1065 Archi-Episcopo
1745 1045 1752 1054 .
1949 1034 1952 1037 ’

1257 1070 1326 1113 Ipse
1343 1069 1474 1104 interim
1499 1067 1631 1102 adducit
1651 1071 1684 1104 &
1707 1071 1862 1113 quintum
1879 1069 2088 1114 exemplum:

1208 1123 1313 1153 Manet
1326 1126 1426 1162 itaque
1433 1117 1586 1161 sententia
1597 1119 1618 1149 ἂ
1628 1128 1674 1150 me
1682 1121 1805 1159 prolata
1817 1146 1828 1161 ,
1847 1124 1879 1166 J
1881 1121 1977 1154 udicio
1987 1126 2090 1160 nempe

1208 1175 1240 1203 in
1253 1172 1372 1210 synodis
1397 1167 1636 1203 Provincialibus
1657 1169 1725 1200 lata
1746 1170 1908 1202 adversam
1926 1168 2092 1213 Episcopfl

1209 1222 1399 1263 appellationi
1413 1218 1538 1252 obnoxia
1551 1215 1702 1261 non-fut'ffe
1711 1214 1872 1260 strandum
1881 1224 2019 1259 antiquos
2031 1221 2094 1250 Ca-

1211 1282 1298 1304 nones
1311 1295 1322 1311 ‚
1348 1269 1465 1311 tametsi*
1472 1266 1617 1310 Revifionl
1638 1268 1714 1301 locus
1736 1267 1802 1310 effer
1816 1291 1827 1307 ‚
1847 1266 1878 1308 fi
1892 1272 1937 1300 ita
1951 1270 2094 1308 Princeps

1211 1320 1360 1365 Rescripta
1371 1321 1489 1362 J'uberet
1511 1345 1519 1352 .
1545 1318 1705 1352 obtinebat
1724 1329 1761 1351 ea
1781 1315 1956 1360 consuetudo
1972 1327 2030 1349 non
2048 1314 2096 1358 Jo-

1209 1373 1270 1405 lum
1292 1377 1324 1404 in
1336 1375 1454 1405 Oriente
1470 1394 1481 1409 ,
1502 1367 1560 1412 scd
1578 1373 1669 1401 etiam
1690 1369 1839 1400 itt-Gallia
1851 1392 1861 1407 ‚
1888 1376 1923 1401 ut
1933 1365 2042 1407 constat
2053 1377 2096 1399 ete

1210 1429 1249 1456 iis
1262 1446 1273 1463 ,
1298 1433 1365 1464 quae
1381 1423 1556 1455 Valerianus
1567 1416 1733 1461 Episcopus
1743 1415 1978 1458 Antist‘odorenst‘s
2010 1416 2095 1459 diffe-

1211 1479 1270 1506 ruit
1285 1478 1318 1505 in
1331 1474 1350 1505 5
1348 1472 1438 1511 ,nodo
1449 1466 1655 1514 Agrippinenfi
1661 1492 1672 1508 ,
1699 1478 1765 1510 quae
1775 1466 1880 1501 habita
1890 1466 1928 1507 est
1941 1466 2095 1500 adversus

1212 1522 1403 1563 Euphratam
1413 1522 1492 1554 illius
1503 1523 1639 1553 civitatis
1650 1516 1831 1561 Episcopum
1839 1542 1847 1551 .
1873 1519 1954 1550 Eum
1966 1522 2094 1559 quinque

1211 1569 1351 1612 Episcopi
1373 1567 1565 1611 deposuerant
1591 1575 1712 1608 propter
1731 1566 1878 1608 haerefim.
1900 1569 1996 1599 Primi
2019 1567 2094 1599 vero

1205 1622 1338 1665 Judices
1359 1626 1500 1661 optarant
1511 1641 1522 1656 ,
1547 1626 1581 1650 ut
1602 1617 1757 1649 damnatio
1767 1616 1807 1648 ab
1818 1615 1888 1658 ipsis
1899 1616 2019 1648 decreta
2030 1625 2096 1647 con·

1207 1669 1378 1710 firmaretur
1417 1670 1451 1700 (9⁶
1471 1666 1685 1707 approbaretur
1707 1667 1727 1696 ἃ
1751 1667 1860 1706 majori
1880 1662 2094 1707 Episcoporum

1212 1719 1430 1750 Gallicanorum
1441 1725 1559 1747 numero
1571 1739 1578 1746 .
1606 1716 1688 1745 Eam
1697 1719 1800 1755 itaque
1811 1713 1845 1745 ob
1857 1712 1976 1756 causam
1989 1716 2096 1746 Metro-

1208 1769 1355 1809 politanas
1374 1764 1432 1798 080
1456 1767 1687 1797 Provinciarum
1707 1769 1870 1796 evocarunt
1890 1763 1935 1795 ad
1942 1762 2095 1795 Coloniam

1213 1822 1415 1861 Agrippinam.
1438 1818 1486 1847 Eo
1496 1819 1528 1846 in
1540 1813 1668 1845 Concilio
1678 1812 1854 1846 Valerianus
1865 1812 1946 1845 dixit
1957 1812 2095 1845 validam

1212 1868 1262 1910 esse
1285 1864 1484 1908 depofitionem
1507 1866 1663 1905 aquinque
1675 1863 1736 1895 illis
1747 1860 1902 1904 Episcopis
1917 1863 2067 1896 decretam
2084 1887 2098 1903 ‚

1214 1927 1306 1958 neque
1329 1915 1512 1958 necessarium
1529 1914 1652 1955 prorsus
1670 1911 1776 1954 fuisse,
1804 1921 1838 1943 uc
1859 1923 1938 1945 nova
1960 1911 2022 1946 baec
2032 1923 2096 1945 con·

1207 1970 1340 2011 gregario
1357 1964 1442 2009 fieret
1462 1990 1468 1996 .
1497 1964 1576 1997 Hoc
1603 1962 1666 1996 fuit
1689 1960 1857 1996 Valeriani
1884 1962 2097 2006 suffragium:

1214 2016 1283 2057 Etsi
1297 2026 1355 2048 non
1371 2026 1468 2048 ornnes
1491 2012 1679 2055 confertiores
1694 2036 1705 2052 ,
1732 2011 1781 2045 bic
1804 2012 1889 2054 apud
1899 2015 2097 2055 Agrippinam

1214 2071 1270 2099 Dei
1287 2066 1442 2099 voluntate
1460 2069 1511 2106 qui
1529 2062 1633 2106 sumus
1656 2063 1785 2095 adunati
1805 2086 1816 2103 ,
1842 2063 2070 2105 conveniffemus
2084 2087 2097 2102 ,

1209 2114 1363 2158 suffecerat
1387 2117 1407 2146 ἃ
1431 2120 1559 2155 quinque
1573 2111 1728 2154 Eplfiopis
1749 2110 1943 2154 Euphratam
1966 2110 2097 2155 blaspha

1214 2175 1294 2197 mum
1308 2188 1319 2203 ‚
1345 2169 1417 2205 quia
1425 2162 1572 2202 Christum
1585 2165 1680 2195 Deum
1700 2171 1808 2204 negat,
1829 2170 1886 2204 pro
1910 2167 2020 2196 meritis
2026 2161 2095 2205 suis

1210 2213 1405 2257 sententian,
1431 2213 1552 2254 ideoque
1559 2212 1586 2254 J
1591 2222 1642 2245 ure
1651 2212 1701 2253 effe
1710 2211 1865 2253 depofitum
1878 2237 1885 2244 .

1266 2261 1461 2305 Respondeo
1474 2262 1626 2305 antiquos
1636 2262 1811 2302 Canones,
1837 2262 1893 2304 qui
1911 2261 2099 2296 Provincia·

1214 2312 1294 2346 lium
1316 2311 1525 2355 Synodorum
1549 2310 1673 2354 Iudicia
1692 2311 1842 2346 sanciunt
1863 2322 1932 2344 non
1944 2313 2007 2345 efl'e
2027 2312 2098 2346 Ro-

1216 2362 1319 2396 manis
1328 2358 1599 2405 appellationibus
1622 2359 1769 2394 obnoxia
1783 2383 1795 2400 ,
1819 2360 1837 2393 a
1861 2360 2098 2405 nobisignora-

1216 2413 1240 2445 ri
1255 2437 1262 2444 .
1290 2411 1506 2446 Adducantur
1517 2435 1527 2450 ,
1553 2411 1586 2444 δε
1597 2409 1774 2444 doceamur
1787 2434 1794 2441 .
1822 2409 1923 2456 Qod
1934 2412 2023 2445 enirn
2037 2412 2097 2445 Ni-

1215 2461 1315 2500 caeni,
1341 2461 1563 2500 Sardicenses,
1590 2459 1973 2501 Constantinopolitani,
1999 2459 2098 2495 Chal-

1215 2511 1430 2550 cedonenses,
1457 2510 1491 2543 &
1509 2510 1627 2542 ostavae
1639 2508 1764 2549 Synodi
1778 2508 1932 2542 canones
1955 2510 2029 2543 istas
2042 2522 2097 2553 ap-

1217 2560 1406 2603 pellationes
1427 2557 1639 2601 comprobent
1652 2582 1662 2597 ‚
1689 2557 1733 2591 est
1746 2557 1845 2590 nimis
1865 2559 2073 2594 manifestum
2088 2584 2095 2593 .

1218 2611 1270 2644 De
1285 2611 1415 2644 Nicaena
1427 2609 1564 2651 Synodo
1576 2605 1760 2641 audivimus
1771 2607 1993 2643 testimonium
2016 2609 2095 2653 Julii

1217 2659 1407 2694 Pontificis.
1435 2656 1853 2700 E’Constantinopolitana
1867 2658 2006 2701 Synodo
2026 2659 2096 2694 Ro·

1216 2721 1302 2743 mam
1318 2709 1504 2752 provocavit
1518 2707 1685 2741 Maximus
1698 2707 1846 2750 Cynicus
1856 2733 1866 2749 ,
1891 2709 2094 2743 consecratus

1219 2760 1396 2803 Episcopus
1421 2758 1439 2791 a
1463 2757 1562 2792 Petro
1588 2756 1792 2791 Alexandriae
1804 2757 2010 2801 Patriarcha‚
2036 2758 2094 2802 qui

1216 2808 1329 2852 &ipse
1340 2820 1381 2843 eo
1395 2808 1626 2852 appellaverat.
1655 2806 1931 2843 Chalcedonensis
1941 2809 2095 2852 Synodus

1216 2858 1370 2894 convenit
1397 2857 1436 2894 nd
1459 2856 1688 2892 retractandam
1713 2857 1963 2900 appellationem
1984 2859 2093 2893 Sanffl

1218 2910 1362 2943 Flaviani
1378 2933 1388 2949 ‚
1412 2909 1446 2942 δε
1465 2907 1605 2942 aliorum
1625 2907 1846 2941 Orientalium
1871 2908 2091 2949 Antistitum,

1216 2959 1269 3002 qui
1285 2969 1339 3001 per
1351 2955 1549 3001 Ephefinum
1561 2956 1787 2991 Latrocinium
1799 2957 1966 3001 degradati
1985 2958 2093 3002 appel-

1218 3009 1358 3042 laverant
1368 3008 1408 3042 ad
1421 3008 1572 3041 Sanctum
1586 3008 1750 3041 Leonem.
1778 3006 1959 3050 Praecipuus
1970 3010 2090 3043 ostavae

1217 3058 1342 3101 Synodi
1363 3058 1477 3100 scopus
1497 3057 1559 3090 fuit
1580 3057 1743 3090 retractare
1755 3056 1942 3091 Romanam
1953 3058 2091 3102 appella-

1217 3110 1339 3143 tionem
1372 3107 1476 3142 Sancti
1506 3104 1695 3140 Patriarchae
1715 3105 1837 3150 Ignatii
1857 3131 1865 3139 .
1895 3108 2089 3142 sardicensis

1216 3157 1366 3200 synodus
1388 3168 1445 3200 pro
1457 3156 1623 3198 semetipsa
1632 3155 1795 3199 loquitur.
1821 3156 2001 3192 Parisiensis
2024 3158 2090 3190 Ar-

1215 3207 1462 3251 chi-Episcopus
1483 3216 1539 3248 pro
1561 3206 1624 3239 suis
1643 3205 1809 3250 figmentis
1830 3207 1937 3241 nullos
1954 3207 2087 3242 adducit

1217 3258 1368 3292 Canones
1381 3281 1391 3296 ,
1417 3255 1473 3290 nisi
1486 3255 1518 3288 in
1531 3254 1716 3290 Eusebiano
1728 3256 1817 3290 sensu
1836 3256 2065 3291 Antiochenos
2076 3281 2087 3296 ‚

1216 3309 1248 3342 δε
1262 3306 1525 3342 scelerariffimam
1550 3307 1754 3340 Sanctionem
1770 3303 2086 3349 Philippo—Politani

1217 3355 1471 3392 Conventiculi.
1497 3355 1596 3403 Qasi
1620 3356 1720 3400 speret
1740 3367 1800 3391 nos
1823 3368 1864 3390 ex
1886 3355 2091 3392 Orthodoxis

1216 3409 1317 3443 facere
1329 3405 1526 3442 Eusebianos
1539 3430 1545 3438 .

1715 3454 1731 3490 1
1999 3453 2043 3489 Et
