2326 3718
360 124 456 169 128

760 119 874 166 .Dr=.
910 119 1274 167 GALMCANAE
1322 118 1620 171 Eccrssm

284 213 353 246 quae
366 204 450 245 apud
458 206 621 236 Nicaenano
631 203 772 245 synodum
789 201 927 247 nonsunt
936 205 1053 241 omnino
1071 202 1191 246 sanci-¹
1225 198 1534 248 sentibus'Epifiopls
1561 206 1763 255 orientalibus
1794 206 1817 240 ζ.
1838 208 1894 243 Est
1919 207 2105 253 ipfiffimum

283 262 324 287 κ
336 255 353 284 ‚2
378 254 433 285 An
456 251 516 285 isus
527 251 628 286 etiam
640 252 814 289 duodecim
825 253 980 297 Capitula
1003 254 1063 287 sint
1083 253 1170 296 apud

281 303 437 336 Sirmium
451 300 537 335 edita
551 326 562 342 ,
586 302 631 336 est
646 304 776 347 quaestio
791 328 798 334 .
826 302 1002 348 Qudquid
1015 304 1055 337 fit
1065 328 1076 343 ,
1104 302 1169 336 hoc

278 351 440 395 posterius
460 351 634 386 sirmiense
658 353 854 387 Concilium
880 352 1022 386 omnino
1059 351 1167 386 laudat

278 401 567 436 sanstusHilarius
581 427 593 444 ,
616 403 769 445 &ipsum
781 401 929 445 vigilius
953 403 1059 446 palam
1086 403 1167 437 affir-

278 463 346 493 mat
357 453 450 487 fuisse
461 453 633 487 Orientale
645 476 652 484 .
680 452 773 485 Licet
785 451 876 485 enim
904 451 990 486 intra
1004 453 1167 487 Occiden-

275 503 350 537 talis
364 501 498 547 Imperii
509 503 631 537 limites
644 501 740 535 fuerit
750 501 947 535 celebratum
959 506 981 540 ‚'
996 502 1165 536 constabat

274 562 385 589 tamen
395 564 435 590 ex
448 550 675 588 Orientalibus
686 550 862 592 praesertim
876 552 1044 594 Episcopis
1055 576 1063 583 .
1091 552 1165 587 Nec

273 602 365 642 aliud
376 602 485 638 scribit
499 600 655 636 Hilarius.
682 599 802 634 Scribit
815 601 922 643 ipsum
936 601 1089 644 placuisse
1099 602 1164 637 Oc·

271 652 513 693 cidentalibus,
538 662 608 685 non
619 649 710 684 fuisse
731 650 967 685 Occidentale.
995 649 1087 686 Idem
1110 664 1163 687 eo-

271 701 349 739 dem
373 713 485 737 tenore
505 699 615 735 scribit
636 699 678 734 de
701 699 880 734 Sardicensi
895 725 903 735 .
929 700 1074 736 Proinde
1094 700 1159 737 hoc

269 752 412 786 Domini
425 748 698 794 Archi-Episcopi
722 750 974 786 fundamentum
996 751 1041 786 est
1064 752 1158 786 infir-

270 812 361 836 mum
388 801 421 834 δε
431 800 593 835 caducum
603 824 612 833 .

317 849 462 897 Qaestio
482 850 548 892 est,
579 850 660 899 Qo
680 853 773 887 sensu
797 853 932 887 Sanctus
953 851 1157 897 Epiphanius

265 899 423 943 scripserit
436 900 659 937 Sardicensem
671 901 843 946 synodum
857 903 949 938 fuisse
959 904 1157 938 Occidenta-

264 949 347 984 lium
361 949 378 982 ἒ
405 951 604 995 Respondeo
616 953 712 987 illum
725 952 847 995 exponi
860 951 879 986 ὸ,
892 951 1153 988 Chalcedonensi

265 999 405 1043 Synodo
427 1001 462 1035 in
485 1001 720 1044 acclamatorio
737 1004 887 1038 sermone
908 1003 950 1037 ad
977 1003 1156 1046 Imperato-

263 1059 355 1084 rem:
382 1053 431 1086 Ita
457 1052 491 1086 Θ
503 1051 740 1095 ᾳιιίροβηιοᾱιὶω
750 1050 856 1094 ubique
874 1054 1023 1086 adversus
1044 1060 1151 1087 varlas

263 1104 474 1134 Har-eticorum
495 1108 659 1146 congregari
682 1100 754 1145 sunt
765 1108 936 1144 novitates,
962 1114 1107 1139 commune
1117 1105 1153 1137 de

256 1148 318 1190 fide
339 1154 494 1186 Decretum
505 1158 687 1186 unammiter
696 1153 852 1186 ediderunt
865 1177 877 1193 ‚
902 1165 936 1187 ea
948 1165 1017 1195 quae
1034 1154 1151 1195 frater-

260 1212 297 1233 no
321 1199 457 1244 consensu
483 1200 691 1242 probaverant
703 1226 714 1242 ,
739 1201 916 1245 absentibus
942 1204 1152 1243 evidentiffimss

258 1256 456 1286 intimantes.
485 1254 531 1283 Ee
546 1252 590 1284 illi
609 1254 730 1295 quidem
745 1258 795 1294 qui
807 1254 893 1294 apud
910 1254 1066 1286 sardicam
1088 1263 1150 1285 con-

256 1309 310 1332 tra
321 1301 464 1342 reliquias
478 1305 542 1332 Arii
553 1311 754 1334 convenerunt
765 1325 776 1341 ,
804 1301 1008 1333 Orientalibus
1034 1302 1148 1335 direxe-

255 1358 327 1382 runt
334 1348 383 1392 sui
402 1349 684 1391 c'onstz'tutaJudicii
695 1375 702 1382 .
731 1353 795 1394 ,Qui
808 1353 879 1384 verri
893 1355 925 1383 in
937 1350 986 1383 bis
1007 1350 1148 1392 partibus

255 1400 436 1439 Apollinaris
449 1399 585 1433 detexere
594 1399 791 1442 pestilentiam
803 1424 814 1440 ,
830 1401 1069 1435 occidentalibus
1077 1409 1150 1443 pro-

248 1454 352 1490 prium
378 1454 529 1482 innotuere
552 1474 560 1483 .
601 1452 713 1485 Sermo
734 1460 902 1494 comparat
927 1450 1147 1485 Sardicensem

253 1499 429 1542 Synodum
454 1511 531 1534 cum
554 1501 658 1544 prima
684 1501 1058 1544 Constantinopolitana
1078 1526 1089 1541 ‚
1115 1502 1147 1534 ἀ

249 1546 338 1584 hanc
353 1550 596 1591 Orientalium,
622 1551 715 1584 istam
730 1551 867 1584 affirmat
880 1551 973 1583 fuisse
984 1547 1146 1584 Occiden-

247 1599 388 1631 talium:
416 1599 505 1645 Qia
526 1609 645 1641 nempe
669 1599 906 1633 Occidentales
929 1599 1084 1643 Episcopi
1111 1599 1146 1632 in

246 1648 316 1690 ipsa
329 1647 575 1691 praevaluerunt.
604 1648 736 1683 Deinde
750 1648 954 1692 Epiphanius
967 1650 1060 1692 loqui
1076 1650 1147 1692 pos-

247 1697 288 1732 sit
308 1708 350 1730 ex
366 1698 496 1740 Magno
517 1698 659 1738 Basilio,
687 1699 742 1731 cui
770 1699 971 1732 Sardicensis
985 1698 1141 1740 Synodns

245 1756 381 1789 propter
394 1747 477 1780 Asta
490 1746 574 1782 circa
582 1745 783 1782 Marcellum
796 1747 936 1790 Ancyrae
946 1748 1143 1791 Episcopum

247 1795 390 1841 graviter
413 1795 599 1839 displicuit.
628 1796 763 1830 Etenim
789 1808 858 1831 non
879 1797 980 1831 solam
995 1797 1143 1832 Marcelli

246 1846 418 1890 personam
431 1869 442 1887 ,
469 1845 523 1880 sed
546 1846 579 1880 δε
590 1846 685 1889 ipfius
698 1846 738 1881 de
749 1855 871 1881 aeterno
886 1844 1008 1882 Christi
1022 1848 1142 1892 Regno

245 1896 372 1932 librum
393 1894 562 1940 probavit,
589 1896 622 1931 δε
635 1897 653 1931 a
665 1897 841 1931 calumniis
851 1896 994 1931 absolvit
1014 1898 1072 1931 ista
1086 1899 1141 1940 Sy·

247 1946 356 1982 nodus
371 1970 382 1986 ,
407 1946 442 1980 in
467 1957 534 1989 quo
547 1947 611 1980 fuit
621 1946 762 1981 omnino
786 1947 1044 1991 circumscripta.
1073 1948 1139 1981 Ad-

248 1995 359 2044 uersus
372 1996 459 2030 hanc
473 1996 701 2040 obreptionem
713 2020 723 2036 ,
749 2009 787 2031 ac
799 1998 967 2041 prasertim
993 1997 1141 2032 adversus

245 2043 405 2081 Marcelli
428 2057 569 2081 errorem
591 2047 808 2083 reclamarunt
826 2047 955 2082 dudum
965 2059 1041 2082 cum
1055 2049 1139 2081 Basr-

247 2097 299 2132 lio
322 2096 419 2131 multi
444 2096 630 2132 orientales
658 2096 834 2140 Episcopi,
860 2097 1039 2132 &tandem
1051 2098 1140 2131 Con-

248 2146 544 2190 stantinopolitana
567 2145 723 2190 Synodus
737 2146 864 2181 addidit
886 2148 947 2181 suo
958 2146 1139 2190 Symbolo:

249 2199 347 2238 cujus
360 2201 456 2242 Regni
464 2208 522 2234 non
532 2202 588 2233 erit
597 2197 669 2240 finis
680 2222 687 2230 .
713 2196 811 2231 Istam
824 2196 926 2242 igitur
939 2197 1139 2232 circumscri-

249 2249 399 2292 ptionem
410 2270 420 2287 ‚
430 2249 464 2282 ὅ(
474 2258 515 2282 ex
528 2247 593 2291 ipsa
604 2249 721 2282 fastam
733 2247 884 2282 Marcelli
898 2246 1139 2282 absolutionem

179 2308 182 2313 ·
250 2298 399 2341 digerere
412 2309 479 2332 non
493 2298 602 2341 potuit
615 2297 769 2336 Bafiiius,
794 2298 828 2329 ὅ(
841 2296 952 2339 paffim
964 2296 1140 2339 appellavit

252 2351 388 2381 Facinus
400 2347 644 2381 occidentalium.
673 2345 811 2380 Averfio
823 2346 856 2378 in
869 2344 1010 2388 plurium
1021 2345 1141 2379 animis

252 2397 426 2441 permansit
448 2397 549 2440 usque
569 2396 612 2431 ad
630 2395 805 2430 admissum
823 2394 842 2429 a
856 2394 1011 2430 Romana
1032 2395 1143 2429 Eccle-

198 2484 203 2492 ,
253 2448 295 2481 sia
319 2470 330 2486 ,
355 2447 389 2482 &
410 2446 584 2491 probatum
606 2446 691 2480 istud
720 2444 873 2479 Marcelli
898 2445 1141 2480 damnatorium

253 2495 533 2531 ,additamentum
549 2520 557 2526 .
583 2496 760 2541 Quiescere
772 2504 852 2529 tunc
863 2495 962 2538 coepit
984 2506 1084 2529 omne
1107 2495 1144 2528 il-

254 2547 313 2582 lud
336 2557 503 2581 murmur.
531 2545 667 2579 Interim
690 2556 731 2578 ex
746 2544 806 2578 illo
822 2544 917 2588 poffit
939 2544 1144 2589 Epiphanius

254 2596 363 2632 adhuc
373 2596 466 2631 fuisse
482 2596 632 2630 locutu-s.
659 2594 836 2643 Qidquid
849 2595 910 2634 sit,
935 2594 1053 2629 falsum
1074 2595 1119 2629 est
1132 2619 1144 2636 ,

255 2645 343 2692 quod
355 2647 462 2691 plures
474 2647 543 2690 post
555 2647 711 2689 perastarn
721 2644 895 2688 Synodum
904 2644 1058 2689 Episcopi
1074 2644 1145 2679 sub-

255 2697 438 2740 scripserint
450 2697 510 2731 soli
523 2696 722 2731 restitutioni
730 2695 838 2730 Sancti
849 2693 1031 2730 Athanasii.
1041 2694 1143 2742 Qod

257 2746 414 2782 omnibus
437 2747 529 2781 Astis
552 2746 816 2790 subscripserint,
844 2746 936 2788 supra
959 2744 1144 2779 audivimus

258 2796 300 2832 ab
321 2796 391 2841 ipso
406 2794 584 2831 Athanasio
596 2819 603 2828 ·
629 2797 673 2831 Et
685 2796 777 2830 istam
789 2794 973 2839 generalem
990 2794 1144 2838 subscrip-

258 2848 386 2882 tionem
399 2845 594 2891 improbavit
605 2845 754 2881 Bafilius.
786 2845 918 2889 Nempe
939 2843 985 2878 ob
1000 2855 1143 2888 compre-

259 2896 393 2932 hensam
418 2896 658 2932 absolutionem
670 2895 842 2930 Marcelli.
870 2894 1059 2929 Adductum
1081 2896 1143 2928 lm-

260 2948 413 2989 peratoris
425 2946 596 2991 Iustiniani
609 2958 667 2991 pro
679 2944 889 2983 ‹Ecumenica
908 2941 1005 2988 hujus
1017 2945 1141 2988 Synodi

263 2996 425 3039 dignitate
444 2997 670 3033 testimonium
701 2996 799 3031 nobis
809 2997 1004 3039 repraesentat
1017 2996 1141 3031 sensum

264 3045 366 3083 totius
375 3048 554 3082 orientalis
576 3047 722 3083 Ecclefiae
732 3072 740 3080 .

312 3094 473 3134 Notanda
495 3097 567 3130 sunt
588 3096 655 3132 haec
678 3096 820 3132 Domini
852 3095 1141 3140 Archi-Episcopi

263 3144 363 3180 verba
376 3158 387 3181 .·
413 3148 592 3179 convocatio
603 3147 692 3187 huJ'us
706 3148 877 3181 concitum
887 3146 1074 3189 mentefaec‘la
1083 3145 1120 3186 est
1132 3169 1142 3185 ,

264 3205 297 3231 ut
319 3196 480 3228 concilium
513 3194 725 3230 OEcumem'cum
746 3197 939 3232 celebraretur
961 3221 973 3237 ,
997 3194 1054 3239 sed
1071 3201 1142 3237 quia

264 3247 429 3279 divortium
451 3252 524 3277 ante
544 3250 684 3289 contigit,
708 3258 798 3288 quam
821 3245 1067 3287 Concislmfcret
1078 3256 1151 3279 con-⁴

258 3295 394 3336 stitutum
407 3306 445 3327 ex
457 3291 611 3336 Episcopis
622 3295 773 3338 utriusque
783 3300 924 3338 Imperii,
947 3307 995 3332 res
1014 3301 1050 3328 ιη’
1056 3306 1085 3327 eo
1095 3296 1143 3328 de-

261 3346 360 3389 finltae
380 3343 512 3387 spellari
533 3353 589 3375 non
604 3345 718 3386 poffunt
730 3369 742 3384 ‚
767 3346 822 3388 nifi
828 3348 1004 3390 tanquam-i
1017 3347 1142 3379 concilio

1229 251 1453 286 Haerefiarchae
1474 255 1619 290 Nestorii
1645 268 1872 301 argumentum
1894 259 2043 294 adversus
2062 262 2106 295 sa·

1227 301 1425 336 crosanQam
1438 303 1627 347 Ephesinam
1640 307 1831 349 synodum,
1856 319 1980 355 magno
1999 311 2107 353 impe·-

1228 361 1270 385 tu.
1286 349 1504 389 declamatum
1526 357 1560 390 in
1584 357 1786 400 querimonia
1808 358 1849 392 ad
1875 359 2104 404 Imperatorem

1227 398 1456 436 Theodosium
1467 416 1489 436 2v
1501 407 1565 439 Pus
1585 408 1696 440 litteris
1708 405 1814 447 vestris
1830 417 1942 443 morem
1945 420 2080 454 gerentes
2091 434 2104 451 ‚

1226 453 1372 485 voluimus
1394 454 1574 494 pilfflauorum
1603 455 1811 499 Episcoporum
1838 459 2031 503 undequaque
2052 471 2102 495 ve*-

1224 507 1368 536 mentium
1380 526 1397 553 ‚¹
1412 508 1559 549 precipui?
1569 518 1640 542 vero
1665 518 1782 551 magnae
1801 512 1937 541 civitatis
1950 510 2103 545 Antioche-

1224 564 1272 586 nae
1285 556 1314 585 E
1313 551 1422 595 piscopi
1432 558 1632 597 eunapiiffimis
1643 557 1710 600 qius
1705 559 1771 591 dem
1782 559 2016 600 Metropolitanis
2026 562 2102 601 Epi-

1217 601 1313 645 sbopis
1324 626 1335 642 ,
1361 611 1583 647 caeterormque
1605 613 1657 648 qui
1681 619 1719 642 ex
1737 610 1873 643 Italia&
1884 609 1986 642 sicilia
1994 607 2102 652 exspe-

1221 653 1404 694 &abantum
1430 655 1597 688 adventum
1606 662 1710 697 operm
1724 683 1736 699 ‚
1763 665 1913 701 atqueita
1922 669 2104 694 communem

1221 709 1348 737 omnium
1360 701 1509 747 consessum
1519 705 1683 745 instituere.
1711 712 1801 742 Porro
1824 712 1964 754 AEgyptii
1976 711 2011 744 <a
2022 709 2106 751 Afia·

1220 758 1272 786 tici
1283 755 1433 796 quoddam
1450 754 1565 797 fisorfim
1584 755 1800 791 conciliabulum
1812 760 2014 800 instituerunt.
2043 759 2102 794 Af-

1219 803 1326 838 firmat
1339 803 1537 848 Ephefinum
1549 805 1741 840 Concilium
1752 831 1763 848 ,
1789 808 1878 852 quod
1887 821 1928 845 ex
1939 808 2100 844 Theodo-

1219 854 1255 887 fii
1266 853 1454 889 intentione
1465 854 1606 890 debebat
1615 857 1677 890 esse
1690 856 1938 893 OEcumenicum
1950 883 1961 899 ,
1973 857 2018 894 ob
2031 870 2102 895 non

1221 904 1438 947 exspestatum
1452 905 1588 948 Ioannis
1598 905 1793 941 Patriarcha'e
1806 906 2013 942 Antiocheni
2025 919 2103 944 cum

1220 954 1282 988 suis
1292 953 1461 997 Episcopis
1475 954 1655 990 adventum
1668 956 1763 990 fuisse
1774 959 1791 991 a
1805 957 1937 1000 Cyrillo
1946 968 1984 992 ac
1995 957 2107 992 Mem-

1220 1015 1325 1045 none,
1352 1003 1564 1048 AEgyptiacae
1574 1016 1612 1041 ac
1623 1004 1775 1040 Afiaticae
1784 1006 1982 1042 Dioeceseon
2003 1008 2105 1044 Exan

1217 1053 1286 1088 chis
1296 1079 1307 1096 ‚
1334 1055 1538 1089 demutatum
1549 1056 1583 1089 in
1597 1055 1786 1099 particulare
1799 1057 2103 1092 Conventiculum.

1219 1103 1261 1137 Et
1289 1104 1534 1148 circumscripto
1554 1103 1751 1141 Theodosio
1772 1108 2002 1152 argumentum
2033 1106 2109 1151 pla->

1215 1153 1304 1188 cuit.
1332 1153 1562 1189 Eteniminter
1572 1156 1738 1196 rationes,
1763 1166 1803 1190 ex
1824 1155 1944 1202 quibus
1965 1156 2105 1192 circum-

1215 1202 1310 1236 duxit
1322 1202 1449 1244 Synodi
1474 1202 1582 1244 Aeta,
1607 1203 1670 1238 fuit
1689 1206 1722 1238 ἀ
1746 1203 1831 1238 haec:
1858 1211 1965 1248 Neque
1975 1218 2114 1249 omnes,‚

1214 1261 1246 1284 ut
1268 1254 1416 1285 decretum
1448 1261 1514 1285 erat
1536 1276 1548 1293 ‚
1585 1254 1700 1294 piiffimi
1722 1252 1865 1296 Episcopi*
1881 1265 2080 1289 convenerunt
2088 1279 2108 1296 ,-

1214 1313 1279 1335 cum
1301 1310 1400 1335 tamen
1420 1312 1539 1346 magnae
1562 1302 1749 1337 Antiocbenae
1777 1308 1916 1336 civitatis
1939 1302 2104 1347 Epistoput

1213 1362 1278 1385 cum
1295 1353 1366 1386 aliis
1391 1353 1627 1394 Metropolitanis
1647 1355 1718 1393 jam
1737 1359 1990 1397 appropinquaret
2002 1379 2010 1387 .
2037 1354 2105 1390 Ve-

1214 1401 1284 1435 rum
1297 1402 1431 1435 sanstus
1458 1402 1604 1444 Cyrillus
1618 1403 1653 1436 in
1668 1402 1894 1447 Apologetico
1908 1402 1952 1437 ad
1961 1402 2104 1447 eundem

1213 1451 1399 1495 Principem
1412 1452 1498 1485 libro
1510 1453 1674 1495 reposuit:
1702 1455 1768 1496 ‚Qut
1791 1452 1979 1488 ,vrtiocbenae¹
1998 1453 2103 1488 an-lea

1204 1499 1257 1540 fiae
1274 1500 1381 1541 praeest
1393 1524 1403 1539 ‚
1428 1502 1448 1531 ἃ
1469 1500 1567 1540 velim
1588 1501 1744 1542 Maiestate
1767 1503 2003 1545 adpraefinitum
2024 1503 2106 1536 dieo-

1210 1549 1303 1592 adeffe
1317 1549 1416 1592 jussus
1430 1573 1441 1589 ,
1466 1550 1487 1582 ἃ
1513 1549 1630 1583 sanda·
1646 1552 1755 1590 synodo
1764 1551 1883 1592 abfuit.
1909 1552 2105 1587 studueram·

1210 1606 1242 1632 in
1262 1605 1367 1632 mnere
1393 1598 1547 1638 baerebat,
1570 1608 1604 1633 ut
1623 1611 1659 1634 ea
1670 1601 1854 1636 conflatione
1865 1603 1947 1637 illius
1955 1601 2108 1645 improbh,

1209 1654 1268 1682 tati
1274 1648 1498 1692 gratificaretur
1508 1671 1519 1687 ,
1544 1654 1596 1690 qut
1606 1659 1708 1683 contra
1721 1649 1871 1690 christum
1884 1660 2015 1694 nugatus
2021 1651 2102 1692 ,fito-w

1208 1707 1259 1732 rat
1284 1722 1291 1730 .
1319 1696 1473 1732 Affirmat
1498 1698 1661 1741 Joannem
1683 1710 1752 1734 non
1777 1711 1833 1743 per
1857 1700 2102 1744 neceffitatem,

1207 1757 1265 1782 aut
1277 1747 1507 1782 rationabilem
1520 1750 1648 1783 causam
1662 1771 1672 1787 ‚
1698 1749 1750 1783 sed
1765 1760 1820 1792 per
1830 1748 1946 1784 dolum
1958 1758 2101 1785 aut‘cet-

1207 1797 1239 1832 τὸ
1263 1809 1319 1842 per
1338 1798 1468 1841 culpam
1494 1798 1566 1833 sero
1577 1798 1720 1840 venisse,
1747 1798 1889 1843 ideoque
1907 1797 1995 1835 nihil
2006 1798 2101 1834 (ἓω-

1208 1849 1340 1883 menicae
1364 1848 1551 1893 Dignitatis
1568 1847 1663 1884 fuisse
1675 1849 1855 1884 detractum
1865 1849 2036 1893 Synodo.-
2050 1849 2098 1885 Et

1208 1898 1360 1941 Princeps
1382 1894 1564 1941 acquievit.
1592 1896 1704 1933 Etiam
1726 1900 1792 1943 ipse
1804 1899 1914 1942 postea
1933 1901 2094 1944 Ioannes.

1207 1948 1251 1982 Et
1279 1947 1386 1982 omnis
1405 1949 1529 1992 semper
1550 1948 1710 1983 Ecclesia.
1741 1950 1869 1983 Omnes
1891 1949 2095 1993 Ephesiuum

1206 1998 1398 2033 Concilium
1420 2022 1431 2039 ‚
1457 1998 1534 2042 quia
1563 1999 1718 2033 veraciter
1742 1999 2096 2042 OEcumenicum,‘ve-

1208 2059 1401 2082 neramurut
1414 2049 1648 2084 sacrosanctum
1661 2049 1727 2082 Dei
1751 2050 1986 2093 Evangeliurn.
2014 2050 2096 2085 Por·

1207 2097 1242 2132 τὸ
1254 2110 1330 2132 cum
1343 2099 1397 2132 sua
1411 2096 1594 2134 Eusebiana
1606 2099 1762 2133 Fastione
1773 2099 1954 2142 Stephanus
1975 2100 2098 2135 Antio·

1205 2147 1329 2182 chenus
1339 2148 1379 2181 ad
1393 2148 1615 2183 Sardicensem
1627 2148 1801 2192 synodum
1814 2160 1881 2184 non
1894 2149 1963 2185 sero
1977 2151 2069 2185 venit-
2080 2173 2094 2192 ,

1207 2198 1259 2232 sed
1281 2197 1345 2240 jam
1373 2198 1508 2241 praesens
1533 2210 1587 2241 per
1613 2199 1913 2241 praevarieationem
1941 2200 2092 2244 aufugit:

1205 2248 1267 2281 Per
1299 2247 1437 2281 schisma
1463 2271 1474 2287 ,
1499 2259 1555 2290 per
1574 2246 1714 2281 haeresim
1741 2272 1752 2288 ‚
1780 2259 1834 2291 per
1857 2249 2092 2283 rebellionem.

1204 2297 1315 2344 Qare
1346 2296 1561 2331 OEcumenicae
1590 2296 1718 2339 Synodi
1750 2296 1888 2340 potestas
1920 2299 2093 2341 permansit

1203 2346 1289 2390 apud
1311 2346 1453 2390 reliquos
1474 2345 1653 2390 Episcopos
1671 2371 1679 2379 .
1709 2346 1894 2381 Paucorum
1918 2347 2092 2390 Apostata-

1203 2406 1275 2430 rum
1289 2395 1444 2439 iniquitas
1455 2395 1627 2439 synodum
1638 2421 1648 2437 ,
1674 2407 1771 2438 quam
1784 2396 1860 2438 Julii
1873 2396 2046 2432 Pontificis
2057 2398 2092 2432 δε

1209 2444 1398 2480 Constantii
1424 2455 1522 2488 atque
1545 2445 1737 2479 Constantis
1758 2445 1992 2489 Imperatorum
2011 2458 2091 2482 con·

1202 2494 1336 2530 vocatio
1357 2506 1396 2529 ac
1419 2495 1562 2529 intentio
1582 2495 1829 2530 OEcumenicam
1854 2497 1916 2530 effe
1933 2497 2089 2540 inflent,

1204 2545 1331 2590 nequiit
1341 2545 1599 2580 transmutarein
1614 2545 1856 2589 particularem.
1883 2545 2005 2580 Christi
2016 2549 2087 2582 Do·

1197 2596 1285 2631 lmini
1299 2595 1465 2640 promissio
1478 2619 1490 2636 ,
1515 2594 1571 2628 Ubi
1580 2596 1636 2627 duo
1656 2597 1709 2629 vel
1717 2605 1779 2628 tres
1785 2594 1906 2636 fuerint
1923 2602 2089 2640 congregat!

1202 2652 1234 2679 in
1258 2651 1374 2680 nomine
1394 2657 1477 2681 meo,
1500 2650 1533 2678 in
1556 2646 1653 2679 medlo
1674 2657 1773 2679 eorum
1777 2643 1866 2688 sum,
1893 2657 1948 2689 per
1957 2647 2086 2690 aliquot

1204 2696 1354 2732 fastiosos
1364 2695 1526 2730 exsufflari
1538 2706 1605 2730 non
1620 2695 1715 2739 poffit
1727 2719 1738 2736 ‚
1764 2706 1820 2729 aut
1835 2695 1975 2730 truncari
1989 2721 1997 2729 .
2023 2695 2091 2730 Ve-

1203 2758 1270 2780 ram
1292 2745 1334 2780 de
1352 2744 1540 2780 absentibus
1563 2745 1581 2779 ὲ
1607 2745 1746 2789 Synodo
1758 2745 1928 2789 Episcopis
1939 2746 2086 2790 regulam

1202 2795 1300 2831 tradit
1321 2796 1354 2830 in
1372 2795 1486 2830 litteris
1497 2794 1536 2832 ad
1549 2797 1714 2839 praefatum
1723 2795 1953 2838 Imperatorem
1972 2794 2088 2830 Theo-

1206 2846 1332 2880 dosium
1352 2845 1499 2890 Magnus
1522 2845 1614 2885 Leo,
1639 2844 1777 2880 scribens
1798 2844 1839 2878 de
1849 2844 2004 2879 Dioscori
2026 2845 2084 2879 Pa-

1203 2894 1349 2930 triarchae
1371 2895 1591 2933 Alexandrini
1618 2895 1654 2930 in
1685 2893 1852 2937 prefino
1888 2894 2086 2929 Latrocinio

1202 2945 1386 2981 violentiis:
1417 2950 1452 2980 In
1465 2944 1643 2989 ipfhjudlcio
1655 2955 1712 2978 nm
1723 2954 1821 2977 omnes
1835 2968 1847 2984 ,
1871 2950 1924 2986 qui
1944 2952 2086 2979 convene·'

1205 3005 1298 3038 runt,
1323 2996 1483 3040 interfusffe
1503 2999 1709 3039 cognovimus.
1738 2997 1824 3026 Nam
1845 2996 1918 3027 alios
1940 2995 2059 3035 restem
2067 3000 2085 3036 ,‘

1200 3047 1273 3080 alios
1294 3048 1453 3081 didicimus
1472 3043 1661 3086 intromffis‚
1686 3049 1735 3085 qul
1742 3051 1800 3085 pro
1817 3043 1947 3087 Dioscori
1957 3044 2082 3078 arbitrio

1203 3101 1303 3138 impiis
1333 3094 1595 3140 subscriptionibus
1614 3098 1757 3135 captivas
1781 3105 1889 3127 manus
1909 3096 2059 3130 dederunt
2071 3119 2080 3127 .

1199 3147 1276 3181 Sola
1287 3147 1388 3191 igitur
1406 3143 1521 3190 injusta
1532 3143 1674 3178 exclusio
1685 3168 1696 3184 ,
1721 3153 1789 3177 non
1800 3143 1915 3179 dolosa
1926 3142 2086 3182 absentia,-¹

1200 3194 1300 3240 longe
1321 3195 1432 3230 minus
1453 3193 1600 3230 scelerata
1620 3195 1699 3238 fuga
1720 3193 1816 3238 poffit
1827 3192 1997 3238 synodum
2012 3192 2078 3226 cir-

1199 3245 1412 3281 cumscribere
1432 3268 1443 3285 ,
1469 3253 1525 3277 aut
1545 3254 1586 3277 ex
1612 3243 1823 3279 OEcumenica
1844 3244 2011 3278 transferre
2039 3242 2077 3275 in

1181 3303 1185 3330 i
1200 3295 1423 3340 particularem
1437 3318 1444 3325 .
1472 3292 1579 3328 Immo
1591 3318 1601 3333 ,
1628 3304 1688 3328 nec
1711 3295 1879 3340 negligens
1886 3291 2030 3334 absentia
2041 3292 2077 3326 id

1183 3332 1187 3358 ¹
1201 3345 1315 3390 possit.
1344 3343 1478 3378 Etenim
1491 3343 1688 3387 Episcopum
1702 3369 1712 3385 ,
1738 3343 1794 3386 qui
1806 3341 1953 3376 accedere
1965 3342 2077 3385 Syno-v

268 3395 450 3437 occidentali
462 3395 609 3438 decreta,
634 3394 871 3439 quandoquidem
894 3392 1080 3441 derretaesmt
1094 3396 1143 3439 ab·
1186 3396 1280 3456 §dum
1302 3393 1480 3447 neglexerit
1508 3418 1521 3436 ‚
1545 3395 1580 3431 ἀ
1599 3395 1655 3442 qui
1674 3393 1818 3439 legitime
1839 3392 1989 3431 detentus
2007 3402 2076 3425 non

1096 3484 1115 3492 α

1869 3440 2029 3484 curaverit
