2326 3718
845 131 887 176 S.
959 129 1438 175 FLAvrnur.

231 215 534 258 instruflionedirexit
544 238 555 255 ,
582 223 615 248 ut
626 218 733 250 Petrus
743 216 780 249 de
803 217 1008 250 Alexandrina
1023 216 1113 258 pelle·

232 276 316 302 retur
335 263 480 306 Ecclesia,
506 266 539 299 (ς
560 274 593 298 ut
602 266 696 300 libello
704 266 807 299 Sanc‘li
822 269 855 310 J
857 272 963 299 oannis
975 264 1113 308 Episcopi

233 315 433 351 Alexandrini
458 313 644 358 responderet
672 320 791 349 Aeacius
807 339 819 355 ,
843 324 931 359 utque
940 314 995 358 ipsi
1001 318 1112 350 denun-

231 372 360 400 ciaretur
382 368 484 398 Acaoio
497 389 508 405 ,
531 373 564 399 ut
591 364 755 400 anathema
778 367 887 400 diceret
914 370 1019 400 Petro.
1048 368 1116 409 ,Qui

230 419 395 457 quamvis,
421 414 596 454 bostilimore
606 414 717 455 de‘trufi
736 420 769 448 in
790 416 967 458 custodiam,
994 416 1114 449 chartas

231 463 386 507 amiserint
397 488 409 505 ,
434 466 668 508 tamenperfidis
678 464 827 499 baereticis
845 468 936 510 atque
957 468 1113 500 damnatis

232 516 415 550 accomodare
435 526 493 549 non
515 516 674 549 debuerunt
688 539 699 555 ,
725 528 790 558 quae
806 515 871 559 jola
889 518 993 560 negari
995 523 1094 558 potuit
1106 541 1115 556 ,

230 566 433 600 voluntatem.
460 569 534 600 Non
555 564 647 608 solum
670 568 735 610 ergo
754 578 813 599 non
821 576 943 610 egerunt
955 578 1022 609 quae
1036 566 1117 609 jussa

227 613 323 658 sunt,
349 623 404 648 aut
416 625 481 657 quae
491 617 634 657 expedire
640 623 800 657 poterant,
820 615 881 659 fid
898 622 989 650 etiam
1002 616 1118 650 baereti-

230 670 274 699 cit
285 669 576 699 communicaverunt
587 690 598 706 ‚
624 666 923 709 confirmationemque
948 670 1033 701 Petri
1043 671 1119 709 Epi*-

228 713 368 759 scopatus
378 738 390 754 ‚
416 716 461 746 ad
469 727 556 757 quem
562 717 734 757 pellendum
744 716 942 757 mi'ffifuerant
952 741 963 758 ,
984 716 1117 759 deferen-

231 774 279 799 tes
289 789 302 806 ‚
325 765 416 806 atque*
427 767 619 800 contumelias
632 773 664 799 in
677 766 855 809 Episcopum
868 770 901 811 J
903 779 1028 801 oannem
1049 772 1121 800 Aca-

233 820 275 849 cio
295 815 444 858 dirigente
463 823 627 858 portantes
640 841 647 848 .
677 817 798 861 ‚Quibus
822 817 910 851 rebus
922 842 933 858 ,
959 817 1065 850 habita
1075 820 1117 857 sy-

232 865 307 898 nodo
321 888 334 906 ‚
359 874 517 899 commotus
533 868 723 907 Beatffmus
737 871 825 908 Papa
838 892 848 907 ,
875 869 1003 901 Vitalem
1018 871 1052 902 et
1063 871 1120 900 Mi-

227 913 332 958 ]imum
350 914 390 948 ab
409 916 496 957 officio
507 918 542 953 et
561 923 759 952 communione
770 916 927 960 suspendit
938 942 950 958 ‚
975 922 1121 952 Acacium-

233 976 291 1008 que
302 966 466 998 damnavit
473 990 480 998 .

284 1015 453 1054 Discimus
462 1027 597 1050 omnem
608 1018 707 1052 causae
719 1017 828 1052 seriem
842 1041 854 1057 ‚
880 1030 917 1052 ac
930 1019 1059 1061 insuper
1071 1028 1123 1051 va-

233 1064 282 1098 ria
302 1065 478 1107 spectantia
500 1066 541 1099 ad
563 1066 760 1110 dignitatem
783 1067 876 1101 Sedis
898 1067 1098 1110 Apostolicae
1113 1092 1120 1099 .

233 1113 371 1152 Primo,
400 1112 490 1156 quod
513 1114 693 1158 Imperator
714 1116 809 1151 Zeno
841 1117 1004 1160 loannem
1030 1117 1122 1151 Tha·

230 1162 319 1206 laja,
343 1161 452 1198 adhuc
473 1162 704 1206 Presbyterum
717 1188 728 1204 ,
753 1166 786 1200 δε
807 1166 848 1200 ad
879 1168 910 1201 se
932 1168 1097 1212 Legatum
1110 1192 1121 1208 ,

231 1213 312 1249 dum
322 1223 399 1246 cum
414 1214 478 1246 suis
489 1214 583 1248 sacris
594 1215 633 1248 ad
652 1215 876 1251 Timotheum
901 1217 1099 1261 Episcopum
1112 1240 1122 1256 ,

232 1264 266 1297 &
278 1262 488 1297 Alexandriae
497 1264 632 1299 clerum
645 1265 819 1309 Responfis
830 1267 952 1301 remisit
964 1291 975 1308 ‚
1003 1271 1038 1302 in
1053 1268 1121 1302 istis

232 1312 308 1357 ipfis
320 1313 433 1347 litteris
444 1314 528 1348 adeo
542 1315 759 1357 praedicaverit
780 1326 817 1351 ut
831 1317 934 1351 redux
946 1341 957 1357 ‚
984 1317 1056 1361 post
1067 1329 1120 1352 eas

233 1363 349 1404 lestas,
376 1363 418 1397 ab
429 1364 587 1398 omnibus
601 1363 771 1400 haberetur
783 1366 987 1411 Episcopalis
999 1367 1122 1413 Digni-

232 1413 311 1449 tatis
319 1411 386 1455 jam
398 1412 604 1449 Candidatus
619 1439 626 1447 .
642 1414 788 1451 Proinde
799 1418 890 1461 supra
901 1428 1120 1453 memoratum

230 1462 408 1507 perjurium
430 1463 475 1497 est
499 1465 669 1499 manifesta
691 1467 870 1503 calumnia.
902 1467 1055 1504 Secundo
1075 1468 1122 1503 di-

230 1513 353 1549 scimus
365 1537 377 1554 ,
402 1514 493 1558 quod
506 1515 721 1551 Alexandrini
735 1516 929 1552 Patriarchae
940 1520 1032 1553 suam
1045 1530 1121 1553 con-

231 1563 449 1599 secrationem
472 1564 655 1600 debuerunt
689 1568 797 1602 statim
819 1569 935 1603 referre
962 1569 1120 1604 Romano

232 1614 416 1655 Pontifici,
427 1615 494 1658 ejus
504 1616 793 1652 confirmationem
808 1619 967 1662 postulare
978 1644 989 1660 ‚
1015 1632 1053 1655 ac
1066 1619 1125 1654 ob-

230 1665 355 1700 tinere.
384 1664 429 1698 Et
450 1664 516 1699 hoc
539 1678 582 1700 ex
606 1678 699 1702 more
721 1667 903 1711 Majorum.
933 1670 1064 1714 Nempe
1083 1682 1124 1704 ex

232 1713 435 1759 Apostolico
449 1715 588 1750 Canone
601 1741 612 1756 ,
639 1718 838 1754 confirmato
859 1732 915 1763 per
926 1721 1051 1755 sextum
1063 1720 1098 1753 N
1102 1722 1125 1754 i-

230 1775 377 1800 eaenum.
405 1765 500 1800 Hinc
513 1766 693 1810 Imperator
703 1768 798 1802 Zeno
816 1771 955 1813 Joannis
974 1771 1125 1805 exsuffla-

231 1815 280 1856 ri,
307 1814 397 1850 Petri
420 1824 530 1850 autem
554 1817 655 1862 Mogi
678 1820 958 1855 consecrationem
972 1822 1126 1866 supplica·

231 1865 282 1900 vit
305 1865 508 1910 &Simplicio
521 1865 611 1911 Papa
623 1869 811 1904 confirmari
822 1894 830 1901 .
862 1870 909 1906 At
932 1870 1029 1915 hujus
1046 1883 1126 1906 con·

230 1916 351 1950 stantia
367 1926 522 1950 neutrum
544 1919 717 1952 conceffit.
745 1919 880 1953 Petrum
894 1943 906 1959 ‚
932 1921 1047 1963 utpote
1065 1923 1129 1954 sce·

229 1964 371 2000 letatum
381 1962 614 2008 Monachum,
642 1967 699 2010 qui
723 1967 758 2001 in
783 1968 854 2011 ipso
875 1969 975 2003 etiam
998 1969 1128 2013 Ephefi-

230 2026 277 2049 no
287 2015 485 2050 Latrocinio
495 2015 605 2049 turbas
618 2028 695 2050 curn
708 2015 897 2059 Eutychete
916 2030 1026 2062 egerat
1037 2043 1047 2058 ,
1075 2031 1126 2060 pe-

230 2064 322 2099 nitus
344 2064 485 2107 abjecit,
513 2064 651 2107 Joannis
673 2065 752 2099 vero
764 2067 1053 2100 confirmationem
1067 2068 1128 2100 sus-

232 2114 347 2159 pendit
366 2113 402 2147 in
428 2114 557 2157 plenius
570 2125 732 2156 examen,
760 2115 811 2149 vel
828 2116 862 2149 in
874 2117 1014 2160 gratiam
1034 2115 1126 2149 Prin-

230 2165 316 2207 cipis
331 2191 338 2199 .
364 2164 409 2199 Et
431 2162 483 2198 his
504 2164 647 2199 offensus
671 2165 766 2199 Zeno
790 2165 967 2211 Pergamio
991 2166 1126 2201 Duci&

232 2214 422 2257 Apollonio
449 2213 624 2259 Augustali
644 2215 766 2259 scripsit
792 2239 803 2256 ,
830 2226 867 2250 ut
890 2217 1054 2260 Joannem
1073 2217 1127 2250 eii-

231 2273 343 2298 cerent
357 2285 369 2302 ,
394 2262 860 2300 &Petruminthronizarent.
889 2267 935 2300 Et
950 2267 994 2300 ita
1012 2267 1128 2310 ejeiius

233 2315 376 2358 §oannes
399 2312 484 2346 abiit
507 2311 726 2348 Antiochiam
747 2337 758 2354 ‚
785 2316 819 2349 δε
839 2327 881 2350 ex
908 2315 1128 2351 calendionis

231 2362 374 2398 consilio
396 2362 474 2395 inde
497 2362 642 2397 Romam
668 2363 842 2408 appellavit
877 2377 916 2400 ac
944 2366 1054 2401 venit.
1082 2367 1127 2400 Et

232 2412 275 2447 de
301 2412 392 2455 ejus,
418 2411 497 2448 dum
520 2411 554 2445 in
581 2412 694 2448 urbem
718 2415 892 2458 pervenit,
918 2416 1126 2451 revestitione

233 2462 407 2498 Liberatus
427 2472 530 2496 tacet.
557 2462 650 2511 Qia
673 2463 790 2508 nempe
811 2464 954 2507 Joannes
981 2465 1026 2500 ob
1050 2478 1126 2510 pen-

233 2514 368 2547 dentem
386 2512 675 2548 confirmationem
688 2515 829 2549 necdum
840 2526 880 2549 ex
892 2515 1023 2561 integro
1034 2516 1124 2550 vesti-

235 2573 286 2598 tus
310 2564 431 2604 fuerat,
462 2562 605 2607 ideoque
629 2576 691 2599 nec
709 2576 750 2599 ex
772 2566 904 2610 integro
926 2566 1056 2609 spoliari
1070 2579 1124 2609 po·

234 2623 339 2648 tuerat
362 2624 421 2647 nec
444 2623 571 2655 poterat
596 2615 740 2649 revestiri
765 2640 772 2647 .
800 2616 873 2650 Nec
904 2627 958 2659 per
978 2617 1126 2658 Synoda-

234 2664 300 2700 lem
315 2689 324 2704 ‚
352 2674 408 2697 aut
433 2663 685 2707 Episcopalem,
712 2667 764 2699 sed
787 2677 843 2710 per
864 2666 964 2700 solam
986 2667 1123 2701 Laicam

234 2714 428 2748 violentiam
452 2724 519 2747 erat
542 2724 681 2756 exutus,
709 2714 850 2760 ideoque
873 2727 934 2750 nec
958 2727 1013 2760 per
1035 2716 1124 2759 Apo-

234 2763 383 2799 stolicam
395 2761 627 2799 authoritatem
650 2765 820 2800 videbatur
838 2766 1072 2801 revestiendus.

284 2813 473 2857 Simplicius
483 2815 567 2848 circa
579 2815 684 2859 ipsum
699 2817 827 2851 videtur
841 2816 924 2851 nihil
936 2816 1033 2861 egisse
1043 2815 1122 2859 judi-

236 2864 380 2898 cialiter.
407 2863 540 2898 studuit
563 2877 638 2899 eum
660 2866 725 2900 fine
745 2867 879 2910 strepitu
910 2878 1066 2910 reponere
1087 2867 1120 2900 in

236 2913 402 2955 Principis
427 2914 459 2947 δε
482 2916 746 2960 Acaciigratiam
762 2942 768 2949 .
795 2917 889 2952 Hinc
903 2918 997 2951 Felix
1011 2918 1121 2951 Ponti·

237 2963 295 2997 fex
308 2962 493 3003 inlitteris,
519 2965 638 3007 quibus
659 2978 713 3010 per
734 2967 880 3001 Vitalem
901 2968 934 3001 δε
955 2967 1121 3002 Misenum

237 3011 388 3047 evocavit
411 3012 570 3047 Acacium
583 3017 623 3050 ad
636 3018 728 3050 suum
749 3017 938 3058 Tribunal‚
964 3017 1063 3052 habet
1078 3018 1121 3051 in·

239 3071 289 3096 ter
310 3071 443 3096 caetera:
470 3065 686 3104 Superveniens
711 3070 823 3101 Frater
842 3070 875 3102 ζῆ·
902 3067 1121 3111 Co-Episcopus

240 3112 330 3151 noster
345 3116 376 3157 J
379 3123 489 3145 oannes
501 3137 511 3152 ,
531 3113 659 3157 fugatus
682 3116 721 3150 ab
740 3116 888 3151 haereticis·
907 3118 1122 3161 Pervafhribus

239 3163 324 3196 Sedis
348 3164 582 3201 Alexandrinae,
608 3165 736 3198 libellum
768 3169 874 3208 nobis,
900 3180 986 3210 quem
1007 3169 1123 3202 samsiae

240 3218 389 3246 memoriae
415 3213 616 3256 Praedeceffori
634 3226 694 3247 meo
708 3224 877 3257 paraverat
889 3220 1102 3262 porrigendum
1115 3242 1125 3258 ,

241 3263 368 3306 ingefflt.
396 3264 494 3305 ,Quem
518 3275 625 3296 morem
648 3267 775 3306 Majoris
789 3266 956 3309 suiBeatae
979 3270 1126 3302 memori'ae

243 3309 397 3351 Athanasii
417 3314 547 3354 exemplo
570 3315 604 3347 Θ·
626 3317 766 3348 Priorum
788 3317 946 3356 nostrorum
966 3330 1024 3352 non
1032 3324 1124 3360 potui·

242 3373 309 3395 mus
321 3361 469 3402 refutare.
497 3363 626 3398 Primus
639 3364 739 3409 igitur
749 3366 844 3400 Felix
854 3367 968 3410 judicii
991 3370 1124 3412 postula·

243 3411 366 3453 corium
390 3411 538 3453 libellum
562 3414 697 3457 suscepit
715 3415 731 3447 a
745 3416 891 3459 joanne,
918 3427 1014 3461 atque
1028 3420 1072 3453 ita
1084 3418 1127 3453 est

344 3460 451 3502 Christ.
463 3466 540 3506 Lupi
551 3469 650 3506 opem
656 3466 690 3498 T.
700 3468 782 3499 VIII.

1902 151 1993 193 339

1178 214 1312 247 exorsus
1333 212 1491 255 judicium
1504 237 1511 244 .
1538 213 1592 248 An
1605 216 1707 260 ipsum
1720 229 1798 253 cum
1819 218 1944 253 Acacio
1966 228 2063 253 certa-

1179 274 1288 298 turum
1311 263 1497 297 solemniter
1523 266 1716 301 revestiverit
1738 268 1829 310 juxta
1862 267 2062 303 sardicenses

1181 313 1359 352 Canones‚
1386 314 1524 357 ignoro.
1553 313 1650 347 Certe
1671 329 1736 350 non
1754 318 1814 353 fuit
1838 319 2063 356 necessarium.

1179 362 1299 407 Judicii
1311 363 1477 397 Proceffus
1491 364 1554 398 fuit
1566 364 1682 407 longus
1694 367 1727 399 ὅ(
1740 369 1954 403 multifarius.
1987 368 2063 411 Ejus

1180 414 1255 447 finis
1266 413 1329 448 fuit
1341 439 1351 453 ,
1379 414 1470 457 quod
1483 414 1576 448 Felix
1590 412 1737 448 Vitalem
1760 419 1792 451 ὃς
1808 419 1973 452 Misenum
1986 419 2063 462 Epi-

1180 463 1298 507 scopali
1311 464 1412 508 gradu
1426 490 1436 504 ‚
1463 464 1623 498 Acacium
1647 475 1756 498 autem
1770 467 1895 509 insuper
1916 479 2063 503 commu-

1182 514 1283 547 nione
1292 514 1439 554 exuerit,
1465 525 1502 546 ac
1514 515 1583 557 ipso
1593 514 1694 548 etiam
1709 515 1899 550 Christiano
1912 519 2064 552 nomine.

1181 564 1274 611 Qid
1288 564 1374 597 circa
1389 565 1547 607 Joannem
1561 565 1665 608 egerit
1680 589 1690 604 ,
1717 565 1853 609 exponit
1870 567 2037 602 Liberatus
2050 582 2062 601 .·

1174 617 1205 658 J
1209 626 1317 647 oannes
1329 617 1355 648 T
1355 613 1460 652 balay'a
1471 614 1586 648 habens
1600 613 1741 657 Episcopi
1751 616 1930 660 dignitatem
1950 628 2067 650 reman-

1175 662 1211 704 fit
1223 667 1325 697 Romae
1334 687 1345 703 ,
1370 670 1413 697 cui
1424 668 1513 706 Papa
1525 666 1677 698 Nolanam
1688 667 1771 699 dedit
1794 666 1950 708 Ecclefiam
1962 691 1972 705 ‚
2000 679 2067 709 quae

1180 713 1219 753 est
1230 720 1261 746 in
1271 717 1396 758 Regione
1405 718 1598 756 Campanus,
1608 721 1641 749 in
1650 727 1711 758 qua
1718 716 1863 757 plurimos
1877 716 2001 758 refidens
2012 729 2069 749 an-

1182 775 1232 796 nos
1253 769 1286 797 in
1310 774 1385 805 pace
1408 765 1565 806 defunHus
1588 765 1627 805 est
1644 790 1651 797 .
1679 766 1778 800 Liber
1805 766 2009 800 pontificalis
2031 769 2067 800 in

1182 813 1288 848 Sancti
1312 815 1433 850 Gelasii
1455 816 1520 849 vita
1537 815 1713 860 adjungit:
1742 817 1856 850 Eodem
1875 825 2003 859 tempore
2013 817 2066 858 fu·

1177 869 1264 906 giem·
1282 865 1426 906 Joannes
1448 867 1672 899 Alexandrinus
1705 866 1868 909 Episcopus
1896 868 2068 901 catholicus

1183 919 1267 946 venit
1279 918 1404 947 Romam
1420 916 1463 948 ad
1473 918 1577 950 Sedem
1599 915 1803 958 Apostolicam.
1832 919 1931 960 ,Quem
1952 921 2068 952 Beatus

1183 962 1311 1005 Gelafius
1318 962 1444 1010 suscepit
1453 977 1519 1000 cum
1527 968 1623 1010 gloria
1636 991 1643 998 .
1671 971 1730 999 Cui
1753 972 1844 1000 etiam
1865 966 2074 1010 &secundam

1182 1014 1427 1056 Sedempraebuit
1442 1040 1449 1050 ,
1478 1016 1581 1051 Poffit
1591 1027 1693 1051 errare
1703 1018 1737 1050 in
1761 1020 1918 1061 persona:
1947 1018 1989 1052 Et
2014 1020 2072 1052 Fe-

1184 1061 1255 1096 licis
1265 1073 1347 1107 opus
1360 1066 1615 1101 transcriberein
1629 1068 1792 1103 Gelasium
1810 1093 1817 1100 .
1845 1067 1990 1101 Proinde
2012 1069 2072 1102 Fe-

1184 1111 1230 1146 lix
1241 1111 1398 1155 Ioannem
1410 1115 1507 1159 plene
1528 1117 1669 1152 reddidit
1695 1116 1926 1153 Alexandrino
1943 1118 2072 1161 Episco-

1183 1162 1271 1206 patui
1294 1186 1307 1203 ‚
1332 1164 1367 1197 &
1401 1166 1451 1199 uti
1474 1177 1587 1200 verum
1618 1167 1826 1202 Alexandriae
1849 1168 2071 1203 patriarcham

1182 1211 1326 1257 gloriose
1346 1213 1493 1248 trastavit
1517 1214 1552 1248 in
1564 1214 1738 1249 omnibus:
1769 1219 1810 1250 Ei
1832 1219 1867 1251 in
1887 1219 1940 1252 sua
1951 1220 2073 1254 Roman

1184 1274 1226 1297 na
1239 1261 1377 1304 synodo
1388 1262 1477 1296 dedit
1489 1265 1662 1297 secundam
1678 1265 1822 1299 Sedem.-
1845 1266 1892 1299 At
1914 1271 2073 1310 quoniam

1185 1311 1387 1347 schismatica
1403 1312 1567 1356 Principis
1580 1311 1736 1348 violentia
1748 1314 1852 1356 ipsum
1864 1326 1934 1350 non
1946 1318 2076 1360 permit-

1183 1362 1271 1397 rebat
1280 1362 1395 1406 reponi
1408 1364 1441 1396 in
1454 1362 1635 1398 Thronum
1650 1388 1660 1403 ,
1685 1364 1715 1398 ei
1734 1365 1828 1398 Felix
1845 1364 1936 1400 dedit
1951 1367 2077 1401 Nolen-

1184 1414 1251 1447 sem
1267 1413 1445 1448 Ecclesiam
1458 1426 1468 1456 3
1480 1413 1610 1448 videtur
1621 1414 1793 1450 dumtaxat
1815 1418 2074 1451 commendasse.

1185 1462 1361 1511 Qidqnid
1382 1463 1445 1504 fit,
1471 1464 1613 1507 Joannes
1636 1466 1758 1508 semper
1781 1466 1915 1499 retinuit
1941 1466 2077 1500 Patriar-

1186 1515 1253 1549 chae
1263 1513 1460 1559 dignitatem
1474 1514 1507 1548 ὃς
1519 1515 1653 1549 titulum
1663 1540 1674 1555 ‚
1703 1516 1737 1550 ἀ
1748 1515 1908 1550 honorem
1930 1517 2076 1551 secundae

1186 1564 1278 1598 Sedis
1291 1589 1298 1596 .
1327 1564 1434 1598 Etiam
1472 1565 1566 1599 Felix
1585 1565 1677 1601 addit
1699 1563 1766 1600 haec
1789 1567 1902 1601 omnia
1921 1567 2077 1610 &Joanne

1186 1614 1227 1649 ad
1240 1615 1348 1649 Sancti
1362 1614 1531 1649 Athanasii
1544 1638 1555 1655 ,
1583 1615 1599 1648 ὲ
1613 1616 1642 1649 se
1653 1617 1705 1659 agi
1718 1616 1759 1650 ad
1772 1616 1920 1659 exempla
1941 1619 2075 1651 suorum

1189 1665 1438 1699 Antecenorum
1450 1690 1458 1698 .
1487 1665 1531 1699 Et
1544 1664 1610 1707 ejus
1621 1677 1704 1709 opus
1724 1666 1910 1701 constanter
1923 1668 2079 1711 approba-

1187 1716 1235 1748 vit
1255 1715 1365 1750 omnis
1386 1716 1512 1759 semper
1534 1714 1751 1751 orthodoxus
1774 1718 1916 1750 Oriens.
1945 1718 1987 1751 Et
2011 1719 2077 1760 ipsa

1187 1765 1288 1799 etiam
1314 1764 1480 1800 Acaciana
1505 1766 1764 1801 Fastiotandem
1779 1767 1966 1809 acquievit,
1994 1767 2080 1800 Aca-

1188 1816 1277 1850 cium
1300 1815 1448 1860 legitime
1459 1817 1652 1850 damnatum
1665 1816 1841 1860 profitens,
1869 1818 1902 1851 &
1924 1817 1993 1860 ejus
2014 1829 2079 1851 no—

1189 1876 1263 1900 men
1277 1865 1390 1915 indens
1400 1866 1417 1900 ὲ
1429 1866 1522 1900 sacris
1535 1866 1653 1901 tabulis
1665 1892 1672 1900 .
1702 1867 1812 1901 Etiam
1827 1878 1949 1901 nomen
1971 1869 2080 1902 Zeno-

1190 1915 1241 1948 nis
1252 1915 1459 1956 Imperatoris
1470 1942 1478 1949 .

1239 1965 1341 1999 Hanc
1368 1964 1625 2007 appellationem
1647 1966 1774 2000 strenue
1800 1968 1932 2007 laudat,
1959 1969 1992 2002 δε
2014 1968 2081 2010 ejus

1189 2014 1358 2047 occasione
1371 2015 1522 2056 antiquas
1534 2015 1681 2049 Ecclefiae
1694 2016 1841 2060 Regulas
1860 2030 1897 2051 ac
1910 2030 2016 2052 mores
2029 2030 2083 2051 ex-

1191 2063 1286 2104 ponit
1300 2063 1432 2095 Sansms
1446 2062 1595 2097 Gelafius
1608 2064 1642 2096 in
1656 2064 1928 2099 Commonitorio
1950 2067 1988 2099 ad
2002 2068 2084 2101 Fau·

1190 2111 1296 2151 stum,
1325 2111 1383 2145 sub
1405 2109 1623 2147 Theoderico
1645 2114 1746 2147 ltaliae
1774 2114 1869 2160 Rege
1883 2116 2082 2160 Magistrum

1190 2162 1388 2196 officiorum
1403 2185 1413 2201 ,
1439 2173 1476 2196 ac
1499 2163 1640 2206 ejusdem
1664 2163 1829 2210 Principis
1849 2165 2013 2210 Legatum
2038 2167 2080 2201 ad

1191 2213 1422 2255 Imperatorem
1447 2212 1656 2247 Anaflafium
1669 2228 1679 2247 .-
1708 2218 1806 2247 Graeci
1826 2216 1909 2248 nobis
1929 2225 2080 2258 opponunt

1191 2266 1331 2295 Canones
1354 2286 1364 2302 ,
1392 2264 1464 2295 dum
1490 2263 1623 2306 nesciunt
1649 2267 1726 2305 quid
1748 2267 1908 2308 loquantur
1929 2293 1935 2299 .
1964 2271 2079 2300 Contra

1189 2323 1258 2354 quos
1280 2311 1331 2345 boc
1344 2311 1406 2355 1·pr
1419 2320 1522 2346 venire
1537 2311 1568 2356 se
1587 2315 1741 2356 produnt,
1767 2318 1848 2357 quod
1863 2323 1972 2357 primae
1985 2319 2079 2357 sedi,

1185 2361 1266 2405 sana
1290 2362 1427 2404 ullaque
1445 2361 1608 2404 suadenti,
1631 2372 1742 2404 parere
1760 2365 1905 2408 fugiunt.
1936 2367 1997 2408 Ipfi
2009 2366 2081 2410 sunt

1189 2417 1327 2446 Canones
1341 2436 1352 2452 ,
1378 2418 1429 2453 qui
1443 2415 1656 2453 appellationes
1679 2422 1768 2446 totius
1781 2416 1916 2456 Ecclefiae
1936 2418 1981 2448 ad
1988 2415 2080 2458 hujus

1190 2463 1275 2497 sedis
1287 2473 1412 2495 examen
1425 2462 1542 2496 voluere
1553 2463 1665 2503 defhrri
1678 2488 1685 2494 .
1713 2464 1758 2495 Ab
1768 2464 1837 2506 ipsa
1849 2468 1920 2498 vero
1933 2466 2078 2508 nosquam

1189 2512 1339 2554 appellari
1351 2511 1454 2545 debere
1461 2510 1651 2554 sanxerunt,
1680 2522 1777 2554 acper
1799 2513 1849 2547 boc
1862 2516 1946 2548 illam
1969 2517 2006 2549 de
2016 2527 2079 2550 tota

1188 2560 1313 2602 Ecclesia
1330 2562 1467 2604 judicare
1480 2586 1489 2601 ‚
1516 2561 1611 2605 ipsam
1625 2565 1670 2596 ad
1687 2565 1796 2597 nullius
1817 2576 1976 2598 commeare
1990 2569 2081 2608 judi-

1187 2618 1262 2645 cium
1272 2637 1282 2652 ,
1313 2623 1365 2646 nec
1377 2613 1414 2646 de
1426 2614 1488 2653 ejus
1499 2615 1633 2656 unqucim
1650 2621 1858 2655 praeceperunt
1869 2618 1984 2655 judicio
1986 2619 2078 2657 judi-7

1187 2668 1268 2700 cari,
1292 2659 1529 2704 sententiamque
1555 2665 1636 2696 illius
1650 2664 1858 2702 constituerunt
1880 2677 1937 2699 non
1947 2676 2078 2708 oportere

1187 2712 1302 2755 dissolvi
1316 2737 1326 2753 ,
1352 2715 1436 2753 cujus
1444 2715 1544 2754 potius
1558 2717 1684 2748 Decreta
1700 2713 1854 2757 sequenda
1866 2718 2057 2751 mandarunt
2066 2743 2073 2750 .

1188 2763 1344 2796 Etinfra:
1375 2763 1473 2795 Nobis
1497 2763 1644 2806 ausissent
1657 2764 1768 2805 facere
1781 2769 1938 2799 Canonum
1959 2774 2077 2800 mentio—

1186 2824 1251 2846 nem
1263 2836 1274 2852 ,
1300 2821 1403 2846 contra
1413 2824 1482 2854 quos
1491 2812 1606 2856 semper
1627 2815 1834 2849 ambitionibus
1858 2817 1970 2850 illicitis
1975 2818 2075 2860 fecisse

1185 2862 1401 2902 monstrantur.
1428 2866 1501 2906 ,Qua
1524 2864 1579 2905 ipsi
1595 2866 1723 2905 synodo,
1751 2868 1804 2899 vel
1819 2865 1982 2909 secundum
1992 2870 2075 2908 cujus

1185 2915 1288 2951 synodi
1301 2912 1436 2953 formam
1450 2915 1689 2947 Alexandrinum
1693 2919 1726 2960 J
1729 2928 1852 2950 oannem
1871 2917 1908 2950 de
1923 2917 2053 2958 Ecclesia,
2063 2942 2075 2958 ,

1183 2968 1228 2996 cui
1244 2964 1400 2995 ordinatus
1425 2963 1555 3005 fuerat,
1580 2967 1752 3006 expulerunt
1774 2966 1791 2997 ,ἶ
1817 2969 1883 3010 ,Qui
1906 2969 1995 3001 nullis
2013 2973 2075 3002 ev}-

1184 3013 1321 3046 dentibus
1353 3024 1403 3046 nec
1433 3023 1505 3046 ante
1526 3021 1659 3048 convinci
1678 3038 1689 3053 ‚
1715 3027 1765 3049 nec
1782 3017 1881 3058 posteri
1906 3025 2073 3059 provocans

1184 3070 1276 3098 etiam
1288 3065 1439 3103 injudicio
1468 3071 1641 3105 competenti
1657 3072 1754 3106 potuit
1774 3065 1921 3109 accusari.
1950 3068 1993 3102 Et
2004 3078 2074 3103 tan·

1185 3115 1280 3148 dem:
1308 3116 1381 3156 ,Qua
1404 3114 1564 3147 traditione
1586 3118 1735 3155 Majorum
1759 3118 1863 3150 sedem
1887 3117 2072 3159 apostolicam

1185 3166 1372 3204 injudicium
1393 3166 1522 3198 vocant?
1550 3163 1727 3201 Acacianae
1750 3167 1916 3202 Factionis
1935 3168 2074 3206 Sediator

1187 3226 1233 3248 res
1245 3240 1253 3255 ,
1282 3212 1430 3247 authoris
1454 3214 1500 3247 sui
1510 3214 1574 3257 jam
1595 3215 1739 3251 defuncti
1756 3228 1878 3252 nomen
1889 3215 2073 3251 detrectan-

1187 3275 1233 3299 tes
1257 3265 1363 3298 radere
1383 3263 1401 3296 ἐ
1423 3263 1520 3298 sacris
1544 3265 1685 3306 tabum,
1713 3266 1915 3301 blaterabant
1939 3268 2071 3310 ipsum&

1189 3315 1296 3348 Felice
1309 3314 1405 3349 tertio
1425 3324 1493 3348 non
1508 3314 1590 3348 reste
1602 3315 1812 3354 damnatum:
1840 3316 1941 3363 Qod
1957 3316 2071 3365 Regiae

1189 3366 1330 3400 civitatis
1344 3363 1521 3407 Episcopus
1534 3377 1601 3400 non
1615 3365 1633 3398 a
1646 3366 1715 3402 solo
1728 3367 1834 3410 Papa,
1864 3365 1919 3399 sed
1933 3366 1950 3399 a
1964 3365 2071 3399 Gene-

1191 3413 1395 3458 raliSynodo
1407 3415 1513 3450 fuisset
1524 3414 1752 3455 damnandus.
1783 3416 1826 3451 Et
1850 3414 2070 3458 provocabant

1632 3466 1659 3498 F
1684 3465 1703 3497 f
1747 3477 1769 3502 z
1979 3464 2020 3502 ad
