2326 3718
719 128 1002 174 ROMAms
1039 125 1635 170 Appntanomnus.

257 215 287 249 Ιδ
298 214 394 258 fufius
411 213 488 249 banc
500 217 651 248 Martiaeni
671 213 790 256 causam
807 213 974 253 txcufflmus
984 237 997 254 ‚
1020 219 1056 246 ut
1077 208 1128 242 boc

251 277 315 300 uno
323 266 473 306 exemplo,
498 266 580 306 quod
602 264 684 298 nobis
698 275 742 297 en
749 268 905 305 primaeva
925 265 981 297 illa
992 265 1143 303 antiqui--

260 322 323 347 uie
341 313 653 358 Gallicanafieperest,
673 319 852 349 ¹omit-'crimus
873 314 951 347 nullo
962 314 1020 350 aiio
1036 312 1143 351 judi--

254 368 297 398 cio
307 365 492 399 Gallicanum
511 365 562 408 effe
583 372 776 408 praeventum
791 389 801 403 ‚
827 365 906 397 nullo
915 362 1107 397 retr-afflatum
1121 385 1131 395 Α.
1157 375 1161 376 ’

247 416 332 448 Tota
340 411 418 448 enim
438 412 472 448 in
482 416 754 460 comprovinciales
766 418 828 456 Epi
825 414 925 457 scopos
940 411 1070 451 Potestas
1078 420 1128 452 pe-

253 474 308 498 nes
319 466 466 505 synodicos
484 470 658 499 Conventus
681 463 825 506 rqfi‘debat
835 489 847 505 ,
870 474 938 500 tum
953 469 985 496 in
997 462 1106 494 Galliis
1120 484 1130 500 ,

250 520 317 547 tum
338 520 375 548 ‚in
397 517 472 550 ,aliis
495 515 671 558 legionibus
696 539 704 547 .
744 515 940 559 Respondeo
964 511 1126 546 Martiani

251 565 443 609 exemplum
452 578 522 601 non
534 566 671 608 spestare
681 562 720 599 ad
731 567 915 608 praesentem
930 564 1130 598 Controver-

254 614 331 648 fiam
342 639 354 656 ,
372 613 511 661 ideoque
524 614 687 658 perperim
700 614 792 651 fuisse
800 614 1000 651 adductum:
1029 611 1072 645 Et
1083 610 1128 644 di-

254 665 394 700 scussum
402 665 468 701 fuit
479 665 581 709 longe
593 665 775 700 infelicius..
801 665 845 701 Et
857 663 947 708 quod
962 663 1077 697 datum
1091 660 1131 694 de

253 714 644 751 Martianossaiiieanum
658 715 823 758 Iudicium
834 739 845 754 ,
873 712 965 747 nullo
985 713 1054 747 alio
1064 712 1131 745 fue-

253 764 297 798 rit
304 774 500 807 praeventum
511 789 523 805 ‚
549 766 583 799 δε
598 774 707 800 verum
719 765 764 798 est
775 787 786 805 ‚
813 765 847 798 ἀ
858 764 990 797 falsum.
1011 761 1069 795 Est
1081 772 1131 795 ve-

252 823 350 854 rum,
371 815 452 861 quia
475 817 604 850 nullum
623 815 663 851 de
682 815 752 858 ipso
769 815 815 848 est
839 815 958 848 fastum
973 813 1008 847 in
1019 812 1130 847 Gallia

251 863 426 909 judicium
435 889 448 906 ,
459 864 597 910 ideoque
610 877 670 900 nec
680 868 880 909 prae'ventum
892 888 899 895 .
926 861 1059 897 Etenim
1072 872 1131 895 nec

253 911 451 951 Arelatensis
472 915 652 948 Provinciae
677 914 852 947 Antistites
871 937 884 953 ,
911 923 972 946 nec
993 911 1126 956 Lugdu-

252 962 402 997 nensium
421 962 638 1005 Metropolim
666 962 839 998 Faustinus
865 963 1130 1006 praesumpserunt

247 1011 294 1046 de
304 1011 610 1057 hominejudicare.
638 1012 711 1047 Nec
733 1014 814 1047 citra
836 1011 1131 1056 praevaricationem

249 1070 448 1105 potuerunt.
460 1063 596 1097 Dictum
610 1060 692 1096 istud
703 1063 748 1096 est
761 1062 891 1109 penitus
903 1063 1018 1097 falsum
1029 1086 1040 1102 ,
1053 1064 1131 1106 quia

249 1110 402 1146 lucidum
414 1111 448 1147 ἀ
457 1113 663 1158 exploratum
681 1113 740 1155 est,
750 1113 839 1158 quod
853 1112 1034 1157 Stephanus
1045 1111 1132 1147 Pon-

248 1161 336 1197 tifex
352 1161 492 1205 primam
504 1163 545 1197 de
554 1162 726 1199 Martiano
745 1163 972 1208 cognitionem
986 1162 1134 1198 institue·

249 1211 297 1246 rit
317 1236 328 1252 ,
350 1212 388 1246 isc
410 1213 536 1256 primus
562 1213 668 1257 ipsum
687 1213 891 1249 damnaverit
906 1240 914 1248 .
945 1213 980 1247 si
999 1212 1073 1259 quis
1096 1213 1131 1247 &

249 1261 336 1296 nlius
345 1261 530 1304 damnarit„
547 1262 715 1299 damnavit
727 1276 768 1298 ex
779 1262 936 1308 Stephani
949 1262 1132 1308 praeceptio·

250 1322 296 1346 ne
306 1336 314 1344 .
382 1312 448 1347 uod
462 1314 544 1347 olim
557 1314 653 1357 plena
673 1314 709 1348 in
720 1313 944 1349 provinciales
955 1314 1130 1349 Antistites

249 1360 458 1399 damnandos
478 1364 615 1397 facultas
647 1364 798 1400 resederit
826 1374 924 1408 penes
949 1364 1134 1400 Provincia

247 1410 407 1453 synodos
429 1436 441 1454 ,
465 1412 573 1448 libens
593 1412 734 1449 admitto
755 1428 767 1449 .·
796 1413 924 1449 Verum
944 1413 1133 1450 nullatenus

249 1461 405 1503 excludi,
424 1463 458 1497 ὃς
468 1463 761 1501 damnatis-auferri
773 1465 868 1508 poffit
880 1465 1017 1502 facultas
1027 1463 1133 1509 appel-

250 1510 345 1545 landi
356 1536 364 1545 .
391 1512 454 1546 Ista
465 1513 610 1548 exclusio
622 1515 669 1546 est
681 1514 975 1546 nonvsolnmmodo
986 1516 1021 1545 in
1031 1515 1133 1555 Papa·

250 1558 342 1599 lem,
370 1559 424 1594 sed
450 1560 530 1594 &in
549 1560 808 1596 patriarchalem
829 1559 1064 1595 authoritatem
1085 1561 1134 1600 in-

250 1607 472 1649 juriofiffima.
491 1609 575 1640 ‘Nec
586 1610 747 1640 Eusebius
760 1608 1045 1648 Nicomediam,
1072 1621 1134 1644 nec

249 1653 416 1695 Photius,
441 1665 505 1689 nec
523 1652 674 1690 Michael
696 1656 904 1697 Cerularius‚
932 1668 994 1691 nec
1015 1657 1088 1699 quis
1098 1658 1133 1690 ii-

249 1705 384 1740 milium
405 1704 525 1741 fincum
546 1705 631 1740 alius
652 1706 733 1741 talia
745 1717 892 1752 unquam
914 1717 1049 1742 vomere
1057 1717 1133 1752 prz-

251 1755 386 1798 sumpsit
396 1754 432 1789 in
444 1753 696 1790 Patriarchalem
708 1757 920 1802 Dignitatem
933 1782 941 1790 .

303 1804 489 1841 Audiamus
499 1806 640 1850 primurn
651 1806 811 1841 Paschafii
824 1806 996 1856 Qesnelli
1004 1808 1031 1842 F
1032 1807 1132 1843 unda·

251 1865 426 1892 mentum:
457 1858 557 1898 Hujus
565 1860 654 1899 porra
673 1856 837 1901 disciplinae
859 1856 977 1901 causam
1001 1860 1132 1901 &origi-

252 1916 325 1939 mm
335 1930 347 1946 ,
372 1911 406 1939 in
415 1905 604 1951 Episcopalis
619 1908 781 1952 dignitatis
792 1917 903 1942 natura
914 1932 924 1948 ‚
937 1920 972 1942 ac
977 1907 1141 1952 sacrosan-'

214 1984 217 1986 ,
250 1955 312 1991 His
326 1957 495 2001 Privilegiis
501 1957 672 1999 fundatam
684 1962 720 1991 N
721 1964 816 1992 icaena
827 1959 911 1993 nobis
922 1961 941 1991 5
937 1960 1050 1998 ,nodus
1061 1968 1130 2000 ape-

250 2010 318 2047 rit,
342 2018 411 2049 quae
424 2009 480 2048 jus
494 2008 573 2041 iilud
579 2020 637 2042 non
653 2007 924 2053 scripuanscripris
935 2009 1132 2050 Carnutibus,

251 2060 347 2090 sotius
358 2059 466 2091 Mundi
476 2064 646 2092 reverentia
657 2059 828 2103 consecratis
838 2083 849 2100 ,
862 2059 971 2104 sanxit
980 2069 1073 2102 atque
1078 2058 1132 2101 fir-

250 2112 374 2139 mavit.
401 2109 446 2141 Sic
465 2114 544 2141 enim
559 2107 593 2151 se
616 2108 706 2142 babet
725 2114 832 2142 Canon
843 2116 981 2152 quintus.
1010 2108 1131 2144 Deliis

254 2155 314 2198 qui
325 2157 561 2191 communione
580 2159 769 2201 privantur,
795 2160 850 2194 seu
871 2170 912 2193 ex
925 2159 1049 2200 Clero,
1074 2160 1131 2194 seu

253 2215 297 2238 ex
308 2205 415 2241 Laico
424 2206 560 2247 ordine,
585 2207 628 2241 ab
640 2208 809 2251 Episcopis
821 2233 832 2250 ,
850 2220 905 2252 per
918 2209 1131 2253 unamquam-

251 2264 319 2296 que
337 2253 550 2290 Provinciam
570 2258 728 2292 sententia
759 2258 935 2304 Regularis
956 2257 1129 2300 obtineat,

250 2314 291 2338 ut
315 2303 417 2348 hiqui
436 2304 655 2350 abjiciuntur,
679 2307 721 2342 ab
739 2307 814 2342 aliis
827 2320 895 2342 non
915 2309 1128 2352 recipiantur.

227 2396 234 2401 ι
253 2354 404 2396 Etpostea
415 2380 423 2388 .
449 2355 579 2390 Placuit
589 2357 685 2392 annis
697 2357 834 2403 singulis
851 2369 906 2402 per
917 2371 1145 2436 unamquam-‘

250 2413 318 2445 que
330 2405 540 2440 Provinciam
564 2407 656 2441 bisin
675 2418 765 2442 anno
775 2409 931 2444 Conciiia
949 2407 1129 2449 celebrari,

251 2463 294 2487 rut
303 2456 526 2489 communiter
536 2457 692 2491 omnibus
703 2458 794 2492 fimul
807 2459 975 2502 Epistopis
995 2438 1145 2504 congre-l

253 2504 339 2548 gatis
359 2504 575 2539 discutiantur
595 2506 753 2549 ejusmodi
774 2508 982 2551 quaestiones.
1007 2507 1136 2550 Tameifi

252 2558 334 2587 enim
343 2555 452 2587 Canon
475 2556 524 2588 ille
534 2556 733 2597 depositionem
748 2557 957 2600 Episcoporum
967 2564 1046 2593 inter
1055 2557 1131 2603 ejus-

252 2603 333 2637 modi
342 2603 512 2646 quaestiones
536 2617 593 2638 non
604 2605 730 2649 designet
748 2609 881 2649 expreffis
902 2609 1026 2650 verbis,
1053 2608 1130 2643 hunc

248 2659 414 2697 genuinum
434 2654 483 2699 effe
494 2659 628 2690 Canonis
646 2655 823 2699 sinsumfibi
836 2658 1053 2702 quisquc-facil?
1060 2668 1129 2701 per-

248 2700 389 2748 suadebit
410 2728 421 2745 ,
445 2711 498 2747 qui
524 2708 647 2739 Concilii
673 2707 992 2750 Constantinopolitani
1018 2713 1127 2743 Patres

251 2754 361 2787 audire
378 2754 507 2791 voluerit
519 2779 530 2794 ,
556 2760 678 2790 Canone
698 2756 750 2800 fito
764 2756 889 2801 sicando
911 2763 1127 2794 Nicaenumin·

250 2811 449 2847 terpretantes
462 2819 474 2839 .-
500 2806 581 2840 Non
596 2807 725 2841 invitati
739 2807 890 2853 Episcopi
903 2810 987 2844 ultra
997 2810 1128 2845 Dioece·

253 2853 312 2887 fim
323 2855 472 2890 accedere
484 2868 551 2890 non
564 2856 685 2892 debent
707 2859 800 2904 super
811 2859 1002 2894 ordinandis
1013 2859 1128 2904 aliqui·

253 2901 313 2937 bus
325 2928 335 2944 ‚
362 2906 412 2939 vel
431 2906 690 2951 quibuscumque
712 2906 922 2952 disponendis
936 2910 1128 2944 Ecclesiasti-

254 2952 301 2986 cis
312 2955 410 2989 causis
421 2980 431 2995 ,
458 2957 580 2991 servata
593 2959 722 3003 Regula
735 2983 747 3000 ,
772 2970 843 3003 quae
854 2960 1072 3004 supra-scripta
1081 2960 1127 2994 est

254 2999 297 3035 de
307 3013 495 3051 unaquaque
508 3008 646 3043 Dioecefi
659 3034 666 3042 .
679 3009 897 3044 Manifestum
911 3010 1104 3054 namqueest
1116 3034 1127 3052 ‚

253 3052 343 3107 q-uod
363 3057 564 3102 persingulas
583 3060 725 3106 quasque
737 3059 925 3095 Provincias
942 3061 1127 3095 Provincia-

256 3101 297 3134 lis
309 3101 457 3145 Synodus
467 3107 691 3144 administrare
714 3111 748 3145 ἀ
760 3111 942 3156 gubernare
954 3112 1065 3146 omnia
1076 3112 1127 3146 de-

254 3147 351 3191 beat,
377 3153 548 3192 secundum
574 3171 611 3193 ea
626 3171 696 3204 quae
710 3161 783 3195 sunt
804 3161 838 3196 in
850 3160 963 3196 Nicaea
976 3162 1126 3196 definita.

255 3201 521 3240 Administrationii
531 3209 668 3243 vocabulo
669 3212 788 3252 judicia
802 3213 952 3247 adversas
965 3211 1127 3256 Epist-opor

254 3251 463 3293 ‘'⁰mpreh‘nd1
487 3278 497 3294 2
522 3261 604 3299 aequc'
627 3272 662 3294 ac
688 3263 751 3295 alia
777 3268 890 3306 negotia
911 3262 1127 3304 Ecclefiaestica,

255 3300 379 3340 ostendit
399 3300 595 3344 illustrisfimu,
620 3312 729 3345 Petrus
755 3314 792 3346 de
813 3316 916 3347 Marcu
939 3339 946 3346 .
973 3316 1018 3347 Er
1038 3313 1127 3355 hujus

253 3356 511 3393 interpretationii
524 3354 742 3398 adstipulames
761 3362 885 3396 bahem„
886 3377 901 3397 s
914 3365 1038 3398 eom-im
1052 3363 1127 3406 Afri-

252 3407 323 3439 ΜΗ
348 3403 457 3439 Patres
475 3430 486 3447 ‚
512 3411 544 3439 in
567 3406 682 3449 epistola
706 3412 750 3444 ad
768 3413 957 3454 Caelestinum
984 3418 1124 3456 Papam,

1943 138 2010 185 47

1197 204 1327 251 quemfic
1334 207 1528 250 alloquuntur
1539 218 1547 239 :
1569 207 1710 243 Decreta
1723 206 1860 244 Nicone
1869 206 1933 244 five
1944 208 2077 245 inferio·

1196 259 1239 292 ris
1248 255 1367 303 gradus
1377 257 1525 292 Clericos
1537 280 1548 296 ‚
1565 256 1629 290 five
1639 257 1725 300 ipsos
1735 259 1915 304 Episcopos
1928 260 1945 293 s
1943 260 1993 294 uis
2005 259 2078 295 Me-

1194 307 1405 352 tropolitanis
1424 305 1619 354 apertiffime
1639 308 1874 345 commiserunt
1891 335 1902 343 .
1930 310 2077 346 Pruden-

1183 357 1311 393 ·⁷tiffime
1320 358 1409 394 enim
1418 383 1429 400 ,
1456 355 1689 401 justiffimeque
1700 355 1850 393 viderunt
1861 371 2076 404 quascumque

1195 409 1329 454 negotia
1353 408 1389 442 in
1400 408 1465 444 suis
1488 408 1570 442 locis
1583 432 1595 450 ,
1619 407 1675 442 ubi
1697 417 1769 441 orta
1787 409 1860 442 sunt
1875 433 1885 448 ‚
1909 411 2076 446 finienda.

1195 458 1457 504 Necunicuique
1466 458 1651 506 Provinciae
1660 457 1803 503 gratiam
1816 460 1924 493 Sancti
1940 460 2077 503 Spiritus

1193 509 1377 545 defuturam
1389 533 1400 549 ,
1422 521 1487 554 qua
1508 509 1642 552 aequitas
1660 507 1682 542 ὲ
1695 507 1820 543 Christi
1845 508 2076 545 Sacerdotibus

1193 560 1228 594 ὅτ.
1250 559 1423 604 prudenter
1442 559 1611 600 videatur,
1631 559 1669 593 2&
1692 558 1950 593 constantissime
1970 568 2076 594 tenet·

1193 620 1246 643 tur
1256 623 1264 643 :
1275 638 1278 639 γ
1290 610 1428 644 Maxme
1439 610 1516 654 quia
1527 609 1706 653 unicuique
1715 609 1923 649 concessum,
1953 608 1975 642 fi
1990 609 2082 652 Judi-

1193 659 1247 693 cio
1257 659 1399 694 offensus
1409 660 1506 695 fuerit
1516 659 1746 705 Cognitorum
1760 683 1771 700 ,
1787 659 1830 694 ad
1842 658 2000 695 Concilia
2015 660 2079 693 suae

1193 708 1393 751 Provincia,
1421 711 1472 745 vel
1483 712 1583 746 etiam
1606 710 1787 746 universale
1797 719 1994 755 provocare.
2020 712 2079 741 Ei-

1192 759 1258 791 dem
1277 758 1434 802 sententiae
1451 758 1659 804 suffi'agantar
1669 762 1856 796 Innoeentins
1871 763 1960 803 Papa
1969 764 2004 792 in
2017 763 2080 801 epi-

1185 807 1260 848 stota
1279 811 1324 842 ad
1333 810 1504 845 Viam-ium
1521 809 1703 853 Epiliopum
1725 809 2013 855 Rotbomaegensein,
2040 810 2076 843 ὁ·

1193 860 1317 893 concilii
1328 859 1499 894 Antiocbeni
1510 867 1618 896 Canon
1630 862 1898 903 decimus-quintus
1912 883 1922 899 ‚
1950 870 2006 902 quo
2016 858 2081 899 sta-

1191 915 1285 943 tuitur
1291 908 1473 953 sentennam
1486 911 1525 944 ab
1535 910 1670 945 omnibus
1685 909 1845 953 Episcopis
1870 910 1993 951 alicujus
2009 912 2081 943 Pro-

1191 965 1302 994 vinciae
1318 961 1417 995 ,latam
1427 961 1466 994 ab
1485 962 1556 996 aliis
1573 959 1730 1007 Episcopir
1747 959 1910 997 retrudat}
1925 971 1978 994 nec
1990 959 2082 994 debe·

1190 1019 1224 1042 rc
1254 1033 1266 1049 ,
1294 1019 1344 1042 nec
1359 1010 1455 1051 poffi.

1244 1057 1303 1092 Est
1328 1059 1491 1094 caducum
1517 1060 1770 1096 fundamentum
1792 1087 1806 1106 ,
1838 1062 2016 1098 consutum
2040 1070 2085 1095 ex

1196 1107 1308 1143 multis
1319 1107 1501 1144 erroribus.
1526 1106 1657 1142 Primus
1680 1119 1769 1144 error
1789 1110 1860 1153 est,
1886 1109 2087 1156 quodfquiix-

1195 1170 1247 1193 tus
1268 1158 1422 1195 Niaenus
1442 1157 1566 1193 Canon
1577 1167 1655 1202 agat
1667 1158 1766 1191 etiam
1786 1159 1830 1191 de
1847 1162 2087 1204 Episcoporum

1195 1209 1453 1252 depositionibus
1465 1234 1475 1250 ‚
1488 1219 1545 1243 aut
1555 1209 1630 1242 aliis
1641 1207 1677 1241 in
1691 1207 1778 1250 ipsos
1790 1207 1960 1242 sententiis
1971 1231 1979 1239 .
2005 1209 2087 1243 M2.

1194 1259 1310 1294 nifeste
1331 1260 1400 1305 agit
1412 1259 1454 1293 de
1474 1260 1551 1296 solis
1565 1256 1792 1292 criminalibus
1812 1256 1850 1292 in
1863 1256 2010 1293 clericos
2029 1266 2087 1293 aui:

1195 1310 1316 1345 Laicos
1325 1309 1479 1355 Iudiciis,
1508 1308 1643 1344 Etenim
1670 1308 1740 1352 agit
1752 1308 1794 1343 de
1816 1307 1917 1342 unius
1931 1306 2087 1351 Episcopi

1193 1360 1320 1404 judicio
1335 1385 1347 1402 ,
1373 1359 1577 1395 reformabili
1605 1370 1660 1404 per
1679 1357 1866 1405 Provincia
1889 1357 2084 1400 synodum.

1194 1410 1289 1445 Hinc
1299 1410 1456 1454 Dionysii
1466 1410 1595 1456 ‘Exigui
1628 1434 1641 1451 ,
1661 1420 1760 1451 quem
1775 1409 1972 1456 Qesnellus
1983 1407 2088 1452 sequi—

1194 1471 1247 1494 tur
1257 1484 1268 1501 ,
1279 1460 1451 1495 translatio
1460 1460 1615 1507 adjungit
1623 1472 1634 1494 ι
1664 1463 1694 1494 E
1697 1471 1710 1495 i
1714 1458 1754 1501 fic
1764 1466 1816 1503 qui
1825 1457 1882 1504 suo
1888 1463 2085 1501 peccaverint

1195 1509 1358 1554 Episcopo.
1385 1510 1601 1547 EtGentiani
1614 1510 1754 1546 Herveti
1767 1508 1941 1545 translatio
1958 1522 1968 1544 ι
1995 1507 2085 1550 Etsic

1194 1570 1264 1600 quos
1275 1560 1455 1602 Episcopum
1475 1560 1625 1602 offendiffe
1645 1559 1824 1600 constiterit.
1853 1559 1897 1594 Et
1909 1558 2084 1595 translatio

1194 1606 1309 1642 Ifidori
1322 1608 1536 1642 Mercatoris:
1562 1610 1665 1650 ὧραι
1673 1610 1710 1641 ob
1718 1611 1820 1650 culpas
1844 1608 1916 1650 suas
1926 1608 2088 1650 Episcopo·

1194 1666 1261 1687 rum
1275 1656 1396 1696 fiam
1410 1656 1538 1698 iffensas
1549 1659 1654 1690 merita
1664 1662 1873 1690 contraxerint
1885 1671 1900 1688 .·
1922 1657 1965 1690 Et
1979 1656 2088 1691 Ruffi·

1194 1703 1696 1746 niPresbyterioompendium:
1721 1707 1760 1736 Ut
1775 1704 1888 1744 fifm?
1901 1705 1940 1736 ab
1960 1711 2086 1738 unoini-

1192 1754 1248 1798 qu?
1257 1752 1493 1797 aliqus‘dgestum
1501 1752 1561 1794 est,
1584 1755 1738 1787 Bcaeteris
1759 1754 1929 1787 mendetur
1941 1779 1949 1787 .
1973 1754 2023 1788 At
2035 1766 2086 1790 ve-

1193 1804 1231 1839 τὸ
1256 1815 1341 1838 unus
1353 1803 1535 1848 Episcopus
1559 1803 1674 1848 nequit
1695 1802 1874 1847 Collegam
1896 1804 2085 1847 deponere,

1193 1863 1250 1889 aut
1259 1854 1377 1899 quovis
1388 1853 1491 1888 modo
1504 1853 1718 1888 criminaliter
1729 1852 1874 1897 judicare
1886 1879 1894 1887 .
1921 1853 1997 1890 Nec
2011 1854 2084 1889 Me-

1193 1905 1350 1948 tropolita
1364 1928 1376 1945 ,
1394 1904 1501 1939 immo
1517 1916 1577 1938 nec
1588 1902 1775 1938 Patriarcha
1786 1902 1820 1937 id
1832 1903 1929 1947 posfit
1939 1904 1974 1938 in
1987 1905 2083 1939 fixum

1193 1956 1439 2000 Suffraganeum
1454 1979 1463 1987 .
1491 1954 1580 1989 Fieri
1601 1955 1716 1999 nequit
1740 1966 1752 1994 4
1781 1952 1842 1988 nist
1871 1965 1927 1999 per
1949 1954 2082 1998 plenam

1196 2005 1380 2040 Provincia
1403 2004 1579 2049 Synodum
1599 2029 1611 2045 ‚
1636 2015 1693 2040 aut
1720 2003 1795 2039 sane
1822 2015 1878 2048 per
1902 2003 2081 2040 definitum

1192 2054 1432 2100 Episcoporum
1452 2055 1550 2090 fimul
1558 2067 1636 2091 cum
1654 2055 1872 2101 Metropolim
1886 2065 2060 2090 numerum
2071 2080 2079 2088 .

1192 2106 1565 2151 Constantinopolitana
1592 2105 1739 2141 Nectarii
1775 2103 1969 2141 Patriarchae
1992 2106 2080 2141 circa

1193 2155 1317 2201 Agapii
1327 2167 1366 2190 ac
1378 2156 1518 2202 Bagadii
1529 2181 1540 2198 ,
1558 2156 1600 2191 de
1613 2156 1775 2191 Bostrenfi
1792 2157 1992 2201 Episcopatu
2001 2167 2081 2191 con-

1191 2205 1421 2246 tendentium,
1449 2208 1580 2241 causam
1599 2207 1756 2250 Synodus
1777 2207 1822 2242 est
1845 2207 2002 2242 omuibus
2019 2218 2080 2241 no·

1190 2255 1324 2290 tiffima.
1357 2255 1402 2289 Et
1422 2256 1485 2290 fuit
1508 2267 1578 2290 non
1597 2257 1757 2302 vulgaris.
1786 2254 1976 2291 Adfuerunt
1988 2256 2079 2292 enim

1190 2304 1406 2349 Theophilus
1431 2304 1680 2341 Alexandrinus
1700 2331 1712 2347 ,
1738 2306 1915 2342 Flavianus
1937 2306 2079 2349 Patriar·

1189 2354 1252 2390 cha
1266 2354 1519 2397 Antiochenus,
1544 2368 1584 2392 ac
1601 2356 1659 2391 alii
1680 2357 1821 2402 grandes
1832 2357 2004 2401 Episcopi.
2032 2356 2077 2391 Et

1190 2405 1256 2450 ipsa
1275 2417 1335 2450 pro
1358 2405 1507 2451 Bagadio
1523 2432 1535 2448 ,
1561 2417 1660 2449 quem
1683 2407 1753 2442 duo
1777 2407 1930 2452 Episcopi
1953 2406 2077 2450 dejece-

1190 2466 1262 2490 rant
1275 2480 1286 2495 ,
1311 2455 1418 2491 edixit
1428 2456 1524 2500 dejici
1536 2469 1603 2491 non
1617 2458 1757 2501 potuine
1771 2481 1781 2497 ,
1802 2458 1862 2491 nili
1879 2468 1932 2501 per
1944 2458 2074 2501 plenam

1190 2506 1292 2540 totius
1312 2504 1494 2539 Provinciae
1514 2506 1690 2548 Synodum
1716 2520 1723 2538 :
1754 2507 1797 2540 Et
1823 2508 1871 2541 ita
1892 2507 2008 2541 sanciri
2032 2508 2075 2542 ab

1192 2554 1386 2599 Apostolico
1398 2554 1552 2589 Canone.
1577 2555 1712 2598 Insuper
1721 2556 1818 2589 unius
1828 2555 2009 2593 Provinciz
2020 2557 2075 2601 Ju-

1190 2606 1316 2640 dicium
1335 2605 1451 2649 nequit
1470 2605 1634 2639 retrastari
1645 2615 1698 2647 per
1719 2608 1817 2640 aliam
1833 2605 2072 2648 Provinciam,

1190 2655 1408 2702 longeminus
1419 2655 1602 2689 reformari.
1629 2654 1777 2690 Proinde
1798 2657 2071 2692 manifestum-est

1188 2707 1205 2739 ὲ
1218 2708 1338 2748 quinto
1360 2705 1499 2740 Nicaeno
1512 2705 1654 2740 Canone
1676 2716 1746 2740 non
1764 2706 1860 2741 statui
1885 2706 1927 2741 de
1941 2707 2074 2752 Episco-

1189 2768 1305 2800 porum
1320 2755 1613 2796 damnationibus,
1639 2756 1692 2791 sed
1706 2756 1748 2791 de
1758 2757 1834 2792 solis
1845 2757 2072 2794 criminalibus

1189 2806 1326 2851 Iudiciis
1337 2807 1371 2840 in
1383 2805 1552 2841 clericum
1565 2816 1620 2840 aut
1633 2806 1789 2842 Laicum.

1239 2856 1366 2891 Eodem
1378 2857 1468 2891 sensu
1491 2856 1665 2891 Canonem
1679 2856 1843 2892 intellexit
1854 2868 1953 2902 atque
1967 2869 2071 2902 expo-
2092 2858 2124 2890 I.-
2134 2869 2212 2898 inc-3
2222 2871 2244 2892 1.

1188 2907 1249 2941 suit
1262 2907 1407 2942 Gelafius
1417 2906 1621 2951 Cyzicenus:
1648 2909 1971 2950 Exquiraturautem,
1998 2919 2068 2942 num

1187 2962 1359 3000 impotentia
1379 2964 1476 2991 animi
1490 2982 1500 2997 ,
1525 2966 1579 2991 aut
1595 2962 1787 3000 pertinacia,
1813 2967 1867 2990 aut
1890 2959 1994 3001 aliqua
2003 2959 2068 2992 alia

1186 3009 1389 3052 indignatione
1411 3006 1554 3051 Episcopi
1575 3032 1586 3048 ,
1605 3006 1666 3050 fini
1685 3012 1948 3042 excommunicati.
1978 3007 2065 3042 Non

1188 3059 1425 3102 Episcoporum
1447 3058 1636 3101 autSynodi
1650 3057 1903 3102 indignatione,
1935 3056 1990 3093 sed
2011 3059 2068 3094 so-

1185 3109 1248 3143 lius
1261 3109 1413 3152 Episcopi
1426 3133 1433 3141 .
1460 3108 1551 3144 Idem
1563 3106 1687 3142 censuit
1700 3106 1834 3142 Author
1846 3133 1855 3147 ‚
1867 3106 1953 3142 haud
1966 3107 2067 3142 dubie

1186 3160 1293 3203 aliqua
1316 3159 1489 3202 synodus,
1516 3157 1733 3192 Arabicorum
1757 3158 1936 3193 Canonum
1960 3183 1967 3191 .
1996 3157 2064 3192 Au-

1186 3209 1312 3244 diamus
1342 3218 1461 3243 novam
1488 3219 1527 3242 ac
1559 3209 1728 3242 meliorem
1761 3209 2064 3252 interpretationem

1190 3257 1612 3295 AbrahamiEcchelienfis:
1642 3259 1756 3292 Nullus
1778 3257 1989 3302 Episcoporum
2013 3270 2066 3292 cx·

1186 3317 1427 3345 communicatum
1435 3309 1477 3343 ab
1488 3309 1547 3342 alio
1557 3307 1703 3353 Episcopo
1723 3315 1871 3352 recipiat,
1900 3313 1975 3343 Pres
1982 3309 2062 3348 byter

1187 3362 1236 3396 ille
1250 3361 1290 3405 fit
1302 3386 1312 3402 ‚
1338 3362 1390 3394 vel
1408 3359 1570 3394 nonachus
1584 3383 1596 3402 ‚
1621 3369 1676 3393 aut
1698 3363 1808 3395 uicus
1828 3384 1835 3392 .
1862 3363 1908 3393 Et
1930 3361 2059 3394 ncillam

1186 3410 1321 3456 exsolvat
1331 3411 1370 3446 ab
1379 3416 1676 3446 excornmunicationt
1683 3436 1695 3454 ,
1721 3420 1775 3446 ait
1784 3409 1991 3457 absolutionem
2003 3414 2060 3439 imp

1937 3466 2013 3500 pen-
