2326 3718
869 134 1464 184 S.FLAv1AN1.
1573 164 1578 169 ,
1906 156 2003 201 329

241 229 363 279 simul
398 219 443 274 δὲ
478 224 645 287 regulas
680 221 951 289 sibimetipsis
985 220 1304 285 indulgentiam
1335 221 1578 270 relaxantes
1603 259 1617 284 ,
1664 225 1923 276 terribilium
1958 233 2065 296 My-

241 299 461 348 steriorum
488 296 841 344 communionem
871 295 1155 343 irreverenter
1190 290 1269 340 fibi
1290 291 1505 341 continue
1527 292 1895 363 praesumpserunt.
1934 299 2063 348 Alios

238 366 346 416 vere
382 367 717 415 communicare
749 362 826 413 fibi
861 362 1108 431 periculose
1144 362 1342 412 fecerunt
1388 398 1401 410 .
1476 365 1545 411 Ita
1595 377 1645 411 ut
1690 382 1837 416 omnes
1885 371 2066 418 Divinae

240 437 420 500 Regulae
434 441 629 486 Decreto
650 432 922 500 subjaceant,
946 451 1044 499 quae
1068 450 1143 483 eos
1168 434 1247 500 qui
1274 434 1339 482 ita
1368 448 1550 497 regunt,
1577 434 1759 483 omnine
1786 438 2065 502 perdamnat.

241 512 350 557 Haec
386 506 635 556 addiscens.
662 509 763 553 Deo
797 503 1090 553 Amicissimus
1136 507 1179 551 &
1214 503 1354 552 bonus
1405 504 1557 553 Vidior
1592 507 1802 573 Princeps
1854 508 2069 558 continuo

239 576 442 628 definivit
476 593 635 627 vacare
677 611 691 635 ‚
742 592 838 642 quae
873 574 930 623 fic
965 571 1251 634 inordinate,
1299 572 1752 642 inconsequenterque
1786 573 1882 623 sunt
1917 578 2071 638 gesta-⁴

238 663 395 698 contra
425 664 524 696 eum
547 683 561 706 ‚
598 646 676 712 qui
712 647 759 693 in
793 645 915 693 nullo
948 645 1170 694 convietus
1205 644 1266 692 est
1299 681 1312 705 ‚
1347 644 1531 712 abrupte
1567 644 1672 694 vere
1722 650 1765 695 ὅτ.
1802 645 1962 694 furiose
1998 646 2075 694 ad-

239 718 412 768 dietus:
460 715 620 766 Denue
656 731 801 765 autem
837 713 894 763 de
933 719 1160 778 Dogmate
1195 730 1295 761 cum
1331 717 1529 766 veritatis
1565 732 1713 764 amore
1747 714 1839 765 fieri
1874 716 2076 783 quaestio-

240 805 340 838 nem
371 824 385 848 ,
421 805 498 855 per
533 789 919 850 interrogationem
954 790 997 835 &
1020 783 1332 852 responsionem
1358 821 1371 845 ‚
1407 790 1452 835 δε
1488 783 1904 836 demonstrationem
1930 823 1944 848 ,
1979 803 2078 854 quae

239 857 443 909 omnibus
478 856 675 913 suaderet
695 894 726 917 ,.
746 874 834 918 non
870 874 966 923 quae
1001 856 1269 904 authoritate
1305 856 1562 923 Tyrannica
1604 858 1868 923 imperaret.

311 930 385 978 Illi
432 928 539 978 vere
586 926 643 976 ad
677 926 936 975 solutionem
986 930 1219 975 Canonum
1255 924 1302 973 id
1336 926 1516 993 quoque
1566 925 1822 991 adjecerunt
1847 963 1861 986 ‚
1912 942 1961 975 ut
1997 943 2079 976 nec

240 1000 312 1048 his
361 999 448 1066 piis
497 999 655 1046 litteris
701 995 936 1046 obedirent
970 1032 984 1043 .
1055 998 1114 1042 Et
1161 994 1272 1043 nihil
1325 994 1382 1046 de
1416 996 1500 1045 fide
1534 995 1681 1047 dicere
1715 999 1789 1050 vel
1822 995 1973 1046 audire
2006 1013 2080 1045 ac-

240 1067 509 1134 quiescentes
555 1066 736 1114 ulterius
762 1101 775 1125 ,
823 1064 864 1114 se
911 1064 968 1113 ad
1015 1062 1149 1113 solam
1195 1065 1381 1114 universi
1427 1069 1713 1135 pertinaciam
1761 1068 2044 1117 contulerunt
2067 1103 2081 1115 .

240 1135 317 1186 Ad
350 1132 599 1194 consensum
635 1150 860 1203 coeperunt
896 1135 1065 1185 trahere
1100 1136 1244 1201 iniqui
1278 1134 1435 1200 judicii
1484 1173 1498 1196 ,
1544 1139 1652 1188 alios
1689 1136 1870 1205 quidem
1906 1136 2083 1197 fraude,

240 1208 354 1256 alios
390 1208 605 1255 violentia
631 1241 645 1266 ,
680 1207 790 1253 alios
826 1207 1021 1272 proemiis
1039 1241 1053 1252 .
1114 1203 1436 1254 Constudentes
1472 1204 1600 1274 super
1636 1208 1707 1255 his
1743 1225 1822 1256 nos
1859 1225 1937 1273 per
1972 1208 2085 1255 mul-

241 1293 339 1327 tum
374 1291 546 1345 tempus
581 1275 840 1338 rogabamus
864 1312 878 1336 ,
914 1274 1238 1325 obtestabamur
1271 1292 1370 1323 cum
1406 1278 1528 1323 omni
1564 1275 1725 1324 fiducia
1749 1311 1763 1336 ,
1812 1276 2087 1343 provocaba-

241 1364 339 1396 mus
363 1383 378 1406 ‚
413 1361 463 1395 ut
499 1346 611 1395 nihil
645 1346 1008 1396 irrationabiliter
1042 1345 1178 1396 fieret.
1203 1360 1281 1394 aut
1317 1360 1537 1395 teneretur
1564 1382 1579 1407 ,
1614 1344 1688 1394 sed
1716 1344 1778 1395 ¹de
1814 1346 2087 1412 quaestione„

241 1416 423 1483 quidem
458 1421 738 1480 Dogmatum
772 1452 786 1477 ‚
831 1421 876 1466 &
910 1415 967 1466 de
1001 1417 1166 1483 Cyrilli
1200 1417 1421 1484 Capitulis
1479 1417 1725 1465 communis
1772 1431 2087 1484 proponeretur

241 1489 472 1537 Tra6tatus
507 1487 642 1554 atque
677 1488 930 1536 Concilium
957 1507 969 1536 ε
1007 1491 1066 1536 Et
1100 1485 1223 1553 quod
1257 1486 1461 1536 omnibus
1497 1484 1723 1554 placuiffet
1749 1523 1763 1547 ,
1799 1503 1885 1535 una
1920 1485 2088 1535 senten-

241 1561 309 1608 tia
343 1557 584 1607 firmaretur
619 1594 632 1606 .
706 1561 780 1606 De
816 1575 871 1606 eo
905 1556 1015 1607 vere
1039 1594 1052 1617 ‚
1086 1559 1165 1624 qui
1200 1556 1505 1625 Tyrannidem
1541 1556 1598 1605 fic
1634 1556 1784 1625 aperte
1820 1557 2092 1624 pertulerat‚⁵

240 1627 449 1696 judicium
489 1645 620 1678 verax
654 1626 778 1677 fieret
814 1627 949 1695 atque
983 1629 1233 1691 legitimum
1275 1665 1289 1688 ,
1343 1645 1392 1678 ut
1427 1629 1649 1677 convi&us
1682 1626 1865 1694 quidem
1900 1625 1958 1676 de
1991 1644 2089 1677 cor-

240 1700 447 1766 ruptione
498 1700 700 1748 veritatis
747 1697 1121 1764 adjudicationem
1173 1697 1359 1747 consone
1406 1697 1627 1748 sustineret
1674 1698 1732 1746 ab
1766 1697 1968 1747 omnibus
2007 1718 2021 1755 3
2057 1696 2091 1745 fi

240 1768 348 1818 vere
380 1785 432 1817 ex
467 1783 567 1818 toto
603 1771 803 1817 innoxius
839 1768 1095 1836 probaretur
1121 1804 1134 1830 ,
1171 1771 1219 1818 in
1257 1771 1431 1836 Scripto
1466 1768 1690 1818 abdicaret
1726 1768 1802 1817 illa
1834 1762 2088 1827 nobiscum,

242 1838 532 1908 quaecumque
568 1840 810 1902 incongrua
845 1838 1027 1906 quidam
1064 1876 1078 1900 ‚
1125 1840 1194 1888 vel
1228 1857 1281 1887 ex
1316 1843 1406 1903 ejus
1442 1838 1623 1907 persona
1646 1875 1660 1900 ,
1707 1839 1780 1888 vel
1815 1856 1867 1887 ex
1901 1839 2091 1888 aliorum

240 1911 423 1959 nomine
451 1944 465 1968 ,
501 1926 553 1957 ex
577 1907 822 2026 [υίξίεἰοηε
856 1924 932 1956 aut
955 1908 1234 1958 accusatione
1259 1912 1525 1970 jaetaverant
1550 1946 1564 1957 .

314 1977 402 2039 Sed
436 1978 515 2027 ista
549 1979 629 2044 qui
661 1996 729 2026 em
765 1976 1055 2044 displicebant
1091 1979 1159 2026 his
1189 2013 1202 2036 ‚
1252 1979 1332 2041 qui
1368 1994 1421 2026 ex
1455 1976 1546 2026 sola
1581 1979 1851 2027 authoritate
1885 1978 2092 2028 devince-

243 2064 291 2097 re
313 2084 327 2110 ,
364 2065 454 2095 non
488 2061 636 2096 autem
671 2047 745 2094 vel
780 2046 953 2094 suadere
978 2083 992 2108 ‚
1027 2047 1096 2094 vel
1132 2045 1295 2093 suaderi
1331 2046 1543 2095 volebant
1579 2081 1592 2093 .
1664 2048 1987 2114 Praecipiebant
2018 2068 2092 2098 ve·-

242 2117 298 2168 τὸ
332 2116 537 2166 universis
575 2153 589 2177 ,
642 2131 691 2164 ut
727 2114 910 2182 abrupte
948 2116 1370 2165 anathematizarent
1408 2151 1421 2175 ‚
1470 2114 1822 2173 &damnationi
1859 2115 2093 2167 subscribe-

243 2204 344 2237 rent
379 2224 394 2236 .
467 2186 751 2255 Qicumque
800 2202 947 2236 autem
995 2184 1037 2234 se
1071 2187 1296 2249 integriori
1333 2185 1640 2235 deliberationi
1676 2185 1876 2236 servasset
1916 2225 1928 2247 ‚
1964 2187 2090 2238 darn-

242 2258 431 2308 nabatur
462 2292 477 2316 ,
514 2256 802 2304 ordinabatur
836 2255 894 2304 ab
928 2258 990 2305 eis
1015 2292 1029 2316 ,
1065 2255 1372 2321 subjiciebatur
1407 2258 1639 2305 calumniis
1681 2293 1694 2317 ‚
1729 2259 1853 2305 malae
1886 2257 2091 2309 doetrinae

243 2327 489 2377 vocabatur
522 2361 535 2373 .
608 2324 942 2375 Ordinabantur
989 2343 1070 2393 pro
1117 2325 1279 2375 talibus
1329 2326 1453 2375 alteri
1490 2363 1506 2387 5
1553 2330 1658 2393 quia
1694 2326 1934 2377 consentire
1970 2331 2092 2378 nole-

245 2398 355 2447 bant
393 2415 405 2444 ε
456 2394 656 2445 Laudare
704 2395 883 2461 quidem
930 2395 1214 2445 damnatione
1262 2396 1397 2460 digna
1444 2398 1653 2463 Capitula
1676 2434 1689 2456 ,
1737 2396 1944 2447 damnare
1981 2399 2095 2449 vero

245 2485 347 2517 eum
372 2502 385 2527 ,
420 2468 537 2532 qui,
575 2465 791 2534 quantum
828 2482 908 2513 nos
945 2464 1110 2515 conscii
1147 2465 1286 2514 sumus
1318 2503 1331 2525 ‚
1370 2466 1479 2514 nihil
1515 2465 1634 2515 aliud
1669 2466 1782 2515 dixit
1807 2501 1820 2524 ‚
1859 2469 1939 2516 nis1
1975 2486 2093 2531 ea-.‚

246 2555 344 2605 quae
379 2534 406 2585 ὲ
443 2539 605 2586 San6tis
644 2535 879 2603 Prophetis
903 2572 917 2596 ,
971 2540 1014 2585 &
1039 2537 1337 2599 Evangelistis
1363 2574 1376 2597 ,
1428 2540 1471 2585 &
1507 2536 1731 2604 Apostolis
1766 2555 1842 2604 per
1881 2541 2094 2606 Spiritum

249 2613 451 2659 Sanffum
489 2607 716 2656 manifeste
751 2604 848 2655 sunt
885 2605 1048 2656 tradita
1084 2644 1097 2656 .
1168 2607 1393 2657 Volebant
1430 2609 1548 2655 enim
1592 2610 1636 2656 δε
1672 2607 1908 2676 Apostolos
1944 2612 2092 2659 crimi-

247 2681 342 2728 nari
372 2716 385 2739 ,
434 2677 541 2727 dum
577 2676 836 2746 supervacue
883 2676 1140 2743 adjudicant
1175 2679 1299 2727 illum
1325 2715 1338 2739 ,
1391 2680 1470 2745 qui
1507 2695 1559 2727 ea
1595 2696 1691 2745 quae
1727 2676 1915 2746 ipsorum
1953 2678 2050 2729 sunt
2073 2715 2089 2740 ,

249 2749 517 2817 praedicabat
555 2786 568 2797 .
639 2749 795 2799 Talem
832 2766 1022 2817 namque
1073 2753 1116 2799 δι
1151 2767 1302 2800 eorum
1338 2785 1352 2810 ,
1390 2767 1486 2816 quae
1522 2748 1727 2798 dicuntur
1761 2786 1777 2809 ,
1812 2750 2090 2800 Gestorum.⁴

251 2820 448 2870 fecerunt
485 2823 700 2869 actionem
728 2856 743 2880 ,
779 2835 827 2868 ut
864 2819 1098 2870 inconsona
1134 2825 1177 2870 δε
1204 2822 1374 2870 incerta
1409 2818 1611 2869 adversus
1648 2820 1770 2869 illum
1809 2823 1951 2871 virum
1987 2838 2088 2888 pro-

251 2888 417 2939 ferrent
460 2926 473 2951 ‚
530 2894 574 2939 &
625 2890 882 2958 plerumque
934 2890 1319 2959 irreprehensibilia
1372 2890 1699 2958 reprehenderet
1749 2927 1763 2938 .
1834 2897 1913 2938 Cur
1955 2928 1968 2952 ,
2019 2893 2087 2940 in-

253 2960 414 3025 quiunt
441 2992 457 3017 ³
490 2959 699 3027 Nestorius
735 2960 837 3008 dixit
860 2998 874 3021 ,
913 2961 1008 3027 quod
1038 2961 1164 3031 paffio
1198 2981 1265 3009 non
1300 2966 1492 3009 Deitatem
1519 2998 1533 3021 ,
1560 2960 1636 3026 fid
1669 2959 1941 3010 humanitatem
1975 2960 2088 3009 Chri.

254 3029 306 3075 §ki
339 3026 555 3095 attzjgerz'c?
602 3031 828 3080 Interdum
877 3031 980 3081 vere
1016 3032 1120 3082 falsa
1153 3032 1388 3082 scriberent
1432 3068 1445 3091 ‚
1490 3029 1697 3099 ponendo
1747 3031 1868 3098 quod
1904 3031 1961 3081 ab
1993 3030 2088 3098 ipso

253 3098 371 3147 dieta
407 3096 578 3148 fuiffent
613 3101 743 3150 verba
774 3137 788 3161 ,
819 3119 916 3169 quae
951 3119 1032 3152 nec
1065 3105 1331 3171 quicumque
1367 3101 1603 3151 infidelium
1630 3137 1644 3162 ‚
1679 3103 1821 3151 imme
1856 3120 1937 3151 nec
1965 3117 2087 3164 agre-

258 3168 385 3218 stium
421 3173 694 3218 Doemonum
729 3171 872 3222 dicere
906 3171 1221 3241 praesumpfiffet
1254 3209 1266 3221 .
1338 3172 1390 3220 Id
1436 3172 1497 3220 est
1522 3209 1534 3233 ,
1583 3171 1705 3239 quod
1752 3173 1949 3222 Christus
1984 3169 2086 3221 effet

258 3239 423 3289 Christi
460 3241 687 3288 Dominus
708 3274 722 3300 ,
758 3241 864 3292 sicut
902 3244 1038 3305 Saul,
1073 3244 1181 3294 ficut
1215 3242 1366 3293 David
1388 3280 1401 3304 ‚
1440 3242 1547 3293 ficut
1583 3242 1770 3294 infidelis
1809 3248 1953 3310 Cyrus
1985 3278 1998 3290 .
2035 3248 2087 3291 In

258 3310 417 3378 quibus
453 3309 582 3360 facile
606 3309 669 3358 est
690 3315 950 3363 convincere
974 3317 1144 3364 volenti
1168 3316 1428 3364 calumniam
1444 3353 1456 3364 .

281 3379 283 3381 ’
325 3384 391 3432 Ea
425 3380 532 3429 vere
569 3417 583 3440 ,
618 3397 716 3447 quae
748 3380 804 3431 de
837 3385 1120 3437 Antiocheno
1143 3391 1316 3452 Joanne
1349 3383 1445 3436 sunt
1478 3420 1491 3445 ‚
1539 3385 1572 3433 fi
1608 3383 1709 3436 esset
1745 3357 1939 3452 poslibile
1970 3417 1984 3440 ‚
2021 3397 2087 3431 ta-

368 3448 533 3521 ,fchrfi-
549 3455 655 3522 Lupi
666 3457 789 3522 Opera
799 3453 959 3515 T.Vlll.
1445 3458 1484 3506 E
1518 3472 1542 3505 e
1620 3475 1641 3520 3
1925 3467 2019 3501 cere
