2326 3718
395 166 463 223 94

803 158 898 204 'De
933 151 1299 203 GAmeANAE
1334 154 1636 209 Eccissra

325 258 384 282 non
404 251 574 287 receperunt
587 265 598 283 ,
624 244 659 277 o·
680 254 747 286 quae
766 243 806 276 ab
828 242 894 286 iplis
901 241 1012 286 scripta
1023 243 1129 286 effcnt,
1152 251 1207 285 pro
1269 249 1401 275 ratarum
1409 245 1492 286 juffio
1502 251 1694 291 aggregavit.
1723 251 1864 284 Attamen
1874 260 1970 284 omnes
1994 250 2147 287 damnata

325 303 416 332 vanis
439 294 626 336 habuerunt;
654 304 709 327 nos
730 304 832 327 autem
854 301 1045 334 receperunt,
1071 291 1206 332 nqliram·

1264 290 1339 335 sunt
1358 300 1673 338 propter-impietatem
1686 298 1849 339 infidelium
1867 304 2043 344 Dogmaium
2055 301 2093 335 ab
2104 310 2147 336 eis

325 358 381 389 que
399 346 623 377 communionem
641 342 717 387 sunt
738 346 887 385 amplexi.
918 346 1044 376 Interim
1069 354 1133 377 cum
1154 343 1207 383 ista
1267 340 1500 383 confirmatorum
1514 371 1522 379 .
1545 349 1652 390 ,Quare
1663 357 1762 381 autem
1772 359 1830 382 non
1839 349 1970 391 abjicitis
1983 363 2147 394 eam,quae

320 397 426 439 fierent
439 419 451 437 ‚
468 393 560 439 fimul
574 395 609 428 ὀ·
621 395 659 427 de
671 395 778 432 synodo
789 397 925 426 Romana
936 393 1081 432 Constans
1112 397 1206 436 Impe-

321 454 424 487 rator,
450 446 484 479 ό·
494 445 569 487 quid
580 445 772 477 Alexandria
781 467 792 483 ‚
820 445 854 476 eb·
863 451 921 484 per
932 442 1107 486 universum
1122 447 1207 476 Mim-

1266 390 1396 436 deposuit
1424 395 1550 435 Paulum
1567 395 1787 439 samosatenum
1792 398 1849 441 fieb
1860 400 1980 434 sanHis
1988 412 2026 435 ac
2037 405 2146 436 Boaris

1269 442 1395 485 Dionyfio
1420 445 1509 485 Papa
1528 449 1659 480 Romano
1682 472 1692 488 ,
1719 449 1753 482 (θ’
1776 448 1900 491 Dionysso
1919 452 2146 494 Alexandrino,

320 497 393 530 dum
415 504 519 531 contra
539 494 705 528 catholicos
723 500 873 538 gereretur
898 517 910 535 ,
933 492 1058 536 rescivit
1076 519 1084 526 .
1111 493 1204 536 Missa:
1268 502 1358 535 atque
1387 497 1524 535 Gregorio
1544 500 1747 532 miraculorum
1773 502 1952 540 Patratore,
1978 508 2028 542 qui
2049 504 2146 535 eidem

315 545 391 592 fient
414 551 504 591 igitur
525 546 665 578 litteraea
679 543 814 581 Costante
826 544 871 576 ad
878 547 1023 576 Fratrem
1030 542 1119 586 suum
1129 548 1205 576 Con—
1262 543 1390 585 praefuit
1402 546 1530 585 synodo,
1556 554 1694 588 quoniam
1715 559 1772 582 non
1792 549 1829 588 est
1850 550 1972 589 juffione
1993 549 2078 590 far-'ia
2088 556 2146 584 Im-

315 595 461 637 stantium
475 620 487 636 ,
512 595 609 636 ibique
619 595 655 625 de
668 591 819 626 amborum
825 592 976 640 sententia
982 594 1098 634 placuit
1116 600 1148 626 ut
1159 595 1206 633 55·

319 648 412 680 nodus
423 642 598 685 sardicensis
620 641 812 676 celebraretur
823 668 835 684 ‚
863 645 896 677 (θ’
919 644 957 676 de
974 643 1061 676 rebus
1073 642 1149 676 allis
1159 654 1200 677 co-

1259 599 1408 635 peratoris
1421 594 1433 626 ?
1460 596 1541 636 ‚Quis
1559 605 1712 637 praeterea
1723 603 1828 632 Canon
1833 601 2005 642 promulgat
2025 601 2090 633 illas
2097 599 2143 644 so-

1262 644 1309 677 las
1331 644 1543 686 approbandas
1565 648 1710 688 synodos,
1740 661 1808 692 quae
1828 654 2022 691 Imperatoris
2026 651 2143 691 juffione

312 702 411 741 gnitio
419 695 505 738 fieret
515 719 526 735 ,
553 704 589 726 ne
599 694 876 741 ulteriusinjuriose
888 692 986 727 babiti
1006 695 1127 735 injuriis
1141 695 1200 736 affl·
1258 691 1330 736 sunt
1337 703 1520 738 congregata·
1535 694 1552 725 ἒ
1578 695 1684 729 Verum
1695 697 1999 740 etfiomninojufflone
2010 704 2143 743 Impera-

314 755 448 780 cerentur
479 768 490 784 ,
516 745 567 776 vel
584 741 719 784 iniuriosi
737 745 863 777 ulterius
879 751 1040 788 pergerent
1061 746 1200 786 iniuriam
1261 751 1336 777 toris
1354 751 1536 788 congregatis
1550 769 1561 785 ‚
1587 747 1656 778 illas
1683 753 1769 781 novio
1788 750 1955 783 sanam&
1970 750 2145 792 probabile»

307 796 430 840 facere.
459 793 562 836 Julius
582 793 662 834 suae,
693 793 726 826 in
740 805 803 838 qua
823 794 1039 838 appellantem
1054 794 1200 829 Athana·

314 845 396 878 smm
406 842 633 883 revestiverat,
658 843 692 877 δε
717 844 867 888 adquam
880 843 1074 886 Eusebiani,
1105 855 1199 879 retra-

312 893 486 928 statorium
503 916 514 933 ,
538 904 577 927 ac
599 892 810 929 definitivum
848 893 1010 938 Iudicium
1038 895 1199 935 audituri,

1261 796 1382 832 synodos
1391 801 1463 836 pius
1475 794 1606 837 Ecclefiae
1617 799 1725 829 Canon
1735 821 1746 836 ,
1768 809 1844 840 quas
1855 800 1996 834 rectitudo
2006 804 2141 843 Dogma-

1260 852 1322 876 tum
1333 845 1514 886 approbavit
1525 870 1532 877 .
1560 847 1621 879 Sed
1640 848 1674 880 ὁ·
1698 846 1746 879 bis
1759 871 1770 887 ,
1794 852 2041 891 quemadmodum
2051 857 2139 884 novit

1260 897 1406 928 Dominus
1417 906 1499 928 meus
1508 919 1520 936 ,
1548 896 1582 929 (9
1592 898 1664 929 alios
1677 897 1757 930 docet
1770 921 1782 937 ,
1799 898 1872 940 fieri
1883 901 2007 937 synodos
2017 905 2051 932 in
2058 905 2140 933 omni

311 954 499 988 comparere
509 944 748 978 contumaciter
759 945 936 979 noluerant
951 969 961 986 ,
975 945 1102 989 Synodi
1115 945 1196 979 Asta
1260 947 1421 978 Provincia
1438 953 1494 987 per
1507 943 1635 989 singulos
1647 958 1742 979 annos
1755 949 1857 991 regula
1867 947 1968 991 sancit
1979 971 1991 988 ,
2009 949 2141 990 juffunis

311 993 630 1039 exposuit‚suggeffit
642 995 851 1030 necessariam
864 996 967 1030 totius
979 996 1126 1030 Eccleliae
1141 997 1196 1039 Sy-

308 1045 434 1080 nodum
445 1069 458 1085 ,
473 1045 507 1079 ἀ
517 1044 560 1079 ad
571 1044 673 1088 ipsam
684 1045 860 1088 postulavit
873 1047 1029 1089 compelli
1046 1045 1195 1080 Eusebia—

1259 995 1427 1036 imperialis
1447 996 1562 1029 nullam
1584 1002 1753 1029 memoriam
1757 996 1877 1038 faciens
1888 1023 1898 1037 ,
1926 1001 1971 1031 ad
1986 1003 2141 1032 tuitionem

1253 1043 1398 1087 salutaris
1421 1045 1491 1090 fidei
1501 1044 1605 1084 nostrae
1618 1071 1630 1086 ,
1655 1047 1898 1081 &concisionem
1909 1053 2038 1081 omnium
2057 1054 2140 1090 capi-

307 1106 370 1130 nos
381 1120 388 1127 .
415 1095 579 1130 Constans
592 1095 746 1138 pet-milit,
759 1095 791 1128 ὃς
803 1095 950 1130 Fratrem
958 1095 1193 1130 Constantium
1257 1095 1401 1136 talorum,
1427 1107 1494 1138 quae
1517 1098 1641 1129 Divinae
1652 1108 1710 1130 non
1731 1103 1909 1132 conveniunt
1933 1096 2068 1138 Ecclefiae
2082 1102 2140 1131 Le-

306 1146 469 1190 compulit
481 1145 523 1179 ad
538 1143 740 1178 Eusebianos
751 1143 848 1180 isthic
861 1145 1064 1195 exhibendos
1078 1172 1086 1181 .
1115 1146 1193 1181 Uti-

305 1195 561 1239 que‘audituros
586 1194 752 1237 praefatum
768 1194 928 1237 judicium
955 1222 965 1237 ‚
991 1197 1132 1241 speuans
1152 1197 1190 1230 ad

1252 1151 1306 1189 gi.
1336 1146 1380 1180 Et
1401 1146 1568 1180 convietus
1590 1145 1799 1182 Theodofius
1819 1149 1980 1192 reposuit:
2008 1151 2057 1180 Ita
2074 1147 2138 1189 est,

1256 1204 1290 1228 ut
1315 1194 1434 1237 afferis.
1462 1197 1639 1239 Dogmatum
1664 1204 1776 1239 quippe
1795 1198 1940 1232 rellitudo
1948 1199 2069 1237 synodos
2077 1198 2140 1240 fir·

302 1246 409 1280 solam
420 1241 655 1279 authoritatem
669 1244 746 1290 Julii
758 1269 765 1277 .
786 1244 892 1280 Porro
904 1246 1111 1281 Venerabilis
1124 1248 1192 1280 Ho-
1256 1253 1340 1277 mat.
1368 1245 1481 1278 Ambo
1502 1246 1699 1288 profitentur
1712 1271 1724 1288 ‚
1750 1247 1841 1289 quod
1860 1247 2023 1291 Principis
2042 1247 2139 1289 jnffio

301 1295 366 1329 iius
387 1294 423 1328 in
446 1292 562 1328 litteris
572 1292 611 1326 ad
624 1294 856 1338 Imperatorem
880 1297 1113 1330 Constantium
1127 1297 1188 1330 lau-

302 1344 360 1379 dat
370 1345 602 1387 Imperatorem
613 1344 830 1379 Constantem
841 1370 852 1385 ,
882 1346 972 1390 quod
996 1345 1198 1380 Ecclesiasti-

302 1395 351 1429 cis
372 1394 606 1438 Episcoporum
629 1393 765 1436 Iudiciis
791 1397 960 1441 nunquam
974 1397 1086 1430 fecerit
1100 1396 1166 1430 vim
1178 1420 1188 1436 ,

299 1443 407 1478 immo
429 1455 490 1478 nec
502 1445 534 1478 se
545 1444 732 1477 miscuerit:
759 1445 884 1480 Omnia
900 1446 1039 1491 permisit
1056 1446 1189 1490 Episco-

299 1495 351 1538 pis
361 1494 395 1529 ὄσ
408 1495 503 1528 sacris
516 1493 711 1528 Canonibus
723 1520 730 1527 .
755 1494 930 1531 Praesertim
944 1496 1108 1541 Episcopo
1121 1495 1190 1530 Ro-

299 1555 403 1579 mano
422 1570 429 1576 .
459 1544 504 1578 Er
533 1542 613 1578 hinc
636 1544 859 1580 Sardicensem
883 1545 1058 1589 synodum
1081 1545 1188 1578 voluit

296 1594 367 1628 fieri
389 1594 475 1629 intra
498 1595 592 1628 suum
617 1592 813 1635 Imperium.
844 1594 948 1640 Qod
974 1595 1004 1627 ei
1025 1593 1188 1639 Constans

295 1643 487 1676 nullatenus
508 1644 540 1675 se
562 1641 814 1684 interposuerit,
842 1643 980 1677 affirmat
994 1642 1187 1677 Athanasius

293 1691 335 1726 in
357 1691 498 1726 secunda
513 1689 705 1735 Apologia:
732 1696 799 1724 Nos
822 1698 938 1735 igitur,
960 1694 1099 1733 plurimis
1124 1703 1186 1725 con·

297 1741 486 1774 venientibus
498 1741 675 1778 sardicam,
700 1749 747 1771 eos
768 1745 821 1781 qui
833 1751 898 1773 cum
920 1739 1048 1783 Eusebio
1065 1751 1186 1774 commu-

297 1795 477 1824 nicaverant
487 1813 500 1829 ‚
527 1793 594 1833 in]
598 1789 726 1822 udicium
743 1794 996 1830 provocavimus.
1024 1791 1074 1824 Illi
1091 1795 1163 1824 vero
1177 1815 1187 1831 ,

292 1840 408 1883 ‘quibus
419 1845 451 1872 in'
459 1840 548 1871 oculis
562 1847 651 1871 erant
658 1837 716 1880 sua
726 1840 845 1872 DeliHa
858 1864 870 1880 ,
895 1838 1052 1883 conspecVis
1069 1841 1112 1872 ibi
1120 1839 1184 1884 fiiis

299 1888 525 1932 Accusatoribus
550 1912 560 1928 ‚
587 1890 763 1932 magnopere
778 1891 931 1929 judicium
953 1889 1184 1925 exhorruerunt.

297 1944 376 1973 Cum
388 1944 467 1974 enim
477 1950 576 1972 omnes
583 1937 617 1982 se
627 1940 685 1972 rite*
695 1950 729 1972 ac
739 1938 1008 1982 legitimefisterent
1023 1940 1186 1985 Eusebiani

296 1989 395 2034 secum
405 1994 532 2023 Comites
546 1987 754 2032 Musonianum
766 2014 776 2030 ‚
803 1988 976 2033 AEsjcbium
991 2016 1002 2032 ‚
1028 1993 1061 2025 (9*
1078 1991 1183 2031 Castri-

298 2045 374 2074 tium
396 2041 571 2080 adduxere,
597 2048 632 2072 ut
652 2047 708 2081 pro
714 2039 774 2083 sua
783 2039 991 2083 consuetudine
1003 2042 1117 2075 illorum
1135 2050 1184 2083 po-

295 2090 423 2132 testate,
448 2091 600 2134 quidquid
619 2095 719 2123 animo
734 2090 864 2134 'liburffet
887 2115 899 2132 ,
919 2091 1095 2134 perficerent
1109 2118 1117 2124 .
1139 2092 1185 2125 lbi

295 2140 430 2182 cumfine
454 2140 620 2174 comitibus
645 2143 810 2175 Concilium
820 2151 978 2185 ageretur,
1003 2153 1095 2185 nequo
1104 2143 1181 2176 ullus

298 2192 384 2225 miles
406 2197 623 2231 interveniret,
651 2190 698 2231 isti
715 2192 737 2223 a*
759 2190 824 2234 fiiis
844 2191 1025 2235 conscientiis
1037 2198 1184 2236 ingentem

298 2247 397 2277 animi
414 2242 671 2283 consternationem
682 2250 854 2283 acceperunt
867 2267 874 2274 .
901 2244 1052 2284 Siquidem
1076 2255 1133 2275 non
1154 2253 1185 2274 eo

296 2294 401 2333 modo,
426 2303 484 2334 quo
502 2292 644 2326 volebant
655 2315 666 2331 ‚
695 2294 730 2324 de
750 2290 815 2332 ipfis
834 2291 951 2332 fiebant
960 2293 1082 2332 judicia
1093 2315 1104 2331 ‚
1127 2290 1186 2333 fed

295 2350 330 2374 ut
354 2346 497 2375 veritaris
515 2346 594 2373 ratio
611 2339 799 2380 requirebat.
826 2339 915 2373 Istud
955 2342 1058 2383 ipsum
1071 2340 1183 2383 repetit

297 2390 333 2423 in
345 2390 481 2433 epistola
492 2389 532 2423 ad
544 2391 618 2424 suos
629 2387 818 2423 Monachos
828 2414 838 2430 ‚
869 2389 902 2423 &
914 2390 1066 2435 adjungit
1081 2391 1182 2424 Sardi·

296 2451 343 2473 cae
355 2440 468 2474 omnia
481 2439 574 2474 fuisse
585 2440 708 2483 peraeta
715 2438 877 2482 secundum
888 2451 995 2473 morem
1011 2438 1183 2482 Ecclefiasti-

295 2501 383 2524 cum.
410 2488 557 2524 Proinde
579 2498 648 2523 non
674 2500 715 2522 ex
737 2489 956 2533 Delegatione
967 2488 1182 2534 Principum,

298 2540 351 2574 sed
363 2551 402 2573 ex
425 2537 623 2572 authoritate
634 2537 711 2581 Julii
735 2536 910 2573 Pontificis
923 2563 931 2571 .

350 2589 517 2624 Secundus
529 2599 618 2622 error
630 2587 675 2622 est
689 2612 700 2628 ,
724 2588 813 2631 quod
824 2589 1018 2624 sardicensis
1028 2589 1181 2632 Synodus

295 2651 340 2675 eo
367 2639 558 2683 Principum
579 2638 729 2683 permiffu
752 2638 848 2673 fuerit
873 2641 905 2673 se
927 2639 1008 2673 tulta
1032 2638 1181 2688 adversus

298 2689 573 2734 conquestionem
606 2687 828 2724 Orientalium
858 2712 864 2719 .
906 2688 1040 2722 Etenim
1083 2689 1181 2734 longe

300 2739 390 2773 aliud
414 2738 455 2773 de
481 2737 707 2784 generalibus,
734 2737 840 2770 immo
860 2739 892 2772 ὅ(
913 2736 953 2771 de
972 2739 1180 2773 inferioribus

302 2788 452 2823 Ecclefiae
465 2788 610 2832 Synodis
621 2787 716 2822 docet
730 2787 862 2822 Sanctus
883 2789 1012 2831 Martyr
1024 2789 1058 2822 &
1071 2787 1182 2823 Abbas

300 2839 489 2873 Maximus.
510 2837 702 2872 Theodosio
715 2837 906 2872 Caesaraeenfi
917 2838 1002 2881 apud
1016 2837 1180 2879 Bithynos

301 2890 490 2933 Episcopo,
515 2888 765 2923 Lateranensem
786 2888 1046 2924 SanstiMartini
1067 2887 1179 2923 Ponti-

302 2940 390 2980 ficis,
420 2938 510 2983 quod
521 2939 588 2973 fine
599 2937 748 2983 Augusta
759 2937 894 2981 juffione
904 2939 982 2973 faeta
994 2939 1070 2973 estet
1080 2962 1091 2979 ,
1102 2951 1179 2973 con-

301 3000 351 3023 tra
361 2986 782 3031 MonothelitasSynodum
805 2988 966 3031 spernenti
983 3014 995 3030 ,
1019 2989 1053 3022 in
1067 2988 1178 3023 habita

302 3050 379 3071 curn
400 3039 470 3081 ipso
489 3039 669 3074 collatione
680 3037 846 3082 respondit
858 3052 868 3072 .·
895 3041 926 3071 si
942 3040 1061 3076 synodos
1074 3064 1085 3079 ‚
1111 3051 1178 3081 quae

298 3086 475 3130 facqaesunt
488 3111 498 3127 ,
522 3090 651 3127 J'ufflones
672 3093 883 3131 Imperatorum
898 3089 1047 3130 firmant,
1073 3090 1108 3122 (5
1121 3100 1177 3121 uon

303 3143 358 3179 pia
377 3136 455 3178 fider
473 3161 484 3177 ‚
510 3143 601 3177 recipe
622 3140 746 3176 synodos
766 3163 777 3178 ,
804 3149 870 3181 quae
891 3148 994 3171 contra
1012 3138 1177 3180 Homoufion

301 3186 398 3228 fadlae
416 3184 488 3228 sunt
499 3211 506 3217 .
534 3191 618 3219 Nam
634 3189 750 3227 juffione
763 3191 933 3230 PrIncipum
940 3188 1013 3231 sunt
1022 3196 1157 3230 patratae
1168 3212 1175 3220 .

309 3238 443 3269 Primam
463 3237 600 3268 videlicet
623 3241 655 3268 in
675 3240 763 3277 Tyro,
785 3237 945 3280 secundam
956 3244 988 3270 in
998 3237 1152 3271 Antiochia
1164 3262 1174 3278 ,

309 3291 430 3319 tertiam
448 3290 479 3317 in
495 3285 622 3317 Seleucia
635 3309 646 3324 ,
672 3296 809 3327 quartam
818 3294 851 3320 in
861 3288 1107 3330 Constantinopoli
1119 3286 1176 3330 sub

308 3336 446 3369 Eudoxio
458 3338 578 3373 Ariana,
589 3339 725 3382 quintam
736 3341 768 3367 in
779 3340 886 3370 Nicaea
895 3338 1043 3378 Thracia,
1056 3335 1175 3380 sextam

304 3391 339 3420 in
349 3388 457 3424 syrmio
465 3409 476 3425 ‚
502 3385 536 3417 (π
542 3383 604 3425 post
614 3381 675 3417 haec
685 3387 773 3417 multo
781 3384 841 3427 post
862 3385 1020 3428 septimam
1031 3392 1064 3420 in
1074 3390 1105 3419 E
1103 3387 1175 3428 pbr·

302 3435 337 3482 *fh
349 3459 362 3478 ,
385 3440 431 3470 cui
442 3432 591 3478 Dioscorus
599 3431 764 3477 praesedit.
790 3440 899 3471 Omnes
920 3443 998 3472 enim
1010 3436 1067 3471 has
1084 3440 1174 3480 Impe-

1255 1305 1309 1328 aut
1322 1294 1483 1337 permiffio
1496 1306 1563 1328 nou
1572 1295 1711 1338 spectent
1723 1296 1762 1330 ad
1773 1296 1901 1339 Synodi
1915 1295 2140 1336 substantiam,

1255 1344 1289 1378 ὅ(
1310 1354 1376 1378 tam
1401 1345 1505 1379 abelie
1529 1345 1649 1388 poffint
1663 1369 1675 1386 ,
1701 1346 1799 1389 quam
1809 1344 1933 1382 adeffess
1961 1346 2037 1380 Sola
2047 1348 2137 1381 reeta

1255 1393 1331 1428 fidei
1343 1395 1509 1433 custodia,
1537 1395 1571 1428 &
1593 1396 1756 1430 sacrorum
1770 1396 1949 1431 Canonum
1965 1395 2139 1432 observan-

1255 1445 1299 1479 tia
1311 1454 1445 1479 tuentur
1456 1456 1494 1478 ac
1505 1444 1634 1479 firmant
1648 1444 1829 1488 synodales
1840 1446 1943 1481 Adus
1955 1471 1962 1479 .
1991 1445 2034 1480 Et
2044 1446 2137 1488 juxta

1256 1493 1354 1528 hosce
1375 1495 1530 1528 Canones
1547 1495 1688 1536 primum
1713 1496 1822 1530 locum
1847 1506 1937 1530 tenet
1956 1494 2138 1530 authoritas

1255 1542 1401 1576 Romani
1428 1541 1498 1575 Pon
1504 1542 1600 1576 tificis
1611 1565 1623 1582 ‚
1647 1544 1740 1586 cujus
1748 1545 1794 1577 est
1805 1545 1944 1587 Synodo
1955 1543 2137 1588 praefidere.

1253 1591 1293 1624 In
1313 1590 1408 1635 hujus
1431 1602 1554 1626 nomen
1575 1593 1761 1627 formantur
1785 1593 1964 1637 synodalia
1986 1593 2136 1637 Iudicia»

1253 1641 1297 1675 Et
1319 1639 1384 1674 hoc
1396 1651 1464 1675 non
1477 1642 1589 1683 paucis
1600 1643 1719 1675 saeculis
1730 1656 1742 1674 .·
1768 1643 1817 1676 Ita
1832 1644 1922 1678 enim
1945 1643 2025 1677 fecit
2037 1642 2135 1678 Chat-

1254 1689 1441 1724 cedonenfis
1464 1689 1639 1733 Synodus.
1667 1690 1845 1725 Sardicenfi
1867 1690 2008 1735 Synodo
2018 1690 2137 1738 Augu-

1252 1739 1297 1774 sta
1310 1739 1404 1783 juffio
1425 1739 1575 1774 adhibita
1585 1740 1755 1775 dumtaxat
1765 1740 1828 1775 fuit
1840 1742 1881 1776 ad
1891 1741 2045 1776 fistendos
2054 1754 2136 1777 con-

1251 1800 1393 1824 tumaces
1417 1788 1618 1824 Eusebianos
1631 1815 1638 1822 .
1666 1791 1750 1824 Eam
1762 1792 1927 1825 invocavit
1940 1791 2043 1834 Julius
2053 1801 2134 1827 tum,-

1252 1851 1351 1883 quam
1368 1839 1467 1884 Regii
1481 1837 1603 1874 brachii
1613 1841 1773 1875 auxilium
1786 1866 1793 1873 .
1822 1840 1965 1875 Proinde
1977 1842 2042 1875 sola
2053 1841 2134 1885 ejus-

1251 1890 1327 1924 dem
1353 1891 1430 1934 Julii
1460 1887 1641 1926 authoritas
1652 1890 1714 1926 fuit
1726 1891 1853 1935 Synodi
1865 1892 1965 1927 tuitio
1977 1901 2076 1936 atque
2085 1892 2135 1927 di-

1250 1940 1350 1975 rectio
1362 1966 1370 1974 .

1299 1990 1433 2027 Tertius
1444 2004 1532 2027 error
1541 1992 1585 2027 est
1598 2017 1609 2035 ,
1622 1992 1712 2037 quod
1727 1992 1910 2030 orientales
1921 1994 2073 2038 Episcopi
2084 1994 2132 2029 di-

1247 2041 1354 2076 xerint
1366 2043 1419 2077 sua
1433 2042 1559 2086 Judicia
1579 2055 1649 2078 non
1673 2046 1761 2088 posse
1781 2047 1938 2079 retractari
1951 2070 1958 2077 .
1987 2044 2031 2078 Et
2040 2044 2133 2089 quod

1249 2092 1331 2126 istud
1344 2092 1422 2126 reue
1437 2093 1590 2136 probetur
1599 2105 1640 2128 ex
1654 2094 1790 2129 adduiia
1813 2095 1956 2138 ipsorum
1974 2094 2109 2138 epistola
2119 2117 2129 2127 .

1248 2142 1351 2190 Qod
1365 2143 1444 2176 item
1466 2154 1506 2176 ex
1527 2142 1585 2176 ista
1607 2144 1744 2187 epistola
1758 2146 1838 2178 redte
1846 2145 2022 2189 colligetur
2031 2145 2108 2179 usus
2119 2166 2133 2185 ,

1247 2194 1301 2236 qui
1315 2203 1395 2225 tunc
1407 2193 1492 2236 apud
1507 2192 1688 2236 Episcopos
1700 2193 1879 2230 invaluerat
1891 2220 1900 2226 .
1915 2194 2045 2238 Nempe
2055 2195 2133 2228 usus

1247 2242 1427 2276 recurrendi
1450 2241 1489 2275 ad
1511 2242 1698 2284 Principem
1712 2267 1724 2283 ‚
1748 2244 1836 2277 &ab
1861 2245 1930 2285 ipso
1945 2243 2132 2286 postulandi

1247 2291 1501 2325 retractatorium
1530 2291 1696 2333 Judicium
1725 2317 1731 2323 .
1762 2292 1961 2335 Respondeo
1987 2302 2132 2326 errorem

1247 2339 1335 2374 hunc
1346 2341 1408 2374 effe
1416 2351 1586 2374 enormem
1598 2350 1696 2384 atque
1708 2341 1950 2376 intolerabilem
1960 2366 1967 2373 .
1994 2342 2130 2377 Ete'nim

1247 2390 1304 2424 ista
1315 2389 1449 2433 epistola
1472 2390 1517 2424 est
1540 2390 1775 2424 sceleratissima
1799 2391 1988 2425 Eusebianae
2000 2392 2128 2426 Fastio·

1247 2440 1295 2472 nis
1317 2440 1349 2472 in
1373 2438 1715 2482 Philippo-politam
1733 2441 1982 2476 Conventiculo
2006 2441 2130 2483 sutela,

1245 2500 1307 2532 qua
1324 2500 1527 2532 nequaquam
1539 2497 1608 2523 tota
1621 2489 1800 2524 Orientalis
1809 2490 1948 2525 Ecclefia
1960 2516 1969 2532 ,
1997 2491 2048 2524 sed
2060 2492 2129 2526 sola

1245 2538 1507 2575 facinorofiffima
1527 2538 1660 2572 Eusebii
1686 2539 1945 2575 Nicomedienfis
1974 2541 2129 2585 Episcopi

1244 2588 1425 2631 conjuratio
1445 2588 1586 2623 tentavit
1610 2588 1862 2624 Monarchicatn
1875 2588 2056 2624 Catholicae
2067 2591 2128 2624 Ec-

1244 2639 1343 2673 cleliae
1366 2639 1526 2673 unitatem
1547 2638 1705 2679 lacerare,
1735 2638 1935 2682 Apostolicae
1955 2638 2045 2673 Sedis
2057 2639 2125 2674 Pri-

1244 2699 1366 2722 matum
1378 2689 1538 2722 destruere
1547 2712 1556 2728 ‚
1585 2688 1754 2722 Romanas
1765 2690 2000 2733 appellationes
2012 2691 2052 2724 de
2065 2689 2124 2722 Di-

1247 2740 1328 2772 vi:ae
1348 2739 1429 2783 legis
1445 2737 1650 2781 praevaricatu
1674 2740 1841 2780 accusare,
1872 2739 2025 2774 damnare
2045 2739 2124 2782 Julii

1244 2788 1416 2822 pontificis
1437 2787 1519 2821 Asta
1541 2788 1624 2822 circa
1646 2787 1816 2823 Athanasii
1834 2802 1872 2824 ac
1896 2788 2036 2822 aliorum
2048 2789 2124 2831 Epi-

1241 2838 1413 2881 scoporum
1426 2837 1669 2872 revestitionem
1682 2847 1703 2879 ,⁷
1716 2839 1864 2881 &ipsum
1886 2848 2053 2881 tamquam
2063 2839 2121 2873 Di-

1241 2888 1307 2921 vini
1321 2888 1405 2931 Juris
1415 2889 1659 2932 tansgrefforem
1670 2888 1955 2931 excommunicare
1964 2913 1971 2920 .
1996 2889 2073 2936 Qa
2084 2890 2120 2922 in

1240 2950 1273 2972 re
1286 2937 1400 2972 Petrus
1423 2937 1465 2972 de
1486 2938 1601 2972 Marca
1623 2948 1726 2982 patrat
1744 2939 1883 2973 excelsus
1907 2939 2027 2971 varios.
2051 2937 2119 2971 Pri-

1240 2988 1297 3022 mo
1318 3012 1328 3028 ‚
1355 2987 1629 3022 sceleratiffimum
1655 2998 1832 3031 paucorum
1859 2987 2118 3022 Eusebianorum

1239 3038 1365 3073 facinus
1391 3037 1574 3072 transcribit
1595 3038 1628 3070 in
1652 3047 1757 3071 totam
1778 3038 1981 3073 Orientalem
2005 3038 2118 3072 Eccle-

1239 3089 1316 3122 siam
1330 3113 1337 3120 .
1362 3086 1512 3122 Secundo
1525 3111 1537 3127 ‚
1561 3086 1703 3121 existius
1713 3087 1953 3122 sceleratiffimae
1972 3087 2116 3132 epistolas

1237 3137 1436 3172 authoritate
1448 3135 1572 3171 invadit
1584 3135 1753 3170 Romanas
1766 3138 2001 3181 appellationes
2015 3162 2023 3170 .
2033 3137 2118 3171 Ter-

1241 3188 1291 3221 tio
1303 3211 1313 3226 ‚
1339 3199 1378 3220 ex
1390 3187 1457 3230 ejus
1467 3185 1655 3221 testimonio
1667 3187 1804 3222 affirmat
1816 3200 1877 3222 nos
1889 3188 1997 3223 doceri
2021 3187 2113 3220 usum

1236 3236 1339 3272 totius
1350 3236 1496 3270 Orientis
1505 3261 1512 3268 .
1540 3235 1671 3284 Qarto
1682 3259 1692 3275 ‚
1705 3236 1795 3272 istius
1805 3238 1945 3281 epistolae
1955 3235 2114 3279 iniquita-

1236 3296 1302 3321 tem
1325 3286 1521 3320 transcendit
1543 3296 1640 3329 atque
1660 3287 1804 3321 excedit.
1832 3287 1965 3322 Etenim
1977 3285 2113 3328 epistola

1239 3336 1320 3371 solas
1331 3334 1564 3370 Patriarchales
1574 3360 1584 3376 ,
1596 3335 1650 3369 ille
1661 3348 1769 3372 autem
1781 3334 2002 3372 provinciales
2012 3335 2113 3370 etiam

1237 3384 1388 3429 synodos
1398 3385 1535 3419 affirmat
1557 3386 1620 3419 esse
1641 3388 1800 3430 supremas
1815 3396 1911 3428 atque
1930 3385 2113 3428 inappella-

1237 3436 1335 3471 biles.
1364 3436 1446 3483 Qae
1456 3436 1568 3471 omnia
1590 3447 1631 3470 an
1653 3437 1810 3481 quadrent
1827 3436 1862 3469 in
1873 3434 2114 3518 Orthodgxum

2040 3495 2065 3518 r.
