2326 3718
649 102 935 154 RoM'A'Nis
968 99 1554 154 AanLt'AnonUS.

186 203 237 236 &a
249 196 470 237 retraCiatione
480 207 518 232 ac
529 195 762 232 reformatione
783 194 898 230 datum
911 204 1022 230 contra
1034 195 1067 228 se

189 251 491 294 judicium-„vetaret
510 248 599 283 mitti
625 247 661 282 in
681 246 914 284 executionem
936 270 943 278 .
971 245 1067 280 Certe

191 301 363 338 Romanus
386 296 545 333 Pontifex
574 296 833 334 provincialium
859 294 1067 339 Synodorum

190 349 310 393 judicia
324 348 391 383 alio
405 348 508 385 modo
531 360 601 384 non
618 347 722 393 potest
741 345 784 380 ab
795 348 989 380 executione
1002 357 1070 388 pro·

193 399 303 436 hibere
323 409 379 433 aut
402 399 616 442 suspendere:
641 395 714 430 Nifi
735 396 822 433 forte
844 408 898 440 per
909 397 1070 441 gratiam,

190 460 263 491 ,quae
274 458 354 484 tunc
374 449 408 482 in
431 450 489 485 usu
503 461 571 484 non
591 447 675 487 fuit,
704 458 745 480 ex
759 445 962 490 plenitudine
984 444 1072 489 pote·

194 499 302 534 statis.
331 500 441 535 Etiam
460 499 612 538 libellus,
627 497 757 539 aliique
770 497 943 540 Judiciales
965 496 1072 538 apices

194 561 265 583 non
289 549 462 584 defuerunt
485 575 495 585 ,.
522 549 567 583 Et
598 547 662 583 tale
689 547 862 590 implorare
887 544 1048 580 auxilium
1063 569 1073 584 ,

195 599 275 645 quid
286 599 331 635 est
344 598 434 634 aliud
445 623 456 640 ,
468 609 565 642 quam
577 598 737 642 appellare
749 598 766 629 ,ἕ
795 597 927 631 Etenim
941 596 976 629 in
988 595 1075 628 litte·

192 650 235 683 ris
247 649 289 684 ad
302 650 451 688 Sani-{ium
464 648 592 692 Papam
615 648 847 682 Innocentium
859 645 978 689 scripsit
990 645 1074 679 San»

194 702 262 734 stus
272 700 412 743 Joannes
422 696 674 741 Chrysostomus
687 710 694 730 ε
723 700 773 733 Ad
781 697 921 736 synodum
942 695 1075 736 appella-

194 756 320 790 vimus,
345 749 535 789 &judicium
559 747 764 792 inquisivimus
782 772 790 779 .
818 747 863 780 Et
888 744 1071 788 subjunxit:

194 805 247 834 Ea
259 810 326 842 qiiae
337 801 496 841 perperam
504 797 581 840 fiunt
591 823 602 840 ‚
629 809 685 831 non
691 795 784 841 solum
794 795 978 839 deploranda
990 819 1001 834 ,
1022 792 1079 837 sed

193 851 409 894 &corrigenda
413 846 503 892 sunt.
534 849 656 883 Eride&
667 847 855 881 charitatem
878 844 1006 885 vestram
1026 843 1079 876 ob·-

192 899 294 944 secro,
316 908 351 936 ut
358 907 533 941 provocetur
558 900 603 932 ad
623 899 830 932 condolendum
845 921 856 938 ‚
874 895 1077 939 faciendaque

196 954 294 983 omnia
305 974 317 990 ‚
343 960 398 992 quo
420 950 501 982 mala
511 947 574 984 baec
586 947 743 989 fistantur.
773 944 1016 988 Paraphrastice
1030 954 1080 976 ex·

196 1000 294 1044 ponit
315 1023 326 1039 ,
362 999 440 1042 quid
464 998 504 1032 sit
523 997 685 1040 appellare
706 1020 714 1028 .
741 994 898 1030 Ostendit
925 1004 993 1027 non
1020 993 1081 1025 effe

196 1049 309 1089 aliud,
335 1049 433 1090 quam
455 1046 627 1089 implorare
647 1044 815 1088 Synodale
833 1044 978 1079 Romani
996 1041 1081 1077 Pon·

195 1097 294 1134 tisicis
305 1096 466 1129 auxilium
477 1120 485 1128 .
512 1094 677 1131 Patienter
686 1096 825 1132 feramus
838 1095 1058 1136 Anonymum
1071 1116 1081 1130 ‚

197 1143 381 1183 dummodo
391 1156 457 1179 rem
470 1146 609 1179 fateatur
622 1169 633 1185 ,
660 1145 770 1179 ludere
786 1144 822 1177 in
836 1143 1003 1177 vocabulis
1016 1167 1026 1183 ‚
1049 1142 1083 1175 &

195 1196 244 1233 iti
254 1196 344 1230 suam
356 1195 390 1233 &
401 1195 449 1230 sui
463 1194 571 1230 dilecti
582 1194 671 1230 Petri
683 1195 723 1229 de
736 1195 850 1228 Marca
862 1194 1081 1228 calamitatem

195 1245 378 1286 consolari.

248 1295 418 1331 Secundus
437 1306 525 1330 error
545 1295 613 1335 est,
639 1293 729 1339 quod
753 1293 864 1328 denuo
888 1301 1028 1326 recurrat
1042 1290 1083 1327 ad

197 1346 288 1382 istud
307 1350 450 1385 Interim,
476 1345 518 1380 ad
538 1344 623 1379 istud
645 1344 824 1387 temporale
846 1343 980 1377 Pactum
1003 1342 1085 1375 inter

196 1396 390 1434 Romanam
411 1396 445 1430 &
467 1394 661 1429 Africanam
684 1394 861 1429 Ecclesiam
885 1417 896 1434 ,
922 1403 1021 1436 atque
1042 1392 1085 1426 ita

153 1459 159 1467 ¹
197 1445 356 1482 moliatur
379 1446 505 1482 avitum
523 1444 759 1480 Africanorum
774 1443 1014 1487 Episcoporum
1037 1440 1086 1483 jus

197 1496 380 1534 subvertere
393 1521 401 1529 .
428 1495 563 1531 Etenim
584 1495 669 1530 istud
683 1495 817 1529 Pactum
830 1494 912 1527 solas
924 1492 1086 1527 inferioris

199 1546 293 1587 Cleri
313 1545 547 1590 appellationes
571 1545 682 1590 attigit
698 1570 709 1586 ‚
736 1555 941 1587 nequaquam
954 1542 1088 1585 Episco-

199 1607 320 1642 porum
330 1620 339 1628 .
366 1596 412 1633 Et
421 1594 551 1631 abunde
577 1593 642 1630 hoc
656 1603 743 1638 patet
755 1595 806 1627 vel
827 1605 869 1627 ex
883 1593 960 1629 solis
970 1590 1024 1627 hic
1036 1603 1089 1635 per

201 1646 426 1689 Anonymum
446 1643 591 1689 adductis
611 1645 721 1681 santii
745 1643 927 1689 Augustini
959 1641 1087 1676 verbis:

202 1698 285 1740 ραι
312 1704 346 1729 ut
364 1698 385 1728 a
405 1695 505 1736 nostris
525 1694 706 1737 temporibus
731 1694 914 1733 remotiffima
925 1703 983 1726 non
996 1697 1090 1734 requi-

201 1757 273 1782 ram
284 1770 296 1787 ,
322 1751 454 1782 recentia
466 1743 630 1779 memorabo
643 1768 650 1776 .
677 1744 884 1788 Augustinus
894 1743 999 1787 palam
1011 1742 1094 1777 affir-

203 1805 275 1831 mat
288 1796 351 1830 esse
361 1795 463 1832 etiam
473 1795 693 1839 antiquiffima
704 1794 951 1838 Episcopalium
972 1791 1015 1830 ad
1026 1792 1094 1826 Ro-

203 1855 338 1882 manam
349 1844 466 1882 Sedem
486 1844 747 1889 appellationum
765 1845 851 1891 apud
874 1842 975 1878 Afros
986 1854 1094 1878 exem·

203 1897 282 1940 pla,
307 1895 448 1939 ideoque
459 1896 542 1938 ipsas
553 1893 649 1929 isthic
660 1895 783 1938 semper
807 1894 963 1939 viguisse.
993 1892 1095 1939 Qod

204 1946 313 1990 ipsum
334 1946 369 1980 in
393 1944 612 1990 superioribus
634 1943 681 1980 est
692 1943 823 1979 abunde
833 1943 1093 1979 demonstratum

203 2007 248 2030 ex
269 1995 341 2030 aliis
361 1994 543 2041 Augustini
562 1994 759 2030 testimoniis
772 2021 780 2029 .
808 1994 1016 2038 Augustinus
1041 1990 1094 2026 hic

204 2045 321 2082 laudat
339 2045 563 2088 antiquissima
583 2057 621 2085 ac
641 2046 784 2080 recentia
807 2044 977 2088 exempla:
1007 2043 1094 2090 Qis

206 2093 339 2128 dubitet
364 2095 467 2130 etiam
489 2095 583 2129 fuisse
607 2095 709 2128 medii
731 2092 911 2136 temporis?
937 2093 982 2128 Et
1002 2103 1092 2131 vox,

204 2147 372 2185 Rei-entia,
399 2155 470 2181 non
491 2144 647 2187 importat
670 2154 719 2178 res
740 2142 928 2183 hesternas,
953 2139 1093 2184 ideoque

206 2203 274 2228 tres
293 2193 359 2227 istae
377 2193 610 2237 appellationes
637 2192 790 2228 videntur
820 2191 994 2237 contigisse
1016 2201 1095 2226 ante

206 2242 448 2280 Pontificatum
459 2243 642 2278 Bonifacii.
672 2243 808 2277 Etenim
820 2241 1028 2286 Augustinus
1048 2242 1094 2276 af-

207 2293 324 2328 firmat.
341 2292 537 2327 Africanum
549 2316 560 2333 ,
585 2303 653 2337 quo
674 2291 846 2328 Antonius
856 2291 998 2335 quadam
1010 2291 1094 2333 Epi-

203 2340 348 2384 ‚scopalis
371 2342 544 2386 dignitatis
571 2342 724 2386 portione
745 2341 957 2376 mutilabatur
977 2365 987 2381 ,
1014 2340 1094 2384 judi-

209 2392 301 2425 cium
313 2400 381 2424 non
403 2393 467 2425 effe
491 2402 614 2426 novum
637 2401 695 2426 aut
715 2392 898 2432 insuetum,
926 2390 1095 2435 ideoquea

209 2440 386 2476 Bonifacio
396 2440 491 2477 fuisse
505 2452 574 2475 non
588 2440 669 2475 reste
681 2441 939 2476 circumdustum
954 2464 962 2472 .
989 2442 1097 2474 lnsue·

211 2502 284 2526 tum
306 2502 376 2525 non
394 2491 459 2526 esse
479 2491 579 2525 etiam
590 2491 677 2535 apud
687 2491 879 2526 Romanam
901 2491 1095 2524 Ecclesiam.

211 2540 386 2587 Qoniam
406 2542 473 2584 ipsa
493 2541 579 2575 circa
604 2540 800 2584 appellantes
820 2541 861 2575 ad
878 2541 909 2575 se
923 2540 1098 2575 Africanos

212 2591 380 2636 judicasset
400 2591 500 2632 talia,
526 2602 584 2628 aut
607 2591 694 2627 certe
708 2592 785 2626 talia
796 2590 1027 2626 Africanarum
1039 2591 1098 2633 Sy-

213 2641 381 2676 nodorum
404 2639 544 2685 iudicata
562 2642 803 2677 confirmaffet.
831 2641 865 2677 Si
887 2643 971 2676 inter
982 2641 1096 2676 talium

214 2692 449 2726 sententiarum
463 2690 615 2726 authores
629 2692 684 2726 vel
702 2693 948 2727 confirmatores
962 2690 1097 2726 Pontifi-

215 2752 267 2776 ces
278 2742 385 2777 fuisIet
396 2743 496 2777 etiam
509 2742 518 2775 i
522 2743 574 2785 pse
589 2741 780 2778 Bonifacius
791 2766 802 2782 ,
820 2741 991 2785 quomodo
1003 2742 1096 2775 istam

215 2791 354 2827 formam
377 2792 464 2826 circa
491 2791 681 2826 Antonium
704 2791 941 2836 improbasset?
966 2794 1098 2828 sanstus

216 2843 294 2876 item
306 2841 586 2886 Augustinusbtria
599 2843 705 2876 vicina
726 2843 980 2887 appellationum
992 2853 1099 2877 exem·

218 2890 273 2934 pla
282 2890 414 2927 adducit
436 2902 477 2926 ex
495 2892 609 2926 eadem
622 2892 799 2927 Provincia
811 2906 823 2928 ,-
852 2893 895 2927 Et
906 2895 997 2936 supra
1011 2892 1100 2927 audi-

220 2940 327 2974 vimus
346 2951 495 2982 quartum
519 2941 659 2977 Primosi
682 2941 904 2987 Thiganensis
928 2942 1099 2986 Episcopi.

221 2988 571 3034 Quare-dubitandum
592 3004 661 3027 non
684 2993 729 3027 est
748 3018 759 3034 ,
787 2995 868 3034 quin
889 3004 945 3036 per
965 3003 1100 3027 omnem

222 3039 372 3073 Africam
385 3040 504 3082 fuerint
516 3041 615 3087 longe
626 3044 715 3087 plura
727 3067 735 3075 .
761 3044 843 3077 Haec
855 3044 951 3077 etiam
976 3043 1102 3077 fortiter

223 3089 361 3123 suadent
375 3093 617 3126 memoratum&
628 3093 743 3127 Sancto
758 3093 946 3139 Augustino
961 3094 1102 3127 Lauren-

223 3139 308 3173 tium
321 3150 390 3172 non
401 3140 493 3175 fuisse
504 3141 696 3178 Icositanurn
711 3143 908 3187 Episcopum
920 3144 1102 3188 ‚Legatum

225 3186 436 3225 Caesaraeensis
446 3189 667 3226 Mauritaniae.
696 3193 828 3228 Etenim
851 3194 907 3228 ille
918 3205 972 3237 per
985 3195 1103 3229 Roma-

225 3251 302 3274 nam
324 3240 356 3273 &
371 3239 562 3274 Africanam
577 3240 752 3277 Ecclesiam
760 3255 828 3280 erat
847 3246 989 3288 privatus
1002 3244 1104 3278 hono-

224 3300 259 3325 re
278 3289 315 3327 ὅ(
331 3290 485 3324 facultate
505 3290 692 3326 solemniter
710 3293 837 3328 sedendi
851 3296 885 3328 in
901 3296 958 3329 suo
972 3296 1105 3338 Episco-

227 3339 293 3382 pali
307 3339 452 3377 Throno
464 3364 473 3379 ‚
501 3340 649 3384 adeoque
665 3352 790 3377 certum
810 3343 854 3377 est
868 3344 1047 3379 istiusmodi
1061 3346 1105 3378 vi-

228 3437 300 3476 ciat.

1841 126 1868 159 2
1880 127 1898 170 3
1911 125 1938 172 7

1177 190 1314 228 Tertius
1326 204 1414 228 error
1424 195 1469 228 est
1484 219 1496 236 ,
1521 196 1610 239 quod
1623 195 1825 244 Anonymus
1839 199 2007 245 Episcopa-

1131 243 1211 279 lium
1230 243 1492 285 ‚appellationum
1508 247 1757 293 abrogationem
1768 250 1927 286 adscribat
1938 262 2009 286 om·

1133 293 1227 327 nibus
1240 291 1407 328 Africanis
1422 294 1593 339 Episcopis
1605 321 1612 328 .
1642 298 1710 332 Uti
1726 300 1792 343 ejus
1802 299 1938 335 dilestus
1949 300 2008 336 Pe-

1132 352 1198 377 trus
1223 343 1265 377 de
1277 343 1390 378 Marca
1411 345 1577 380 sceleratas
1596 345 1907 391 Philippo-Politani
1922 351 2013 386 Con-

1134 393 1292 428 venticuli
1303 392 1425 429 litteras
1437 395 1589 431 adscribit
1599 397 1662 430 toti
1676 396 1819 433 Ecclesiae
1828 402 2013 442 Orientali,

1134 445 1177 478 ita
1202 444 1264 486 ipse
1289 444 1362 478 istas
1384 446 1618 480 infelicissimas
1642 447 1763 480 litteras
1785 449 1932 484 adscribit
1950 451 2015 485 toti

1135 495 1299 528 Africana.
1319 495 1476 538 Synodo.
1505 496 1643 531 Peffime
1661 521 1668 529 .
1698 496 1832 530 Etenim
1856 500 2016 533 fuerunta

1135 544 1204 578 solo
1227 542 1365 580 Aurelio
1386 571 1397 587 ,
1425 548 1458 580 ὃς
1481 546 1673 590 quibusdam
1698 547 1754 591 ipsi
1779 545 2019 583 adhaerentibus

1137 594 1323 638 Episcopis.
1353 597 1487 630 Sanetus
1515 597 1744 643 Augustinus,
1767 598 1802 631 δε
1823 598 2022 632 ευηέὶὶωπι

1137 644 1207 686 ipso
1220 645 1369 679 meliores
1390 658 1427 681 ac
1450 647 1610 681 doctiores
1632 648 1785 691 Episcopi
1804 647 1922 681 Sancto
1934 646 2024 690 Apo·

1137 692 1222 727 stolo
1236 694 1335 729 Petro
1347 695 1595 731 constantissimi
1607 697 1809 732 adhaeserunt
1825 724 1834 733 .
1861 697 1966 732 Porro
1980 708 2023 730 an

1138 742 1290 779 Aurelius
1302 745 1420 780 sincera
1440 747 1475 781 &
1487 746 1575 781 bona
1591 746 1656 782 fide
1671 749 1762 782 istam
1774 747 2025 792 abrogationem

1139 793 1332 836 tentaverit,
1359 796 1479 840 ignoro
1491 821 1499 829 .
1528 797 1670 832 Videtur
1683 797 1727 830 ob
1739 799 1867 832 Zozimi
1881 797 2026 831 Pontifi-

1139 844 1229 877 eisin
1244 845 1365 879 avitam
1378 848 1440 882 suae
1461 847 1850 891 gentisconsuetudinem
1873 848 2025 882 tentami-

1143 905 1181 926 na
1206 894 1298 928 fuisse
1318 895 1422 939 lapsus
1447 897 1482 929 in
1495 896 1628 932 verbum
1640 892 1821 940 vApostdli:
1848 902 1899 930 Ira
1913 900 2029 938 viriJ'u-

1135 942 1251 983 stiriam
1264 948 1321 978 Dei
1342 957 1401 979 non
1421 955 1560 988 operatur
1571 973 1578 980 .
1608 945 1750 982 Videtur
1764 958 1806 981 ex
1819 948 1864 981 ira
1879 948 2029 982 cecidisse

1143 993 1176 1026 in
1187 993 1356 1034 tenebras,
1385 1005 1483 1039 atque
1497 997 1540 1030 ita
1554 998 1587 1031 in
1601 997 1770 1032 tenebrosa
1783 998 1939 1032 Decreta.
1974 997 2029 1030 An

1144 1042 1223 1076 tales
1246 1045 1385 1079 tenebrae
1407 1058 1477 1080 non
1502 1049 1649 1083 auferant
1671 1048 1795 1083 bonam
1818 1047 1937 1088 fidem,
1967 1058 2034 1090 pet·

1144 1093 1242 1126 mitto
1262 1093 1334 1128 aliis
1357 1094 1587 1137 judicandum.
1616 1098 1789 1144 Qidquid
1814 1098 1876 1140 fit,
1902 1099 2036 1141 abroga-

1145 1143 1192 1177 tio
1216 1144 1335 1178 mansit
1359 1145 1426 1179 fine
1447 1147 1563 1180 effectu
1588 1148 1621 1180 &
1644 1149 1842 1181 executione
1863 1173 1870 1180 .
1899 1148 2037 1182 Etenim

1147 1194 1288 1236 proximi
1311 1194 1515 1230 Succeffores
1539 1196 1669 1230 Aurelii
1695 1195 1921 1238 imp‘robarunt
1943 1197 2040 1232 auda·

1146 1244 1231 1277 ciam
1239 1266 1249 1282 ‚
1259 1245 1293 1278 ὅ(
1305 1244 1599 1280 circumduxerunt
1612 1271 1619 1278 .
1647 1245 1740 1280 Hinc
1752 1246 1948 1290 Fulgentius
1963 1247 2038 1279 Fer-

1148 1293 1267 1327 raudus
1291 1317 1302 1333 ,
1329 1294 1593 1339 carthaginensis
1613 1296 1763 1331 Ecciefiae
1788 1295 2038 1330 Archi-Diaco-

1150 1354 1230 1381 nuS‚
1258 1343 1502 1379 &Cresconius
1524 1345 1702 1380 Africanus
1728 1346 1907 1389 Episcopus
1931 1368 1941 1384 ,
1968 1357 2039 1378 non

1149 1394 1266 1427 remoti
1287 1392 1328 1428 ab
1342 1394 1469 1429 Aurelii
1493 1406 1638 1439 tempore
1650 1420 1661 1437 ‚
1691 1398 1724 1430 in
1738 1396 1802 1430 suis
1816 1395 2041 1430 Colleffioni-

1151 1443 1210 1477 bus
1231 1443 1365 1479 laudant
1390 1445 1593 1480 sardicenses
1617 1446 1793 1486 Canoues,
1819 1446 1853 1479 &
1868 1446 2040 1481 Romanas

1154 1494 1391 1542 Episcoporum
1412 1496 1668 1541 appellationes.
1697 1496 1764 1532 Res
1775 1497 1833 1532 suo
1849 1496 1925 1532 loco
1939 1506 2046 1541 expo⁴

1153 1554 1246 1579 netur
1257 1569 1264 1578 .

1308 1794 1349 1841 C
1386 1794 1430 1839 A
1467 1795 1502 1840 P
1539 1795 1585 1841 U
1618 1793 1663 1842 T
1733 1796 1903 1843 XXIII.

1159 1935 1423 1981 Examinatar
1436 1932 1606 1999 quaedam
1619 1932 1826 1981 Gallicana
1842 1939 1942 1981 circa
1958 1932 2053 1983 hanc

1391 2004 1613 2073 quaestioiiem
1625 2003 1795 2071 Epistola
1806 2041 1818 2052 .

1256 2139 1330 2174 Um
1353 2140 1420 2178 haec
1442 2141 1568 2183 scribo,
1594 2143 1704 2176 nescio
1728 2144 1802 2186 quis
1826 2145 1859 2178 in
1880 2144 1990 2179 Gallia
2004 2146 2052 2180 vir
2094 2138 2100 2142 ⁷

1279 2191 1393 2226 dostus
1406 2192 1447 2227 ad
1462 2192 1566 2226 alium
1588 2192 1623 2226 in
1643 2192 1743 2227 Alma
1757 2194 1853 2228 Urbe
1878 2195 2054 2230 Eruditum

1159 2241 1281 2284 scripsit
1293 2242 1353 2275 hac
1364 2242 1405 2277 de
1423 2253 1457 2277 re
1468 2242 1659 2285 epistolam.
1689 2243 1732 2277 Et
1743 2245 1892 2278 continet
1906 2245 2055 2289 quaedam

1160 2301 1228 2323 non
1254 2291 1430 2334 spernenda
1454 2318 1462 2325 .
1491 2293 1585 2326 Hinc
1609 2293 1712 2335 ipsam
1736 2294 1847 2328 censui
1869 2294 2056 2329 discutien-

1159 2339 1235 2372 dam
1255 2362 1266 2378 ,
1290 2341 1324 2375 δε
1350 2342 1513 2386 integram
1538 2342 1794 2385 apponendam:
1822 2347 1885 2387 ,Qui
1906 2344 2054 2386 epistolam

1159 2389 1381 2431 ducentefimam
1393 2391 1605 2437 sexagesimam
1612 2398 1746 2434 primam
1758 2395 1908 2437 Augustini
1930 2397 2056 2428 adcae-

1157 2439 1290 2478 lestinum
1301 2446 1479 2484 impugnant
1497 2466 1506 2480 ‚
1534 2443 1675 2476 &eidem
1699 2447 1880 2477 contendunt
1894 2456 1951 2477 non
1978 2445 2056 2478 ret‘le

1160 2489 1284 2522 attribui
1298 2515 1308 2530 ‚
1333 2491 1384 2523 hoc
1392 2493 1541 2532 praecipue*
1561 2496 1698 2524 nituntur
1708 2503 1878 2536 argumento
1894 2506 1903 2535 3
1931 2493 2058 2536 ‚Quodfi

1163 2540 1232 2572 veri?
1242 2538 1281 2580 fit
1305 2540 1454 2583 Augustini
1469 2565 1478 2580 ,
1505 2553 1571 2584 ergo
1594 2543 1627 2574 (9⁶
1647 2542 1696 2574 ille
1707 2553 1772 2574 cum
1783 2542 1835 2585 suo
1854 2546 1987 2578 I’rimate
1998 2553 2053 2585 ap·

1157 2590 1313 2632 pellationi
1326 2589 1480 2633 consensit,
1505 2602 1595 2632 quam
1608 2592 1652 2623 ad
1662 2594 1765 2625 Sedem
1781 2591 1968 2634 apostolicam
1992 2599 2053 2626 An-

1160 2644 1257 2672 tonius
1280 2640 1450 2684 Fuffalensi‘s
1473 2639 1707 2683 interposuerat.
1736 2645 1828 2676 Immo
1853 2644 1887 2675 Θ
1906 2652 1966 2676 tres
1979 2646 2052 2677 Pro·

1161 2694 1270 2723 vinciae
1294 2688 1497 2733 Caesaraeenſss
1520 2690 1680 2733 Episcopos
1691 2694 1819 2726 eandem
1830 2694 1932 2726 sedem
1951 2695 2053 2735 appel-

1160 2739 1227 2782 laffe
1239 2739 1406 2781 fatendum
1431 2747 1505 2775 erit.
1532 2746 1600 2775 Nec
1619 2747 1709 2774 etiam
1734 2748 1907 2784 antiquiora
1928 2744 2051 2786 defuisse

1161 2788 1302 2832 eJusmodi
1320 2798 1562 2832 provocationum
1586 2792 1722 2832 exempla
1743 2817 1750 2823 .
1783 2799 1843 2828 Hoc
1872 2793 2051 2839 Adversarii

1160 2851 1224 2873 cum
1247 2840 1392 2881 Africana
1418 2840 1576 2884 disciplina
1592 2844 1709 2874 omnino
1739 2851 1875 2885 pugnare
1891 2845 2049 2884 clamant,

1158 2892 1338 2932 proindeque
1359 2902 1422 2924 cum
1444 2891 1596 2935 Augustino
1609 2905 1620 2925 :
1646 2895 1725 2924 Cum
1738 2892 1891 2935 Africana·
1914 2892 2049 2934 Ecclefiae

1164 2945 1236 2974 Dux
1254 2944 1389 2974 Aurelius
1402 2941 1502 2983 fuerit
1515 2966 1526 2981 ,
1557 2941 1731 2985 Augustinus
1755 2948 1926 2985 ingenium.
1950 2947 2051 2976 Novi-

1162 3002 1226 3023 mus
1248 2992 1281 3024 (θ’
1301 3003 1374 3031 nos,
1400 3001 1545 3033 quantum
1565 2993 1604 3024 ab
1616 2991 1663 3024 hIs
1675 2991 1895 3034 Transmarinis
1908 2995 2050 3037 Judiciis

1166 3040 1298 3082 Africani
1325 3043 1432 3074 Patres
1456 3041 1665 3075 abhorruerint
1678 3044 1750 3083 jam
1761 3043 1832 3076 inde
1851 3044 2047 3084 acypriano.

1166 3091 1201 3123 ld
1213 3090 1360 3133 Augustini
1370 3115 1380 3130 ,
1408 3093 1574 3133 Aureliique
1585 3099 1712 3134 tempore
1729 3093 1901 3134 pottfflmum
1922 3100 2030 3126 enituit
2041 3118 2048 3125 .

1168 3145 1228 3175 Vix
1239 3143 1312 3175 dum
1324 3147 1417 3175 etiam
1426 3140 1493 3174 huic
1514 3146 1543 3174 E
1545 3140 1645 3182 cclefiae
1657 3151 1724 3184 pax
1737 3143 1776 3175 ab
1799 3145 1942 3176 Hilderico
1954 3146 2053 3176 reddi-

1166 3199 1200 3224 ta
1202 3191 1309 3233 suerat
1322 3216 1331 3231 ‚
1358 3203 1422 3224 cum
1433 3197 1466 3224 in
1478 3193 1606 3226 Concilio
1627 3194 1762 3236 generali
1773 3192 1958 3237 Cartbagine
1968 3193 2051 3226 habi-

1167 3251 1197 3275 to
1206 3243 1330 3286 legenda
1336 3240 1607 3284 subscribendaque
1626 3243 1726 3276 oblata
1732 3242 1804 3287 sunt
1820 3245 1932 3286 aliquot
1956 3248 2052 3277 Decre-

1167 3301 1222 3333 ta,
1250 3293 1364 3326 Aurelio
1386 3291 1515 3333 Praeside
1534 3293 1601 3325 olim
1617 3291 1734 3335 sancita
1758 3318 1769 3334 ,
1795 3299 1874 3326 inter
1897 3306 1964 3336 quae
1990 3300 2050 3327 tria

1125 3374 1129 3381 ,
1162 3340 1234 3385 sunt
1255 3366 1265 3382 ‚
1293 3354 1359 3385 quae
1381 3340 1614 3384 Transmarinas
1638 3345 1853 3384 appellatIones
1875 3345 2050 3377 omnimodis

229 3399 300 3424 rum
311 3401 380 3429 non
402 3391 495 3429 fuisse
508 3391 710 3434 Synodalem
723 3392 883 3437 Legatum
898 3395 958 3428 suae
970 3394 1107 3429 Provin-
1127 3399 1130 3440 ’ᾖ
1169 3401 1277 3427 vetant
1288 3418 1295 3427 .
1324 3396 1351 3424 E
1357 3401 1368 3424 t
1382 3392 1434 3425 hoc
1454 3392 1574 3426 authore
1585 3394 1742 3435 Bonifatio
1753 3393 1999 3435 Carthaginensi.

1853 3443 1997 3483 Respon-
