2326 3718
802 136 1049 196 Renum,
1088 154 1149 182 ET
1181 139 1546 185 VERBORUM·

309 221 422 260 maso.
451 219 505 267 63.
521 231 548 256 1.
569 218 608 253 ln
621 218 762 262 synodis
775 219 981 264 generalibus
993 220 1141 254 Orienta-

315 272 365 305 les
374 270 527 314 Episcopi
539 281 606 303 non
620 269 890 314 sunrconjudices
901 294 911 309 ,
937 281 992 305 aut
1001 269 1145 309 ,habituri

310 319 479 378 ,Synodale
502 320 712 365 suffragium,
737 318 789 359 sed
801 320 1003 362 Synodalem
1026 320 1148 354 Rorna-

313 372 351 406 ni
374 371 529 416 Episcopi
546 373 734 411 tractatum,
760 381 858 413 atque
880 371 1039 414 judicium
1059 369 1148 403 subi-

315 419 403 456 turi
1072 420 1147 453 ibid.

263 471 458 511 Concilium
472 471 624 517 generale
633 440 718 507 solas
744 469 826 504 sibi
815 483 833 503 a
846 470 1010 504 Pontifice
1023 470 1150 513 delega-

308 533 363 562 tas
374 524 482 557 causas
494 523 598 565 potest
618 520 710 562 juxta
723 521 874 554 sanetum
890 520 1037 555 Leonem
1051 520 1149 564 agita-

313 583 348 608 re
361 583 398 607 ac
409 572 544 606 definire
555 596 565 611 ‚
593 568 646 618 78.
659 581 687 605 2.
702 570 775 604 vide
787 572 939 609 synodus.

260 622 457 666 ,consistorii
468 621 597 664 Papalis
609 621 711 663 prima
724 622 849 654 mentio
860 646 870 662 ,
903 618 980 669 138.
994 632 1014 654 ι.
1039 618 1148 654 Cardi-

309 673 558 714 „nalesDiaconi
582 671 664 707 olim
691 671 912 711 Confistorio‚
940 670 1147 713 autSynodo

312 735 381 759 non
393 721 575 757 assistebant
591 747 601 763 ‚
630 719 707 758 268.
721 733 752 756 2.
768 721 882 755 Hodie
892 721 1028 755 affident
1040 746 1047 753 .
1069 720 1146 758 ibid.

307 772 552 808 Confistorium
573 772 692 815 Papale
715 772 848 806 Siricius
876 782 970 805 vocat
994 770 1148 812 Presbyte-

312 830 392 867 rium
401 850 414 867 1.
1023 831 1103 867 204.
1119 831 1145 856 1.

258 873 487 917 Constantina:
498 873 689 908 donationis
701 872 954 906 instrumentum
966 870 1032 904 falsi
1046 870 1148 913 argui-

307 937 391 967 ¹tur,
417 935 470 971 25.
489 935 515 960 t.
539 924 620 958 Non
633 922 716 956 bene
734 920 855 955 dicitur
875 920 915 955 ab
930 920 1068 955 Ecclesia
1082 920 1147 953 Ro-

308 987 408 1010 mana
422 974 636 1018 approbatum
648 972 690 1006 ab
700 972 898 1016 ostingentis
909 973 1003 1010 annis
1013 993 1023 1009 ,
1037 982 1104 1017 ¹77·
1118 979 1159 1003 2..

307 1026 426 1068 Plures
438 1024 701 1061 eruditivcensent
714 1033 781 1055 non
796 1022 858 1055 esse
871 1032 954 1064 opus
974 1020 1056 1054 adeo
1067 1018 1149 1052 anti-

311 1087 438 1118 quum,
464 1075 538 1105 ibid.
552 1071 693 1113 Ecclesia
703 1071 857 1104 Romana
879 1070 960 1110 illud
986 1081 1054 1103 non
1080 1080 1149 1112 pro-

306 1124 402 1165 ¹bavit
415 1147 427 1162 ‚
454 1122 534 1155 d'um
547 1121 681 1165 suscepit
692 1120 1056 1154 GratianiDecretum:
1079 1118 1149 1153 imo

306 1183 423 1218 graves
449 1169 614 1206 Authores
633 1171 791 1205 testantur
811 1169 1010 1204 Gratianum
1042 1171 1148 1212 ipsum

307 1223 478 1268 agnovisse
501 1221 588 1263 ‘istud
615 1221 870 1262 instrumentum
894 1220 960 1259 *esse
983 1220 1127 1269 spurium
1138 1244 1148 1259 Δ.

307 1273 381 1307 ibid.
422 1302 424 1304 .

252 1322 631 1366 :constantinopolitana
648 1321 789 1355 Ecclesia
807 1320 953 1363 Pallium
977 1332 1049 1358 non
1062 1332 1149 1359 acce·

310 1376 358 1417 pit
369 1374 388 1408 a
400 1374 556 1408 Romana
571 1372 710 1406 Ecclesia
719 1394 727 1402 .
1026 1379 1106 1418 194.
1117 1382 1149 1407 2.

251 1422 631 1467 „Constantinopolitana
653 1420 808 1465 synodus
832 1421 1006 1456 aDatriaso
1028 1421 1151 1461 ,confir-

304 1485 393 1510 mata
405 1498 416 1514 ,
446 1483 523 1511 120.
533 1483 565 1507 2.
589 1471 763 1514 >Nicaenam
788 1471 885 1506 fidem
899 1471 940 1506 de
953 1472 1152 1507 Sacro-San-

305 1526 357 1559 &a
368 1524 537 1559 Trinitate
559 1535 597 1557 ac
608 1522 724 1557 divina
735 1521 962 1557 incarnatione
975 1522 1149 1566 insigniter

305 1574 457 1616 defendit
474 1586 515 1615 ac
526 1573 684 1609 stabilivit
703 1597 711 1605 .
1072 1572 1150 1611 ¹ibid.

251 1624 631 1668 Constantinopolitana
640 1622 798 1667 vSynodus
809 1622 958 1657 adversus
973 1622 1063 1658 Petri
1074 1621 1152 1657 Ale-

306 1675 463 1709 xandrini
485 1672 682 1713 Patriarchoe
706 1673 985 1716 praesumptionem
1013 1698 1023 1713 ,
1045 1669 1105 1718 48.
1121 1684 1150 1708 2.

307 1725 379 1759 Cur
398 1724 502 1759 totius
513 1722 726 1769 AEgyptiacae
740 1723 927 1758 Dioeceseos
948 1721 1147 1757 administra·

305 1775 435 1810 tionem
459 1776 648 1810 committat
674 1773 733 1807 soli
755 1773 982 1808 Alexandrino
1006 1772 1152 1807 Patriar-

309 1824 398 1867 chae,
429 1837 490 1860 nec
502 1824 685 1860 meminerit
697 1822 858 1864 Romanae
872 1824 1044 1858 Ecclesiae?
1070 1833 1125 1871 49
1119 1835 1149 1857 ..ι

306 1875 488 1912 Canonem
500 1887 534 1931 5.
545 1873 697 1919 Nicaeni‚
717 1874 886 1918 suffigat,
910 1873 1009 1914 valde
1019 1873 1151 1908 modice

305 1926 434 1970 tangit.
891 1943 894 1946 ·
1046 1933 1108 1969 ·.49
1122 1936 1150 1958 2

254 1973 634 2017 constantinopolitana
655 1971 842 2016 Synodus‚
870 1982 911 2006 an
933 1952 1148 2017 postulaverit

307 2024 495 2056 confirmari
507 2024 524 2054 a
539 2023 694 2055 Romano
706 2022 872 2053 Pontifice
886 2023 899 2051 ?
927 2031 1003 2055 120.
1016 2029 1048 2052 2.
1060 2021 1149 2053 Con-

308 2070 387 2106 flata
409 2082 478 2106 erat
498 2081 539 2104 ex
563 2070 702 2115 peffimis
727 2068 936 2103 hominibus.
965 2069 1036 2102 ibid.
1061 2068 1149 2103 Con-

306 2121 602 2165 stantinopolitana
625 2119 778 2163 Synodus
797 2118 936 2153 Canone
956 2131 988 2155 2.
1013 2129 1082 2154 non
1102 2121 1149 2153 in·

308 2181 503 2216 terpretatur
517 2171 693 2205 Canonem
716 2180 747 2216 5
772 2167 983 2210 Nicaenum‚
1003 2167 1056 2203 sed
1078 2181 1148 2213 pra:-

299 2223 419 2256 sertim
431 2224 576 2256 sextum
932 2217 988 2265 48
1002 2231 1034 2256 2·
1045 2230 1101 2266 49-
1116 2230 1149 2260 2·

255 2270 639 2314 Constantinopolitani
651 2269 806 2313 Episcopi
832 2281 949 2304 omnes
975 2270 1046 2317 post
1072 2268 1149 2304 San·

305 2322 392 2355 &um
429 2321 589 2362 Joannem
611 2316 902 2363 Chrysostomum
935 2328 1147 2359 tentaverunt

305 2366 490 2413 Ephefinos
505 2367 673 2404 Exarchos
684 2370 738 2402 sua
751 2368 1003 2412 authocephalia
1019 2381 1148 2410 exuere,

305 2430 343 2454 ac
356 2419 471 2464 Regiae
482 2418 637 2453 Civitatis
648 2415 770 2455 throno
783 2417 938 2461 subjicere
951 2444 963 2460 ‚
989 2428 1086 2462 atque
1101 2422 1146 2454 ita

305 2470 368 2504 sese
378 2468 517 2510 evehere
531 2468 563 2502 in
574 2467 778 2508 Patriarchas
790 2492 797 2500 .
1045 2470 1097 2517 36.
1116 2480 1143 2504 1.

249 2519 650 2563 'Constantinopolitanus
665 2517 846 2575 Episcopus
860 2518 1071 2560 quandonam
1085 2532 1144 2555 coe·

304 2571 387 2614 perit
422 2569 544 2605 habere
577 2568 786 2603 secundum
779 2580 814 2601 in
846 2564 990 2603 Ecclesia
1014 2569 1144 2610 locum,

305 2631 374 2669 ¹93·
399 2630 432 2656 2.
455 2630 532 2667 299
555 2631 584 2655 2
608 2620 739 2654 Sanetus
764 2619 834 2653 Leo
855 2618 939 2653 circa
961 2618 1027 2654 hoc
1057 2621 1144 2664 pasta

303 2672 435 2705 Domni
456 2681 493 2704 ac
506 2669 641 2709 Procli,
669 2668 745 2708 licet
769 2679 822 2711 per
843 2666 1143 2706 Chalcedonensem

302 2719 477 2765 Synodum
504 2712 720 2759 confirmata,
747 2719 969 2761 potentissime
990 2733 1027 2755 ac
1051 2722 1145 2765 peni-

305 2782 358 2806 tus
371 2771 536 2806 abolevit.
562 2779 639 2817 299.
654 2779 684 2803 2.
714 2768 790 2811 Ejus
813 2769 974 2811 judicium
990 2771 1142 2806 Romana

261 2860 264 2863 .
304 2822 446 2857 Ecclesia
457 2819 605 2867 defendit
626 2818 846 2861 &custodivit
865 2831 920 2870 pet
941 2821 1043 2860 multa
1056 2823 1144 2856 saecu·

309 2872 341 2912 ia
354 2896 362 2903 .
1066 2873 1143 2909 ibid.

256 2920 495 2962 Constantinus
512 2920 706 2956 Donatistae
717 2920 757 2955 ad
781 2920 812 2959 se
824 2930 1040 2963 provocantes
1053 2923 1144 2956 remi-

306 2971 345 3005 fit
366 2970 407 3011 ad
429 2971 556 3014 Papam
575 2968 816 3010 Melchiadem.
845 2982 898 3018 75.
913 2980 944 3005 2.
966 2971 1050 3010 Non
1064 2972 1143 3010 Gal-

305 3020 452 3061 licanos,
479 3031 561 3064 quos
584 3021 639 3063 ipsi
663 3020 815 3064 petebant
839 3045 849 3062 ‚
876 3021 969 3055 dedit
993 3022 1146 3065 Judices,

306 3071 362 3105 sed
382 3070 580 3111 Pontificem
594 3070 803 3108 Romanum.
833 3082 876 3119 9¹·
890 3083 917 3107 1.
939 3072 1021 3118 Qo
1031 3082 1140 3112 tamen

252 3152 256 3155 .
305 3120 492 3160 Donatistis
512 3119 637 3162 aliquid
660 3120 858 3165 impertiret,
884 3120 1036 3165 adjunxit
1049 3124 1145 3167 quos·

305 3171 382 3206 dam
404 3171 595 3213 Gallicanos
618 3170 815 3214 Episcopos,
842 3181 920 3219 229.
949 3180 981 3212 2.
1004 3173 1145 3208 Donati-

304 3222 428 3256 starum
447 3232 553 3266 preces
575 3218 746 3263 transtulit
766 3221 802 3255 'ui
825 3223 966 3262 formam
990 3221 1146 3266 Appella-

304 3272 427 3307 tionis.
449 3270 451 3272 ’
1018 3283 1095 3320 227.
1117 3281 1144 3305 1.

197 3324 203 3330 ’
252 3321 495 3364 Constantinus
503 3346 514 3364 ,
540 3332 582 3357 an
596 3318 683 3356 idem
697 3321 829 3356 senserit
842 3332 916 3357 cum
929 3322 1145 3358 Eusebianis?

1925 159 2020 207 379

1263 230 1348 263 112·
1356 231 1383 257 1.
1396 218 1570 259 Veriusest
1583 223 1693 265 ‚quod
1707 236 1800 266 non,
1808 225 1861 261 sed
1872 222 2090 270 SynodoSar-

1259 270 1378 304 dicensi
1403 269 1585 304 adhaeserit.
1607 272 1684 307 ibid.
1700 274 1917 315 Athanasium
1939 288 2015 312 cum
2030 277 2089 313 ho-

1260 320 1403 355 norificis
1417 320 1676 359 litterisremifit
1669 337 1702 358 in
1716 327 1850 365 Sedem.
2007 328 2088 363 ..ibid

1207 369 1386 407 Constanti
1394 383 1451 408 nus
1460 372 1639 414 imperator
1649 371 1689 405 ab
1701 375 1891 413 Eusebianis
1901 376 2003 416 didius
2015 381 2090 419 Epi·

1254 419 1357 463 scapus
1368 420 1600 465 .EP¹⁴fi‘⁰P⁰¹'um-
1623 431 1682 469 -90-
1694 434 1723 459 2·
1741 435 1847 463 112-1-
1866 427 1908 465 In
1919 427 2094 466 decernen-

1259 471 1303 503 do
1328 470 1448 504 faciens
1469 473 1498 505 se
1511 470 1698 517 Principem
1714 473 1948 518 Episcoporum
1970 477 2093 511 dicitur

1260 520 1438 553 abominatio
1457 520 1647 564 *desolationis
1659 547 1669 563 ‚
1696 532 1763 564 quae
1781 524 1802 554 ἄ
1813 526 1936 560 Daniele
1943 526 2093 568 praedffla

1254 571 1297 611 ‘est
1318 595 1324 602 .
1354 582 1406 617 95.
1430 582 1451 605 i.
1475 570 1690 610 Suadentibus
1712 571 1905 611 Eusebianis
1925 576 2092 620 plusquam

1260 631 1479 658 trecentorum
1505 622 1743 665 Episcoporuin
1755 634 1958 659 conventum
1970 636 2009 658 ex
2026 626 2091 659 Ec.-

1261 672 1354 706 clesia
1372 673 1518 706 transfert
1544 673 1584 706 ad
1610 672 1786 715 palatium,
1810 685 1852 709 ‚ac
1870 673 1940 717 ipse
1953 675 2093 717 praefidet

1255 722 1293 759 ,δε
1307 722 1486 764 Episcopos
1506 723 1599 766 cogit
1616 723 1660 759 aad
1682 723 1735 758 sua
1748 722 1911 761 ,desideria
1933 747 1941 756 .
1968 731 2047 763 100.
2064 735 2093 765 1.

1259 771 1296 804 In
1320 771 1469 806 Ecclefiae
1490 772 1632 815 Synodis
1656 772 1772 818 agebat
1796 774 1910 808 omnia
1934 797 1943 808 .
1974 782 2050 811 112-
2072 785 2094 811 ,1-

1259 821 1343 868 Qae
1355 822 1517 862 Mandata
1537 822 1659 856 miserit
1681 823 1722 861 ad
1738 820 2097 867 AriminensemSyno—

1254 870 1339 909 ssdum
1355 872 1371 903 ?
1396 881 1454 908 112-
1467 884 1497 908 2.
1518 872 1653 913 nolebat
1674 870 1888 912 Athanasium
1909 873 2035 908 absolvi
2053 872 2095 913 ab

1260 921 1543 961 Ariminenfibus.
2017 923 2095 961 sibid-

1212 971 1476 1013 Consuetudines
1502 973 1679 1018 singulares
1712 972 1929 1012 Ecclefiarum
1963 974 2096 1017 possunt

1256 1021 1384 1060 aboleri
1398 1023 1629 1067 pergenerales
1640 1023 1822 1066 synodos,
1925 1061 1927 1064 ,
1973 1022 2053 1070 267
2061 1032 2095 1057 2.

1211 1070 1451 1113 Contumeliosi
1484 1073 1625 1116 Rejensis
1658 1074 1695 1109 in
1724 1072 1862 1109 secunda
1892 1072 2097 1109 Narbonensi

1259 1120 1440 1161 Provincia
1454 1123 1606 1171 Episcopi
1616 1123 1656 1159 ad
1666 1124 1856 1162 Romanam
1869 1123 1985 1158 Sedem
1995 1122 2100 1166 appel-

1260 1169 1366 1211 latio,
1395 1182 1452 1217 55.
1466 1185 1496 1208 2.
1519 1174 1643 1216 Lapsus
1661 1175 1797 1209 fuerat
1788 1187 1824 1209 in
1846 1172 2045 1211 adulterium
2065 1173 2099 1206 δε

1263 1220 1433 1255 involutus
1446 1219 1517 1255 aliis
1533 1222 1756 1262 criminibus,
1781 1225 1857 1259 ibid.
1870 1222 2100 1261 Controversia

1259 1268 1348 1306 circa
1358 1269 1425 1314 ejus
1435 1270 1687 1313 poenitentiam.
1697 1271 1772 1309 ibid.
1786 1272 1949 1310 Provocat
1959 1273 2000 1310 ad
2015 1273 2102 1315 Aga-

1265 1330 1397 1363 petum.
1426 1320 1525 1367 56.1
1539 1330 1590 1364 92
1609 1332 1638 1357 2.
1670 1320 1749 1364 Ejus
1762 1321 1938 1365 appellatio
1958 1320 2103 1358 nonfuit

1261 1370 1285 1410 a
1297 1370 1412 1405 Sanito
1432 1370 1576 1411 Caesario
1592 1370 1787 1444 reprobata,
1813 1368 1866 1405 sed
1883 1371 1955 1406 ficta
1974 1370 2105 1413 eiusin-

1267 1421 1445 1455 nocentia.
1977 1431 2059 1467 247.
2070 1430 2103 1455 2.

1216 1471 1378 1507 Cornelio
1392 1471 1548 1506 Pontifici
1562 1470 1703 1507 defertur
1720 1473 1817 1507 causa
1835 1472 2010 1506 Fortunati
2018 1470 2105 1504 Pres

1264 1519 1395 1564 >byteri‚
1421 1522 1480 1556 &c.
1509 1532 1624 1557 contra
1646 1523 1754 1557 Sansti
1773 1522 1937 1566 Cypriani
1959 1532 2002 1557 ex
2013 1521 2104 1555 Neo-

1267 1571 1372 1615 phyto
1386 1571 1615 1617 Episcopalem
1627 1573 1831 1607 creationem
1843 1597 1850 1605 .
2004 1571 2057 1608 62-
2070 1583 2102 1607 2·

1218 1621 1395 1659 Cornelius
1406 1623 1548 1657 decrevit
1562 1623 1742 1667 ,Episcopos
1756 1623 1860 1667 lapsos
1885 1622 1926 1657 ad
1939 1622 2106 1656 Poeniten·

1266 1672 1346 1705 tiam
1359 1672 1492 1716 quidem
1505 1674 1664 1717 agendam
1679 1674 1767 1717 posse
1782 1673 1913 1706 admitti
1930 1697 1940 1712 ,
1968 1671 2009 1706 ab
2020 1671 2106 1705 ordi-

1265 1723 1400 1756 natione
1414 1732 1521 1757 autern
1539 1723 1650 1766 Cleri,
1672 1733 1774 1767 :atque
1784 1721 1982 1758 Sacerdotali
2000 1720 2106 1755 hono·

1265 1783 1300 1805 re
1311 1771 1476 1815 prohiberi
1494 1798 1501 1805 .
2006 1783 2059 1818 27-
2074 1782 2101 1806 1·

1216 1821 1354 1860 Cosmas
1382 1822 1628 1866 Epiphaniensis
1652 1849 1662 1865 ‚
1690 1834 1727 1859 ac
1744 1823 1934 1858 Severianus
1959 1820 2106 1855 Arethu-

1265 1873 1304 1911 sae
1332 1873 1511 1923 Episcopus
1537 1874 1698 1909 damnant
1732 1875 1884 1908 Severum
1921 1870 2106 1906 Antioche-

1265 1932 1373 1958 nam..
2072 1933 2104 1959 2-

1216 1969 1412 2004 Cresconius
1437 1971 1617 2021 Episcopus
1638 1973 1779 2020 appellat
1800 1973 1841 2006 ad
1854 1971 1971 2007 Sedem
1983 1931 2105 2009 ἐξωλ-

1265 2029 1366 2053 nam
1990 2019 2034 2058 28
2084 2033 2105 2055 1.

1216 2066 1411 2101 Cresconius
1425 2069 1482 2102 suo
1493 2066 1613 2102 Codici
1640 2078 1830 2107 canonum,
1857 2033 2106 2109 etiaminsezuit

1265 2117 1470 2152 sardicenses
1495 2119 1670 2157 Canones,
1697 2118 1754 2161 qui
1777 2119 1909 2153 firmant
1935 2119 2105 2157 Romanas

1241 2168 1495 2211 appellationes
1511 2167 1746 2212 Episcoporum
1760 2194 1767 2201 .
1932 2167 2012 2216 285.
2030 2182 2059 2208 1·
2073 2182 2103 2206 2.

1215 2218 1245 2251 S.
1260 2218 1421 2262 Cypriani
1435 2218 1568 2262 epistola
1584 2218 1624 2255 ad
1639 2220 1791 2253 Sannum
1804 2219 2005 2263 Stephanum
2021 2220 2104 2256 male

1261 2268 1280 2301 a
1308 2270 1434 2312 Joanne
1461 2269 1602 2311 Launoy
1631 2269 1840 2318 proscribitur
1865 2295 1875 2310 ,
1912 2280 1950 2305 ut
1975 2271 2104 2315 spuria.

1261 2327 1318 2358 22·
1343 2329 1375 2354 2
1526 2329 1531 2334 ’

1211 2367 1242 2407 S.
1252 2367 1458 2413 Cyprianum
1472 2369 1512 2403 de
1523 2369 1691 2412 Baptismo
1703 2379 1862 2405 errantem
1875 2368 2050 2414 Jubajanus
2061 2382 2101 2405 ac

1261 2419 1438 2462 Pompeius
1450 2431 1517 2452 non
1530 2420 1739 2460 invaserunt,
1749 2419 1802 2453 sed
1813 2420 2003 2454 detulerunt
2014 2420 2101 2464 apud

1260 2470 1411 2504 Sanstutn
1437 2468 1638 2511 Stephanum
1663 2468 1807 2512 Papam,
1834 2468 1923 2510 quod
1936 2469 2103 2512 ejuserror

1260 2520 1390 2554 haberet
1421 2519 1544 2562 aliquid
1565 2519 1794 2553 fundamenti.
1822 2529 1922 2566 33-2.
1947 2519 2006 2556 Ob
2026 2531 2100 2560 eam

1256 2572 1386 2606 ,causam
1408 2570 1543 2609 Sanctus
1578 2568 1763 2613 Stephanus
1783 2569 1824 2607 ad
1846 2570 2099 2610 damnationem

1260 2620 1321 2655 fuit
1333 2621 1453 2654 lentior
1466 2646 1474 2659 ,.
1635 2616 1642 2619 ’
1999 2631 2052 2668 34.
2065 2633 2098 2664 3..

1209 2672 1238 2711 S.
1254 2671 1441 2715 Cyprianus
1463 2681 1582 2705 novam
1607 2670 1642 2705 in
1655 2670 1781 2713 Lapsos‘
1801 2669 2012 2708 clementiam
2026 2681 2096 2707 non

1259 2721 1457 2765 praesumpsit
1481 2731 1659 2761 attentare,
1689 2721 1747 2755 nisi
1772 2722 1852 2758 fasta
1873 2721 2034 2755 relatione
2055 2721 2096 2755 ad

1260 2773 1451 2807 Romanum
1465 2772 1611 2805 vacantis
1624 2771 1771 2805 Ecclefiae
1784 2771 1917 2805 Clerum
1933 2794 1939 2801 .
1977 2781 2052 2818 154.
2064 2783 2095 2809 2.

1208 2822 1238 2860 S·
1254 2822 1443 2866 Cyprianus
1467 2822 1698 2862 Romanarum
1723 2821 1758 2858 in
1779 2821 1890 2855 Gallia
1910 2822 2097 2865 appellatis)-

1259 2883 1339 2906 num
1365 2874 1515 2906 assertor.
1544 2884 1588 2908 21
1601 2883 1633 2906 2
1660 2870 1873 2909 commendat
1896 2872 2015 2906 Sancto
2027 2872 2097 2909 Ste-

1259 2921 1390 2967 phano,
1417 2923 1501 2960 utin
1511 2922 1751 2968 Ριονὶιισιιιιιιζ
1773 2921 1860 2959 &ad
1871 2920 2006 2960 Plebem
2017 2922 2097 2957 Are·-

1258 2974 1328 3007 latae
1349 2973 1577 3007 consistentem
1603 2971 1726 3005 litteras
1753 2973 1887 3012 mittat,
1910 2971 2029 3022 quibus
2041 2969 2096 3006 ab·

1260 3023 1368 3059 stento
1380 3023 1549 3060 Martiano
1570 3021 1697 3058 aliusin
1719 3022 1786 3067 ejus
1800 3022 1910 3058 locum
1924 3013 2094 3061 substitua-

1259 3084 1328 3107 tur.
1357 3082 1461 3110 22.1.
1487 3074 1567 3120 Qio
1581 3073 1672 3111 sensu
1691 3071 1833 3112 dixerit,
1859 3071 1947 3115 quod
1963 3071 2093 3115 Episco-

1258 3134 1350 3167 patus
1361 3135 1416 3166 per
1429 3132 1530 3157 totam
1547 3123 1724 3159 Ecclesiam
1734 3123 1770 3158 sit
1783 3124 1893 3162 unus?
1967 3133 2044 3171 307·
2057 3132 2089 3162 2

1208 3175 1237 3213 S
1250 3173 1436 3217 Cyprianus
1450 3172 1694 3211 solicitudinem
1705 3172 1798 3218 geffit
1809 3172 1920 3208 omnis
1932 3170 2091 3210 Ecciefiae,

1258 3236 1325 3258 non
1353 3224 1488 3265 quidem
1511 3234 1650 3267 paternae
1672 3223 1800 3266 justitiie
1819 3245 1831 3267 ,
1854 3222 1908 3262 sed
1927 3221 2090 3260 Fraternae

1257 3274 1424 3309 charitatis
1437 3298 1446 3313 ‚
1474 3274 1740 3317 praesertimcirca
1752 3274 1916 3308 materiam
1931 3269 2090 3305 Novatia·

1259 3325 1361 3365 nensis
1372 3323 1595 3367 crudelitatis,
1617 3332 1722 3370 «234.
1744 3334 1814 3359 non
1828 3321 1947 3365 scripsit
1955 3320 2088 3363 proprio

1944 3379 2039 3409 motu
