2326 3718
684 160 968 205 Romms
999 154 1589 204 'APPELLATIONIBua

232 243 320 278 lebat
345 237 449 287 ipsum
472 245 545 279 *fieri
571 244 605 278 in
632 245 689 279 suo
713 241 890 277 Tribunali
910 267 916 274 .
955 238 1105 276 Secundo

233 292 389 327 Pontifex
413 296 550 329 affirmat
572 319 584 335 ,
609 294 696 339 quod
720 294 813 327 istam
842 290 1107 327 retrastandarum

231 340 500 385 Appellationum
511 345 648 383 formam
662 344 853 387 Apostolica
877 343 976 376 Sedes
989 341 1110 383 semper

232 391 426 429 servaverit.-
452 394 563 429 Etiam
588 402 664 428 ante
686 394 904 428 sardicensem
917 389 1089 435 Synodum
1107 414 1114 421 .

232 440 377 483 Tertio,
403 445 492 488 quod
505 445 569 478 hoc
580 444 742 479 vetustum
767 443 980 487 Privilegium
1004 440 1116 472 Cano-

234 490 311 526 nica
334 495 480 528 Prolatio
500 493 643 528 fundarit
668 493 722 528 seu
737 493 955 528 confirmarit:
981 488 1114 533 Utique

235 539 445 578 Sardicenlis.
469 545 620 591 Qarto,
645 544 735 587 quod
750 543 817 578 haec
830 540 948 576 Hilarii
971 539 1115 582 praevari-

235 595 323 630 catio
333 606 402 630 non
414 594 452 628 fit
464 594 594 627 modica
605 619 616 635 ‚
643 594 780 637 ideoque
793 603 919 637 propter
932 591 1033 633 ipsam
1045 589 1115 631 jure

233 644 354 681 merito
365 646 403 677 fit
412 643 580 678 mutilatus
592 644 702 687 amplo
713 645 773 678 suae
793 640 962 677 Cathedrae
984 639 1116 672 Privile-

233 697 294 741 gio
312 719 323 735 ,
359 693 460 739 gratis
481 693 606 728 donato
631 705 683 737 per
702 694 889 727 Romanam
919 690 1135 766 Ecclefiam.l

232 743 464 779 Nihilominus
497 744 680 778 inauditum
705 743 776 776 Leo
802 742 957 775 damnare
983 739 1115 779 noluit,

232 793 376 838 ideoque
400 795 589 828 &Romam
610 793 790 827 revocavit.
819 792 922 825 Tunc
947 790 1047 835 igitur
1070 800 1115 822 re—

231 844 347 879 ductus
356 844 401 878 est
415 844 455 877 ad
469 853 610 878 mentem
625 843 773 876 Hilarius
785 866 795 882 ‚
822 842 853 875 δε
868 841 914 875 uti
925 840 989 882 ejus
1010 841 1115 873 Enco-

233 895 364 928 miastes
383 894 512 932 scribit,
540 893 682 925 Romam
706 892 827 935 legavit
848 889 954 933 primo
987 890 1115 924 Raven-

233 945 327 978 nium
346 943 574 983 Presbyterum
588 965 598 980 ‚
625 940 744 974 deinde
766 940 849 973 duos
870 940 1027 973 primates
1040 938 1115 981 Epi-

232 993 349 1034 scopos
358 1012 370 1029 ,
395 991 435 1024 ad
447 989 640 1033 placandum
653 989 825 1024 Pontificis
835 990 1003 1028 animum,
1028 989 1062 1023 &
1084 990 1115 1022 se

232 1041 253 1075 ἃ
273 1041 420 1075 Romani
445 1038 620 1074 tribunalis
642 1041 765 1074 accessu
789 1039 1011 1074 excusandum
1033 1064 1040 1071 .
1072 1039 1115 1071 Et

230 1090 366 1126 tandem
389 1091 561 1124 conversus
587 1102 626 1125 ac
645 1090 849 1124 illuminatus
872 1089 918 1123 est
940 1090 980 1123 ad
1001 1089 1116 1123 seriam

231 1140 319 1176 adeo
346 1138 571 1184 poenitentiam
587 1164 597 1180 ,
624 1150 660 1173 ut
672 1140 808 1184 quidam
829 1140 989 1174 affirment
1011 1139 1115 1182 ipsum

232 1192 351 1235 sponte
361 1203 400 1225 ex
410 1189 755 1234 Episcopali‘rhrono
767 1189 986 1231 descendiffe,
1012 1200 1049 1222 ac
1073 1200 1118 1222 re-

233 1241 327 1276 diiffe
337 1241 378 1275 ad
388 1241 552 1275 silentium
569 1240 750 1275 Lerinenfis
774 1240 985 1274 Monasterii.
1013 1236 1118 1286 Qad-

233 1290 315 1336 quid
329 1291 365 1325 fit
374 1316 385 1332 ,
410 1299 534 1324 certum
545 1290 589 1324 est
602 1291 694 1325 fuiffe
705 1303 747 1324 ex
759 1291 858 1334 pleno
877 1290 976 1323 corde
998 1289 1119 1323 contri-

234 1350 323 1375 tum.
351 1339 514 1382 Alioquin
536 1340 638 1383 ipsum
664 1342 696 1374 in
711 1342 778 1374 suas
792 1341 978 1374 Sanctorum
993 1338 1119 1372 tabulas

232 1401 406 1433 nunquam
426 1389 596 1424 admififfet
619 1389 774 1425 Romana
790 1390 950 1425 Ecclesia.
977 1389 1020 1422 Et
1041 1386 1119 1422 hinc

231 1450 323 1486 patet
333 1441 430 1482 illos,
456 1441 514 1484 qui
526 1439 627 1475 hodie
648 1440 688 1474 ad
702 1441 866 1475 Divinum
890 1441 1050 1474 Romanae
1070 1439 1120 1473 Se-

234 1491 286 1526 dis
295 1490 379 1527 cirea
392 1490 642 1534 Appellationes
652 1490 865 1532 Privilegium
876 1490 1122 1524 circumducen-

234 1540 318 1574 dum
331 1564 343 1580 ,
365 1549 421 1573 aut
432 1539 518 1573 certe
530 1537 859 1577 circumscribendum
876 1545 1014 1569 utuntur
1033 1537 1121 1568 illius

232 1587 435 1620 authoritate
457 1588 495 1616 ἀ
512 1587 667 1625 exemplo
685 1606 696 1621 ‚
723 1587 786 1616 effe
809 1585 928 1615 ssmiles
949 1582 1039 1621 istis,
1064 1584 1120 1625 qui

232 1634 319 1670 olim
333 1632 374 1667 ad
386 1630 561 1666 firmandas
572 1632 642 1664 suas
652 1630 693 1664 de
711 1630 925 1674 Rebaptismo
947 1640 1051 1674 nugas
1073 1631 1122 1664 in-

234 1682 398 1719 vocabant
409 1681 642 1716 authoritatem
668 1681 703 1715 &
722 1681 911 1726 exemplum
932 1680 1039 1715 Sansti
1055 1680 1120 1724 Cy-

261 1746 341 1770 nam
354 1760 362 1767 .

234 1748 258 1782 P
287 1785 417 1834 Qinta
429 1783 563 1828 quaestio
575 1783 619 1818 est
629 1806 641 1822 ,
666 1783 722 1818 An
735 1791 931 1818 memoratus
942 1782 1047 1816 Sansti
1060 1781 1121 1815 Hi-

234 1835 311 1871 larii
335 1834 559 1869 Encomiastes
580 1835 616 1868 fit
637 1844 744 1868 revera
766 1835 903 1867 Sanetus
927 1834 1121 1867 Honoratus

236 1885 441 1921 Maffilienfis
454 1885 655 1928 Episcopus?
683 1885 725 1918 Et
746 1884 879 1927 quidem
901 1882 990 1925 quod
1003 1882 1121 1916 Hono-

235 1946 326 1971 ratus
337 1935 573 1970 Hilariivitam
585 1934 763 1978 scripserit,
791 1933 920 1968 videtur
941 1945 1008 1966 non
1030 1931 1121 1966 dubi-

234 1986 375 2021 tandum
387 2011 395 2019 .
421 1985 553 2019 Etenim
563 1985 598 2018 in
611 1984 679 2027 ejus
690 1985 804 2029 elogio
817 1982 1009 2018 Gennadius
1035 1983 1122 2015 Mas-

239 2036 391 2079 micans,
420 2046 475 2070 aut
489 2035 574 2069 certe
586 2035 659 2078 quis
679 2034 747 2078 ejus
761 2033 954 2074 prosecutor
976 2032 1042 2066 haec
1068 2030 1123 2066 ha-

240 2085 316 2120 bet:
346 2092 512 2120 Honoratus
520 2084 686 2128 [antimum
697 2088 825 2118 Parrum
840 2091 922 2117 vitas
934 2084 978 2116 ad
992 2082 1122 2123 aedtfica-

240 2141 349 2170 tionem
362 2136 541 2177 posterorum
559 2143 676 2177 coaptat
686 2135 825 2178 legendas
837 2158 847 2175 ,
869 2135 1018 2176 praecipue
1030 2138 1122 2166 nutri-

240 2191 316 2219 toris
332 2184 384 2228 sut
402 2188 515 2220 mlum
535 2184 712 2224 Arelatenfis
734 2182 874 2228 Episcopi
898 2209 904 2216 .
932 2183 1041 2217 Dico:
1071 2182 1127 2216 Vel

239 2240 306 2279 quis
316 2237 381 2275 ejus
390 2235 572 2279 prosecutor.
599 2234 737 2270 Etenim
750 2235 783 2267 in
797 2233 965 2267 Gennadii
981 2232 1122 2267 Scholiis

238 2285 283 2320 nd
304 2286 412 2320 Sancti
437 2286 578 2332 Eugenii
604 2282 871 2328 Carthaginenfis
885 2283 1038 2327 Episcopi
1055 2282 1122 2316 elo-

239 2336 334 2381 gium
353 2335 462 2371 scribit
474 2335 638 2372 Aubertus
648 2335 805 2370 Miraeus=
830 2338 867 2366 In
888 2335 1020 2376 vulgatis
1044 2335 1120 2365 Gen-

240 2387 327 2419 nadll
344 2386 562 2429 exemplaribus
582 2386 644 2429 post
669 2390 840 2431 Eugenium
864 2386 1016 2416 Pomerius
1041 2386 1120 2416 Mauo

239 2447 316 2475 rus,
343 2437 377 2469 Θ
401 2441 566 2469 Honoratus
587 2435 761 2478 Maffilt‘enfis
783 2433 997 2478 ficbnedluntur
1012 2457 1022 2473 ,
1049 2445 1121 2476 quos

240 2494 345 2518 tamen
356 2487 427 2517 duos
440 2490 583 2518 Honorius
593 2482 872 2530 Augusto-Dunenfis
896 2489 928 2516 tn
949 2482 1004 2526 suo
1015 2485 1123 2516 catalo—

235 2548 276 2580 go
289 2547 345 2568 non
356 2533 465 2575 babet,
491 2535 612 2577 ideoque
632 2537 772 2569 videntur
782 2536 828 2567 ad
841 2535 995 2567 Gennadu
1015 2535 1123 2566 catalo-

236 2596 308 2629 gum
331 2597 388 2618 non
406 2590 553 2626 pertinere
565 2609 573 2616 .
601 2588 640 2617 At
653 2597 723 2618 vero
744 2584 870 2627 Ifidorus
883 2581 1064 2626 Hispalenfis
1090 2593 1124 2615 ac

240 2635 403 2680 sigibertus
417 2634 626 2676 Gemblacenfis
639 2638 802 2668 Pommum
811 2641 976 2668 memorant
987 2657 997 2672 ,
1030 2640 1121 2667 Hono-

239 2691 413 2718 rattneuter
431 2690 582 2718 meminit.
610 2684 825 2728 Manu·scripta
849 2685 1003 2718 Gennadu
1024 2692 1121 2717 exem-

236 2737 339 2778 plaria
361 2733 645 2778 vetustioraineerse
657 2741 803 2769 variant:
830 2735 866 2767 In
878 2733 1059 2778 quibusdam
1076 2732 1125 2776 so-

238 2789 288 2819 lus
311 2791 479 2821 Honoratus
494 2810 504 2826 ,
531 2790 563 2818 tn
575 2786 646 2819 allis
665 2794 812 2827 praterea
823 2787 995 2825 Pomerius‚
1024 2782 1124 2827 Caesa·

238 2842 302 2869 rius
317 2859 328 2874 ‚
353 2836 509 2876 Sidonius,
537 2834 709 2877 &Gelafius
734 2839 822 2877 Papa
847 2842 1037 2870 ominamur.
1068 2838 1121 2868 Ne

237 2887 315 2929 quid
325 2896 424 2919 tamen
437 2889 457 2918 ἃ
468 2884 572 2928 curioso
584 2886 700 2918 Lec‘lore
710 2884 867 2927 defiderari
873 2887 954 2928 poffit
964 2911 975 2927 ‚
998 2887 1119 2929 plenam

239 2939 414 2977 Scriptorum
429 2942 591 2969 centuriam
602 2936 679 2969 dabo
692 2961 702 2976 ‚
728 2945 762 2968 ur
773 2947 838 2969 eam
854 2937 1007 2970 Gennadit
1033 2938 1119 2970 titulo

242 2985 389 3024 Suffitdus
424 2989 531 3019 Petrus
553 2987 684 3019 Coloniae
724 2989 897 3029 Agrippinae
929 2986 1116 3029 publicavit.

243 3032 482 3080 Cuiuscumque
506 3035 582 3069 vero
592 3036 630 3070 fit
651 3035 737 3070 istud
760 3046 855 3079 caput
869 3061 879 3076 ‚
906 3036 1038 3080 quaestio
1049 3035 1114 3075 est,

243 3094 286 3115 an
313 3082 376 3118 haec
389 3088 520 3128 praesens
542 3086 647 3120 Sanffl
660 3086 782 3120 Hilarii
803 3088 870 3121 vita
888 3087 924 3119 fit
935 3087 1117 3130 genuinum

242 3142 325 3175 opus
347 3132 449 3169 Sancti
474 3137 642 3171 Honorati
668 3136 684 3167 ἒ
710 3135 895 3170 Paschasius
921 3136 1118 3182 Qesnellus

243 3181 427 3216 constanter
441 3186 594 3221 affirmat:
622 3187 703 3233 Qo
726 3199 779 3230 per
799 3186 865 3229 ejus
885 3187 1117 3221 authoritatem

242 3232 351 3266 firmet
361 3234 473 3265 omnia
484 3235 601 3271 Hilarii
616 3237 699 3271 Aota
709 3260 719 3276 ,
732 3237 911 3272 &illorum
923 3262 933 3277 ,
960 3248 1029 3279 quae
1043 3239 1116 3271 San-

244 3284 311 3316 ctus
324 3283 394 3316 Leo
404 3282 444 3315 ad
456 3282 645 3321 Viennenfis
656 3285 838 3321 Provinciae
851 3288 1029 3331 Episcopos
1047 3287 1118 3321 scri-

243 3332 322 3375 psit,
348 3331 446 3365 fidem
459 3333 618 3367 exsufflet-
646 3337 843 3380 Respondeo
854 3348 964 3371 tamen
976 3339 1038 3371 esse
1049 3347 1116 3370 rem

243 3382 373 3425 penitus
385 3382 560 3416 incertam.
587 3383 685 3418 Recte
700 3387 790 3421 enim
811 3388 845 3422 in
858 3388 964 3431 primo
976 3387 1119 3422 Gallica-

243 3442 360 3466 narum
371 3432 582 3473 synodorum
595 3442 690 3466 tomo
703 3436 809 3471 scribit
820 3437 959 3480 Jacobus
977 3438 1115 3472 Sirmon-

341 3480 446 3523 Christ.
459 3486 537 3527 Lupi
549 3488 647 3526 Opera
659 3485 737 3517 Tom.
751 3488 832 3519 Vnt.

1914 172 1930 202 1
1944 171 1972 218 7

1178 239 1257 272 dus:
1284 242 1446 271 Honoratus
1459 261 1469 277 ‚
1491 235 1543 279 seu
1556 240 1622 278 quis
1633 237 1709 270 alius
1721 241 1796 273 ἀἰνῶ
1808 240 1920 277 Hilarii
1932 239 2035 273 author
2048 265 2054 271 ‚

1178 289 1220 321 Et
1233 288 1398 322 Aubertus
1408 287 1539 321 Miraeus
1551 288 1687 320 affirmat
1710 287 1742 320 se
1764 289 1782 321 a
1796 291 1920 331 Ioanne
1932 289 2056 334 Jacobo

1175 337 1349 372 Chiffletio
1369 364 1380 380 ‚
1406 337 1578 373 Societatis
1600 337 1671 380 Jesu
1693 335 1882 379 Presbytero
1904 364 1915 379 ‚
1939 338 2058 374 habere

1177 389 1297 424 litteras
1308 388 1470 432 sequentis
1483 387 1623 421 tenoris:
1652 387 1807 420 Gennadu
1829 388 1998 430 Massiliensis
2019 389 2056 421 de

1177 438 1372 481 Scriptoribus
1393 436 1595 479 Eccleſsasticis
1617 436 1706 470 habeo
1717 436 1868 478 exemplar
1886 448 1976 470 unum
1991 447 2061 481 per-

1177 488 1322 530 vetustum
1334 513 1345 528 ,
1371 490 1448 521 edito
1458 500 1515 521 non
1522 489 1641 530 plenius
1653 511 1664 526 ‚
1689 489 1777 519 immo
1788 485 1962 520 contrac‘lius
1985 490 2004 520 ἃ
2023 487 2060 529 fi-

1180 550 1215 572 ne
1227 565 1234 572 .
1262 542 1425 572 Pomerium
1447 544 1526 572 enim
1540 536 1718 581 nonagefimo
1741 541 1844 579 quinto
1855 561 1868 577 ,
1892 547 1980 578 eoque
1993 538 2059 569 ultr·-

1180 601 1225 621 mo
1244 591 1300 623 loco
1310 587 1457 631 recenset,
1485 593 1671 623 Honoratum
1692 585 1893 630 Maffiliensem
1900 591 2037 628 praeterit
2048 611 2057 620 .

1181 641 1258 673 Sane
1271 645 1369 673 vitam
1381 639 1483 672 sanc‘li·
1493 640 1606 676 Hilarii
1619 636 1794 680 Arelatenfis
1805 662 1816 678 ,
1841 648 1932 679 quam
1954 635 2062 669 author

1181 688 1380 732 chronologtae
1392 685 1557 730 Lerinenfis
1579 688 1646 722 huic
1657 691 1802 722 Honorato
1823 685 1954 731 inscribit
1969 711 1989 731 ,Ι
2002 683 2063 728 solo

1179 740 1294 781 vulgati
1308 740 1458 773 Gennadii
1462 739 1567 780 fretus
1579 739 1737 778 testimonio
1745 763 1759 779 ,
1783 740 1890 771 Petrus
1901 738 2015 770 saccius
2026 741 2061 769 in

1182 787 1329 829 Pontificio
1343 787 1505 830 Arelatensi
1512 813 1523 828 ‚
1549 800 1586 822 ex
1613 787 1823 832 manu—ftn‘pto
1834 789 1957 827 Codice,
1983 797 2063 819 ven-

1180 839 1261 871 dicat
1275 841 1452 872 Reverentia
1462 864 1472 880 ,
1492 837 1545 881 seu
1559 842 1717 872 Ravenmo
1729 837 1893 879 Arelatenfi
1899 835 2044 880 Episcopo
2054 860 2066 876 ,

1181 889 1294 922 Hilarii
1304 889 1448 932 Succeffim
1460 913 1467 921 .
1493 891 1539 922 Et
1545 887 1618 932 sunt
1630 890 1691 922 alia
1702 913 1713 929 ,
1733 899 1802 930 quae
1813 887 1887 920 mihi
1896 885 2062 929 fisspellam

1174 937 1295 979 faciant
1309 939 1392 972 illam
1405 940 1489 981 apud
1508 940 1700 973 Gennadium
1722 941 1863 971 Honorati
1885 934 2064 977 Maffilienfis

1180 993 1356 1020 mentionem
1375 1012 1382 1018 .
1420 989 1595 1023 Lerinense
1621 987 1816 1024 Chronicon
1853 986 1952 1022 habet
1979 985 2066 1019 hane

1183 1035 1389 1081 Epigraphen
1406 1048 1413 1067 :
1439 1037 1540 1068 Sanffl
1555 1041 1670 1072 Hilarii
1682 1045 1750 1073 vita
1769 1050 1808 1073 ex
1822 1037 1994 1073 membrano
2002 1044 2069 1078 per-

1180 1094 1305 1129 antiquo
1317 1084 1532 1129 manu-scripto
1545 1086 1712 1125 Monasteru
1734 1088 1897 1131 Lertnenfis
1908 1113 1920 1129 ‚
1945 1086 2066 1120 authore

1170 1134 1340 1175 'Anonymm
1371 1136 1516 1170 Proinde
1540 1134 1682 1170 vetustus
1703 1134 1759 1169 ille
1780 1132 1886 1171 codex
1906 1148 1993 1172 caret
2012 1148 2068 1170 au-

1180 1187 1282 1221 thoris
1301 1186 1459 1221 nomine.
1486 1185 1598 1219 Etiam
1619 1185 1746 1219 Fratres
1767 1185 2006 1218 Sammarthani
2031 1187 2070 1219 in

1181 1237 1291 1271 Gallia
1304 1235 1489 1271 Christiana
1499 1237 1632 1270 censent
1643 1233 1726 1270 illud
1734 1234 1903 1269 Honorati
1917 1233 2069 1278 elogium

1181 1299 1250 1321 non
1262 1288 1324 1321 effe
1335 1287 1353 1320 a
1365 1286 1543 1322 Gennadio
1552 1309 1563 1325 ‚
1589 1285 1642 1320 sed
1653 1285 1813 1328 adjectum
1826 1284 1897 1328 post
1907 1283 1975 1327 ejus
1987 1294 2074 1317 rnor-

1182 1348 1248 1372 tem
1259 1363 1266 1370 .
1295 1337 1472 1383 Qidquid
1486 1337 1522 1370 fit
1532 1362 1542 1378 ‚
1571 1348 1632 1371 nec
1644 1335 1837 1370 Ravennius
1849 1360 1860 1376 ,
1876 1346 1936 1369 nec
1951 1335 2073 1367 Hono-

1182 1398 1269 1422 ratus
1283 1411 1294 1427 ,
1309 1398 1368 1426 nec
1383 1387 1533 1432 Angelus
1544 1386 1586 1422 de
1595 1387 1684 1422 coelo
1694 1385 1790 1431 poffit
1802 1396 1958 1421 evacuare
1970 1384 2070 1419 fidem

1181 1438 1302 1482 Magni
1324 1437 1467 1473 Leonis.

1340 1625 1695 1671 CAPUT
1800 1629 1914 1671 IV.

1186 1760 1450 1829 Difiutt‘umur
1472 1779 1555 1826 quae
1591 1763 1691 1807 circa
1731 1757 1826 1818 hanc
1854 1764 2075 1818 Romanam

1253 1831 1454 1880 Chelidonii
1479 1834 1655 1899 Episcopi
1689 1829 1972 1900 appellationem
2004 1851 2075 1878 nu-

1248 1900 1409 1971 perrime
1426 1900 1584 1969 firipfit
1607 1907 1768 1955 Joannes
1780 1902 1938 1948 Gerbm’s
1949 1938 1961 1961 ,
1989 1907 2071 1949 Do-

1253 1973 1334 2021 ἑῖον
1377 1972 1588 2036 Paristerzfis
1622 2008 1635 2032 ,
1671 1976 1797 2019 socius
1832 1973 2074 2032 sorbonicus,

1256 2048 1394 2111 'Regius
1407 2040 1631 2110 Eloquentiae
1654 2038 1833 2109 Profrffor
1846 2078 1859 2090 .

1249 2184 1495 2228 Apientiffimus
1515 2183 1571 2219 hic
1596 2197 1634 2219 ac
1648 2185 1941 2229 Eloquentiffimus
1963 2185 2072 2229 Magi-

1272 2235 1333 2268 sser
1346 2235 1454 2270 noster
1465 2234 1498 2267 in
1513 2236 1532 2268 s
1530 2245 1568 2269 ua
1579 2234 1620 2269 de
1631 2235 1815 2279 Majoribus
1825 2236 1927 2270 caufis
1945 2235 2070 2269 Disser-

1185 2285 1312 2319 tatione
1335 2284 1402 2319 haec
1436 2283 1567 2319 scribit:
1598 2290 1679 2317 Anno
1702 2283 1983 2329 quadringentefimo
2002 2296 2074 2327 qua-

1184 2334 1342 2379 dragefimo
1353 2335 1548 2369 Chelidonias
1560 2333 1722 2377 Episcopus
1732 2341 1766 2369 m
1778 2332 1908 2370 Concilio
1919 2336 2070 2369 Arelaten-

1178 2385 1208 2427 st
1218 2386 1345 2425 dejectus
1367 2385 1406 2425 est1
1426 2409 1438 2426 ,
1464 2391 1556 2427 quia,
1582 2393 1614 2417 ut
1626 2385 1787 2427 ferebatur
1801 2410 1812 2426 ,
1838 2386 1967 2419 Viduam
1988 2389 2071 2419 Uxo-

1184 2447 1246 2469 rem
1256 2444 1429 2478 acceperat,
1451 2434 1675 2477 praefueratque
1689 2436 1850 2479 aliquando
1865 2437 1892 2479 J
1896 2438 2003 2470 udiciis
2015 2447 2070 2469 ca-

1180 2486 1329 2527 pitalibus
1342 2510 1349 2516 .
1377 2489 1463 2528 ,Quia
1484 2489 1556 2518 vero
1574 2491 1672 2527 inique
1691 2484 1927 2528 Jecumputavit
1949 2486 2071 2527 atqum,
2087 2485 2148 2518 Fol·
2163 2493 2225 2522 176.

1184 2536 1228 2567 ad
1251 2538 1379 2569 Leonem
1403 2537 1522 2576 Papam
1536 2532 1570 2577 se
1591 2536 1731 2575 contulit,
1753 2535 2069 2578 judiciirefivrmatio-

1184 2597 1250 2618 nem
1270 2587 1369 2627 juxta
1395 2585 1519 2616 Concilu
1547 2583 1720 2624 sardicensis·
1748 2586 1866 2618 Placita
1887 2591 2040 2628 petiturus
2056 2603 2067 2621 ·.

1186 2635 1278 2668 Errat
1308 2636 1341 2668 in
1357 2633 1503 2669 duobus.
1532 2634 1668 2672 Primo,
1695 2632 1990 2677 quoddicatistam
2011 2637 2072 2680 Sy-

1185 2683 1308 2720 nodum
1321 2684 1362 2719 ab
1374 2684 1506 2718 Hilario
1516 2684 1609 2717 fuiffe
1620 2686 1724 2718 astam
1736 2695 1827 2719 anno
1852 2685 1941 2720 illius
1962 2687 2069 2721 saeculi

1182 2735 1444 2780 quadragesimo.
1475 2735 1608 2768 Etenim
1622 2732 1843 2769 Chelidonius
1856 2735 1964 2770 statim
1982 2736 1999 2769 ὲ
2014 2737 2067 2770 sua

1183 2786 1397 2820 damnatione
1418 2784 1520 2819 abivit
1543 2784 1709 2826 Romam,
1735 2785 1886 2819 Hilarius
1905 2785 1950 2820 est
1962 2787 2068 2830 ipsum

1183 2836 1291 2870 statim
1312 2836 1459 2875 secutus,
1487 2835 1596 2878 paucis
1617 2834 1734 2870 diebus
1762 2834 1848 2870 haefit
1870 2837 2003 2876 Romae,
2029 2849 2068 2871 ac

1182 2887 1302 2931 refugit
1323 2886 1358 2919 in
1372 2886 1541 2925 Galliam,
1568 2885 1602 2918 &
1624 2884 1770 2930 Magnus
1782 2886 1851 2919 Leo
1873 2886 1918 2919 est
1941 2887 2068 2930 fugien-

1181 2948 1247 2972 tem
1270 2936 1381 2970 statim
1403 2937 1531 2970 secutus
1551 2935 1615 2968 suis
1641 2935 1778 2970 litteris:
1807 2936 1853 2969 At
1874 2935 1951 2969 vero
1962 2937 2066 2979 prima

1181 2987 1277 3030 hujus
1287 2996 1402 3021 contra
1415 2985 1510 3019 illum
1521 2985 1561 3019 ad
1572 2996 1688 3019 omnes
1711 2984 1890 3019 Gallicanae
1915 2985 2065 3020 Ecclefiae

1183 3037 1357 3072 Antistires
1368 3036 1515 3079 Epistola
1528 3035 1572 3068 est
1586 3035 1660 3068 data
1672 3036 1788 3069 ostavo
1810 3034 1886 3068 Idus
1897 3035 2064 3078 Januarias

1162 3086 1507 3140 §anniquadragefimi
1523 3085 1654 3127 quinti,
1679 3082 1819 3128 ideoque
1829 3085 1984 3127 Synodus
2004 3086 2064 3121 ista

1163 3139 1320 3172 ÷omnino
1344 3139 1406 3172 fuit
1431 3135 1542 3170 habita
1565 3145 1654 3170 anno
1665 3135 1911 3179 quadragesimo
1924 3147 2063 3178 quarto.

1162 3177 1223 3222 lEt
1249 3186 1379 3232 quidem
1401 3185 1460 3220 sub
1482 3184 1603 3218 finem:
1630 3185 1762 3219 forsitan
1785 3187 1893 3219 mense
1904 3185 2040 3220 Ostobri
2054 3212 2062 3219 .

1161 3215 1165 3289 ἱ
1181 3238 1236 3272 Tu
1243 3250 1281 3272 nc
1289 3238 1377 3272 enim
1390 3236 1435 3271 est
1445 3245 1573 3278 tempus
1585 3235 1830 3279 Episcopalium
1841 3235 2062 3279 synodorum.

1178 3289 1271 3322 Hinc
1290 3287 1430 3322 famosus
1454 3285 1679 3320 Encomiastes
1705 3286 1814 3320 scribit
1826 3286 1994 3322 Hilarium
2013 3288 2064 3320 sae·

1170 3342 1288 3372 -viente
1309 3337 1425 3371 hiemis
1447 3336 1554 3381 rigore
1564 3335 1691 3371 rediiffe
1712 3336 1844 3372 Roma:
1873 3337 2004 3381 Nempe
2027 3337 2062 3369 in

1178 3387 1312 3427 exordio
1324 3386 1464 3429 Januarii
1477 3411 1486 3426 ,
1514 3397 1570 3420 aut
1584 3386 1618 3420 in
1630 3386 1696 3420 fine
1706 3386 1916 3421 Decembris,
1945 3386 2064 3420 Secun-

1179 3440 1237 3472 dus
1248 3449 1335 3474 error
1347 3438 1391 3472 est
1407 3460 1418 3476 ,
1441 3435 1530 3480 quod
1544 3436 1660 3472 scribat
1673 3436 1766 3472 istam
1779 3436 1948 3480 synodum
1969 3434 2063 3470 fuisse

1610 3486 1638 3520 B
1687 3497 1709 3535 3
1909 3485 2011 3520 astam
