2326 3718
719 100 1001 160 Romanis
1036 106 1611 159 Ap··1›.=„1.LArroN1ii²'us.

1906 118 1963 163 28
1972 133 1994 164 1

243 210 315 236 non
337 200 484 244 poterat,
508 196 598 238 quod
610 194 950 241 Philippo-Politanus
975 194 1129 229 Conven·
1194 189 1377 235 Episcopls',
1404 195 1459 228 vel
1466 196 1594 228 clericis
1609 197 1697 238 priris
1714 197 1755 232 ’ab
1766 181 2067 249 ordldqtdribtis'suts

246 260 300 285 tus
309 246 471 291 scripsisset
483 247 524 281 ad
538 247 710 281 Donatum
727 260 738 280 :
764 246 842 280 Fuit
863 246 968 290 magis
993 254 1130 288 propen-

245 300 298 333 sus
311 324 322 339 ,
350 306 389 331 ut
410 297 553 332 crederet
564 296 626 332 effe
637 298 809 331 Donatum
831 295 931 330 alium
946 320 957 336 ,
984 294 1003 328 ὲ
1015 295 1128 329 Dona-

244 348 388 385 tistarum
412 346 539 381 vafritie
560 348 806 382 transmutatum
830 346 865 379 in
890 343 1129 389 Carthaginen-

244 398 329 432 sem.
358 395 490 446 Qarto
513 396 691 436 discimus,
717 395 808 440 quod
830 394 1013 431 Donatistae
1032 393 1124 428 istius

243 447 482 483 Conventiculi
502 447 642 486 litteras,
669 445 768 479 solius
794 446 983 480 Eusebianae
1006 444 1128 479 Fatuo-

244 497 300 531 nis
311 497 437 531 facinus
449 522 460 538 ‚
486 496 741 539 transcripserint
754 497 787 529 in
802 506 907 530 totam
921 494 1126 530 Orientalem

243 546 441 581 Ecclesiam.
467 546 569 594 Qod
581 546 685 590 ipsum
708 544 772 580 hoc
782 547 892 581 nostro
913 545 1025 580 saeculo
1048 544 1126 577 fecit

244 596 361 631 Petrus
382 595 424 630 de
445 597 575 630 Marca.
604 594 680 635 Isti,
708 607 745 629 ut
769 597 856 631 suam
870 596 1058 630 Fastionem
1072 604 1126 637 per

244 647 349 681 totius
368 645 459 680 istius
480 645 630 679 Ecclefiae
639 648 910 681 communionem
938 647 971 679 ἀ
983 643 1123 679 authori-

244 706 346 731 tatem
357 697 540 737 firmarent3
569 693 623 729 hic
634 706 668 730 ut
683 696 841 730 Romanae
855 695 1001 729 Ecclesiae
1019 694 1124 739 digni-

243 754 328 781 tates
337 745 538 789 pereandem
554 745 787 780 authoritatem
807 745 987 780 mutilaret.
1017 745 1121 791 Qin-

243 795 283 830 to
302 795 457 830 discimus
470 819 483 836 ‚
507 796 596 839 quod
617 795 793 831 Catholica
816 795 965 830 Orientis
985 794 1125 828 Ecclesia

242 845 327 879 olim
347 845 388 879 ad
401 844 692 890 Carthaginensem
706 871 717 886 ‚
755 855 811 880 aut
832 845 914 880 alios
934 843 1126 881 Occidentis

243 895 425 939 Episcopos
436 896 605 939 nunquam
619 896 769 930 scriberet
779 895 983 939 praetermisso
1003 894 1125 928 Roma·

242 957 289 979 no
300 970 307 976 .
337 945 466 989 Nempe
478 944 657 988 Synodales
671 945 794 978 litteras
807 969 814 976 .
842 945 898 978 Est
911 944 1022 988 regula
1043 941 1126 977 bene

242 994 391 1030 notanda
404 1019 412 1026 .
439 995 490 1027 Ex
502 994 615 1028 eadem
628 1018 639 1033 ‚
656 994 736 1028 dum
748 994 788 1027 ad
801 993 923 1037 Papam
934 994 1126 1030 scriberent,

241 1044 355 1088 paffrm
378 1042 541 1077 addebant
563 1043 630 1085 ejus
655 1043 827 1085 Synodum
847 1068 858 1083 ‚
884 1054 999 1077 omnes
1026 1042 1126 1076 Italiae

240 1093 443 1136 Episcopos,
468 1102 524 1125 aut
546 1092 646 1126 etiam
658 1093 760 1126 totius
781 1091 995 1127 Occidentis.
1024 1091 1125 1140 Quod

239 1140 359 1185 nempe
370 1140 457 1184 Papa
470 1141 548 1175 esset
561 1140 657 1176 isthic
670 1143 782 1176 omnia
795 1166 802 1174 .
829 1143 934 1190 Qiod
956 1143 1049 1186 Papae
1069 1142 1127 1186 Ju-

166 1206 171 1212 ·
239 1191 367 1226 dicium
380 1203 448 1224 non
463 1191 564 1234 poffet
576 1203 644 1225 non
657 1192 721 1227 esse
738 1193 891 1226 omnium
903 1217 910 1225 .
938 1192 1063 1227 Eadem
1086 1192 1127 1227 de

240 1241 334 1276 causa
353 1241 539 1276 orientales
563 1241 742 1285 Episcopi,
769 1242 847 1276 dum
871 1242 912 1277 ad
927 1242 1052 1287 Papam
1070 1253 1122 1286 apr

240 1291 427 1336 pellabant‚
453 1289 650 1335 quandoque
661 1291 824 1327 addebant
840 1292 971 1327 eosdem
996 1293 1129 1337 Episco-

264 1353 301 1376 os
313 1366 321 1374 .

241 1354 263 1387 P
292 1391 439 1425 Secunda
463 1390 596 1433 quaestio
617 1392 687 1433 est,
713 1390 899 1441 Qomodo
919 1393 955 1427 in
979 1390 1126 1427 Africam

240 1443 423 1484 pervenerit
440 1441 497 1474 ista
510 1443 696 1485 ignorantia
708 1442 903 1484 Canonium,
921 1444 954 1477 &
968 1442 1127 1477 Asterum

242 1490 498 1525 Sardicensium?
527 1492 583 1525 Est
606 1503 654 1525 res
674 1492 882 1527 admiranda.
911 1494 1045 1527 Etenim
1060 1505 1127 1527 non

242 1541 332 1575 solus
348 1541 512 1575 Africanae
525 1541 674 1576 Ecclesiae
688 1541 987 1587 Archi-Episcopus
997 1544 1130 1583 Gratus,

242 1591 297 1625 sed
311 1591 437 1635 insuper
445 1591 550 1634 plures
563 1591 654 1625 istius
661 1594 771 1637 gentis
786 1593 939 1636 Episcopi
951 1593 1132 1637 adfuerant,

241 1641 276 1674 &
297 1639 547 1684 subscripserant
570 1641 749 1676 Sardicensi
775 1643 935 1677 Concilio
955 1669 962 1675 .
991 1643 1065 1678 Nec
1084 1644 1128 1677 est

240 1688 461 1724 dubitandum
474 1714 486 1731 ,
511 1690 593 1735 quin
625 1694 740 1726 cunsta
752 1694 932 1736 Synodalia
947 1692 1050 1732 Asta,
1077 1704 1132 1726 no·

242 1740 396 1774 minatim
419 1740 575 1775 Canones
597 1765 609 1782 ‚
635 1742 746 1776 secum
776 1742 979 1786 deportarint
997 1768 1005 1776 .
1035 1744 1130 1791 Qin

244 1789 350 1824 immo
360 1790 449 1824 idem
462 1790 583 1825 Gratus
594 1791 634 1826 ad
647 1793 736 1826 suam
749 1816 761 1832 ‚
788 1793 842 1827 cui
856 1794 953 1828 etiam
966 1794 1132 1828 Numidiae

242 1850 283 1874 ac
304 1839 440 1884 Byzacii
460 1841 596 1876 aderant
618 1841 774 1886 Episcopi
799 1865 811 1884 ,
837 1842 1131 1889 Carthaginensem

175 1894 182 1904 ¹
218 1895 227 1905 '
242 1890 417 1932 Synodum
435 1888 545 1924 dixit:
571 1898 645 1927 Haec
662 1891 860 1934 observantia
870 1902 977 1935 pacem
991 1893 1111 1934 custodit
1123 1918 1130 1926 .

243 1944 332 1973 Nam
357 1941 555 1974 &memma
573 1940 748 1984 Sanfflffimq
768 1942 934 1985 sardicensi
952 1944 1079 1975 Concilio
1095 1942 1132 1984 fi·

241 1990 502 2031 millterstatutum
512 2015 523 2031 ,
540 1992 597 2024 &a
626 1990 756 2025 Deinde
768 1992 889 2027 Hosius
913 1992 1132 2027 Cordubensis

241 2039 426 2083 Episcopus
444 2061 457 2078 ‚
490 2040 685 2074 Sardicensis
708 2040 856 2075 Concilii
882 2042 1000 2075 Praeses
1020 2066 1030 2082 ‚
1069 2042 1132 2075 fuit

244 2087 339 2122 Afris
354 2088 524 2133 insigniter
543 2088 732 2128 familiaris,
758 2090 899 2134 ideoque
921 2102 990 2125 non
1010 2090 1132 2124 estdu·

242 2137 419 2172 bitandum
432 2162 442 2178 ‚
468 2138 549 2181 quin
573 2137 667 2172 istam
690 2139 762 2182 ipsis
774 2139 949 2183 synodum
963 2151 1131 2175 commen·

243 2188 389 2222 daverit.
417 2186 618 2231 Respondeo
641 2186 709 2223 haec
725 2190 838 2223 omnia
863 2190 926 2224 esse
947 2190 1107 2225 verissima
1123 2215 1130 2222 .

240 2235 378 2271 Interim
390 2247 516 2271 certum
527 2238 626 2271 etiam
635 2238 680 2271 est
692 2237 779 2273 hanc
792 2238 964 2282 synodum
991 2240 1132 2283 postmo-

241 2286 288 2321 do
300 2287 393 2321 fuisse
412 2284 508 2321 isthic
521 2285 651 2330 penitus
671 2286 840 2332 ignotam.
870 2289 980 2323 Immo
1002 2289 1130 2323 nullum

244 2335 375 2379 penitus
393 2336 559 2382 exemplar
581 2337 643 2370 fuit
656 2336 829 2372 inventum
844 2338 878 2372 in
892 2339 986 2373 omni
999 2339 1112 2373 Africa
1128 2364 1134 2370 .

247 2384 384 2420 Etenim
403 2383 579 2429 Episcopi,
604 2386 683 2420 dum
706 2399 782 2421 cum
809 2388 950 2423 Zozimo
970 2388 1131 2423 pontifice

244 2434 491 2470 contendebant
510 2458 522 2475 ,
548 2434 723 2470 lustrarunt
744 2448 862 2471 omnes
886 2437 1110 2472 Bibliothecas
1123 2464 1133 2480 ,

244 2485 422 2528 omniaque
434 2484 650 2519 Ecclesiarum
662 2486 797 2520 scrinia:
831 2487 874 2521 Et
888 2488 1001 2522 nullos
1012 2500 1133 2531 repere·

244 2545 323 2569 runt
336 2535 537 2570 sardicenses
549 2535 721 2577 Canones,
748 2536 802 2571 sed
824 2537 911 2571 solos
932 2538 1050 2583 viginti
1063 2538 1131 2572 Ni-

244 2594 351 2619 caenos
366 2610 374 2617 .
399 2585 511 2631 Qare
522 2585 642 2620 Gratus
654 2611 664 2625 ,
687 2586 787 2621 &alii
804 2586 959 2631 Episcopi
983 2587 1132 2623 videntur

242 2636 324 2669 istos
333 2636 441 2669 secum
455 2646 524 2669 non
534 2635 681 2670 detulisse
693 2660 701 2667 .
727 2637 823 2670 Hinc
834 2638 941 2673 forsan
954 2638 1009 2672 ille
1020 2639 1107 2672 dixit
1123 2652 1129 2671 :

243 2689 374 2719 Memini
383 2687 404 2718 ἃ
417 2687 547 2719 Concilio
557 2685 880 2727 sardicenfissatutum.
907 2689 1052 2722 Insinuat
1066 2689 1136 2723 Cos

244 2735 355 2771 dicem
367 2746 436 2771 non
448 2735 541 2770 fuisse
552 2735 594 2770 ad
606 2747 740 2770 manum
749 2760 759 2775 ,
787 2738 840 2772 sed
853 2739 883 2772 se
893 2737 984 2783 loqui
1007 2751 1048 2773 ex
1061 2739 1127 2773 sola

243 2785 404 2820 memoria
416 2810 424 2818 .
451 2785 593 2820 Acceffit
606 2786 854 2821 Donatistarum
878 2788 913 2822 in
937 2789 1126 2830 Africanam

244 2835 425 2869 Ecclesiam
436 2835 542 2875 rabies
555 2860 562 2868 .
591 2836 722 2870 Etenim
734 2838 833 2871 etiam
855 2847 889 2871 tu
896 2851 936 2873 nc
949 2851 1015 2874 non
1032 2838 1127 2873 desti·

247 2893 357 2918 terunt
379 2884 551 2930 Episcopis
562 2909 573 2926 ,
599 2885 798 2930 Presbyteris
809 2912 820 2928 ‚
847 2900 885 2922 ac
895 2889 1055 2923 Diaconis
1068 2889 1126 2923 Ca-

247 2932 386 2967 tholicis
396 2935 554 2970 violenter
564 2934 695 2978 injicere
707 2949 822 2971 manus
834 2939 1032 2981 poenitentiae
1043 2964 1053 2978 ,
1082 2950 1126 2974 at·

243 2982 368 3027 queita
378 2983 510 3018 reddere
531 2986 775 3030 irreparabiliter
798 2989 1008 3033 irregulares.
1035 2990 1127 3023 Hinc

247 3031 346 3068 isthic
358 3040 432 3067 nata
446 3033 490 3067 est
499 3034 621 3069 summa
633 3036 839 3072 Clericorum
853 3039 964 3082 inopia
986 3050 1022 3073 ac
1036 3040 1128 3084 igno·

246 3083 354 3118 rancia
377 3106 386 3115 .
414 3082 596 3118 Praesertim
619 3086 805 3130 ignorantia
831 3090 991 3130 sacrorum
1013 3089 1128 3124 Cano-

243 3133 378 3168 nonum
390 3157 398 3165 .
426 3132 515 3167 Nam
539 3134 573 3168 ἃ.
596 3136 730 3170 sanstus
750 3138 902 3173 Valerius
913 3163 924 3179 ‚
949 3139 1029 3174 dum
1051 3141 1127 3174 San-

248 3185 338 3217 &um
360 3183 589 3227 Augustinum·
604 3187 768 3229 promovit
790 3189 850 3223 sibi
874 3190 909 3223 in
930 3189 1104 3235 Collegam
1117 3215 1127 3231 ‚

248 3233 420 3278 ignorabat
431 3232 587 3267 Nicaenos
609 3235 763 3271 Canones
773 3261 783 3278 ,
809 3248 956 3274 vetantes
967 3241 1073 3274 eidem
1086 3241 1129 3275 ci·

247 3284 343 3318 vitati
352 3284 412 3317 esse
422 3282 506 3317 duos
515 3283 607 3317 simul
616 3284 807 3330 Episcopos.
834 3288 877 3324 Et
890 3290 931 3325 ad
946 3290 1063 3325 vitium
1075 3302 1123 3325 cu-

246 3333 387 3369 tandum
402 3332 579 3377 postmodo
600 3334 723 3378 prodiit
736 3335 790 3371 bic
800 3337 939 3376 Canon:
967 3343 1126 3376 ordinaris

346 3382 452 3424 Christ.
464 3387 546 3426 Lupi
556 3388 655 3427 Opera
675 3388 708 3418 T.
723 3390 805 3423 Vll}

1195 241 1315 276 Placita
1327 243 1527 280 conciliorum
1548 247 1672 279 auribus
1690 258 1788 281 eorum
1802 247 2019 292 inculcen'tar's
2030 259 2067 284 ne

1188 290 1224 336 se
1242 294 1365 336 aliquid
1384 303 1488 328 contra
1510 295 1632 327 statuta
1649 298 1890 342 Conciliifeciffe‘·
1901 295 2064 343 paeniteatz

1193 344 1343 379 Canonis
1355 343 1487 379 Author
1499 343 1708 378 fuit-sanans
1719 343 1922 392 Augustinus
1932 375 1943 391 ‚
1961 349 2066 395 quissin

1191 395 1263 429 aliis
1274 395 1342 428 fieri
1354 395 1462 430 noluit
1474 418 1486 435 ‚
1511 393 1601 438 quod
1611 393 1687 428 in'se'
1694 393 1817 431 factum
1827 397 1955 433 doluit.
1968 423 1973 426 -
2009 407 2013 412 ·

1238 445 1389 493 Qaestio
1409 445 1503 479 tertia
1515 444 1584 484 est·,
1647 444 1686 477 ha
1704 443 1831 478 ratione
1839 442 2080 483 zoziinuscae·

1191 507 1294 530 nones
1315 495 1516 529 Sardicenses
1539 492 1619 537 scrip
1633 494 1693 528 erit
1711 495 1778 528 'effe
1802 493 1980 531 Nicaenos?
2007 499 2066 532 An

1190 546 1346 580 studuerit
1372 544 1550 579 Africanos
1575 544 1753 587 Episcopos
1769 554 1770 558 ¹
1784 540 2066 582 dircumscribere,>

1189 596 1267 630 H'oc
1277 597 1367 630 enim
1380 596 1512 629 censent
1525 605 1593 628 non
1606 594 1747 628 haeretici
1766 592 1827 628 so'si
1839 619 1851 634 ,
1863 594 1865 608 ³
1877 595 1931 629 sed
1940 599 1943 603 '
1953 596 2068 638 &qui-

1189 646 1263 679 dam
1276 644 1376 680 hodie
1388 643 1554 680 Catholici
1569 669 1576 676 .
1604 643 1802 687 Respondeo
1820 645 1995 678 zozimum
2015 655 2068 678 re·-

1189 695 1322 729 stiffime
1338 696 1370 730 δε
1381 693 1606 739 simplicissime
1621 694 1771 737 scripsisse
1781 706 1823 728 ex
1835 694 2069 729 moresuorum

1190 744 1438 779 Antecefforurn
1450 770 1457 777 .
1486 744 1613 786 Scripfit
1636 756 1677 778 ex
1690 743 1816 779 Codice
1837 744 1996 779 Romanae
2008 744 2069 778 Ec-

1189 796 1304 836 clefiae·‚
1319 796 1353 829 in
1366 806 1432 838 quo
1443 795 1586 838 primum
1597 805 1693 837 caput
1706 792 1802 828 habet
1818 792 1906 828 hunc
1917 795 2068 829 titulum:

1188 848 1323 878 Canoner
1335 849 1369 877 N
1373 850 1461 879 r‘caeni
1474 845 1604 878 concilii
1613 841 1668 886 ficb
1679 845 1772 876 tituIIs
1785 846 1989 888 quadraginta
1993 847 2051 887 fix
2061 863 2070 876 ὁ

1191 896 1234 928 Et
1256 896 1408 930 continet
1431 894 1587 929 Nicaenos
1611 894 1644 927 &
1666 893 1871 928 Sardicenses
1894 893 2078 928 Canones?

1188 944 1255 978 Sub
1277 945 1392 979 eadem
1415 944 1649 988 consequentia
1661 968 1669 976 .
1696 944 1741 978 Et
1759 944 1845 987 ipsos
1857 943 2020 978 distribuit
2033 945 2070 977 in

1192 994 1405 1039 quadraginta
1435 996 1488 1028 sex
1502 1004 1653 1028 numeros
1665 1019 1672 1026 .
1700 992 1846 1028 Proinde
1857 993 1992 1028 Codicis
2003 992 2071 1027 Au-v

1190 1042 1266 1077 thor
1284 1043 1450 1088 utriusque
1471 1044 1600 1087 Synodi
1615 1044 1768 1079 Canones
1780 1044 1952 1088 appellavit
1963 1043 2073 1077 Nicaea

1191 1104 1252 1128 nos
1265 1118 1272 1125 .
1299 1095 1373 1128 Nec
1385 1095 1451 1129 sine
1470 1093 1686 1128 fundamento
1699 1119 1707 1126 .
1734 1094 1868 1128 Etenim
1881 1093 2073 1128 Constanti-

1193 1143 1424 1187 nopolitanum
1447 1143 1644 1185 Symbolum
1666 1143 1809 1178 Ecclesia
1836 1145 1958 1187 semper
1982 1143 2074 1178 dixit

1193 1193 1365 1230 Nicaenum
1383 1217 1391 1225 .
1418 1192 1529 1226 Etiam
1541 1191 1608 1235 ejus
1624 1192 1747 1225 austrix
1767 1192 2074 1236 Constantinopoli-

1192 1253 1268 1278 tana
1287 1242 1441 1286 Synodus
1464 1241 1556 1276 dedit
1579 1241 1637 1288 ipsi
1659 1239 1749 1274 hunc
1769 1241 1905 1275 titulum
1918 1243 1952 1275 in
1967 1244 2075 1284 primo

1193 1295 1251 1327 suo
1270 1293 1427 1327 Canone:
1454 1294 1659 1325 Trecenrorum
1679 1291 1776 1324 decem
1797 1290 1901 1324 &obla
1924 1294 2051 1324 Parrum
2063 1314 2076 1330 ,

1193 1349 1245 1387 qui
1258 1347 1376 1376 Nicaeae
1396 1349 1598 1375 convenerunt
1615 1364 1627 1381 ,
1649 1338 1740 1381 fidem
1760 1350 1817 1373 non
1839 1340 1996 1385 abrogari,
2020 1339 2079 1383 sed

1189 1393 1311 1436 firmam
1323 1404 1358 1426 ac
1360 1390 1496 1433 stabilem
1509 1402 1627 1425 manere
1637 1399 1768 1432 oportere
1777 1414 1787 1430 ,
1799 1391 1857 1424 &a
1885 1389 1989 1433 Ipsam
1999 1401 2081 1423 con-

1194 1444 1336 1477 firmavit
1363 1442 1397 1475 δε
1422 1441 1513 1475 auxit
1539 1440 1731 1485 quibusdam
1759 1439 1896 1474 vocibus
1922 1465 1932 1480 ,
1958 1439 2077 1484 quibus

1194 1494 1368 1539 grassantes
1391 1502 1470 1527 tunc
1483 1491 1611 1526 haereses
1631 1489 1876 1525 evertebantur.
1902 1490 1998 1524 Hinc
2011 1490 2080 1524 edi-

1194 1544 1244 1577 xit
1256 1544 1349 1577 suum
1370 1543 1415 1576 ita
1427 1540 1596 1576 adaustum
1608 1539 1804 1584 Symbolum
1818 1539 1882 1574 effe
1906 1551 1944 1574 ac
1954 1551 2080 1584 perma-

1202 1604 1277 1628 nere
1288 1594 1481 1628 Nicaenum.
1510 1590 1716 1626 Restiffime.
1742 1588 1872 1624 Eodem
1895 1590 1998 1625 modo
2009 1591 2083 1625 Sar-

1196 1644 1344 1678 dicenses
1356 1643 1513 1677 Canones
1536 1652 1605 1676 non
1628 1642 1702 1675 sunt
1724 1639 1835 1680 aliud,
1861 1640 1959 1684 quam
1972 1640 2081 1674 Nicae-

1197 1705 1316 1728 norum
1327 1693 1488 1737 expositio
1514 1692 1546 1726 ἀ
1559 1691 1769 1724 confirmatio
1788 1689 1958 1724 adversum
1981 1689 2080 1724 schis-

1197 1744 1331 1778 maticas
1344 1742 1505 1777 novitates
1517 1740 1708 1774 Eusebianae
1718 1740 1881 1773 Fastionis
1892 1764 1899 1771 .
1910 1740 1992 1773 Non
2003 1741 2080 1773 sunt

1196 1793 1284 1828 aliud
1298 1819 1309 1835 ,
1336 1792 1433 1837 quam
1447 1791 1593 1836 quaedam
1615 1790 1657 1825 ad
1671 1790 1828 1825 Nicaenos
1838 1789 2080 1826 additamenta.

1197 1844 1290 1878 Hinc
1305 1844 1390 1887 ipsos
1415 1854 1472 1886 pro
1485 1841 1633 1876 Nicaenis
1645 1842 1767 1884 semper
1792 1839 1908 1874 habuit
1925 1841 2081 1875 Romana

1198 1893 1359 1927 Ecclesia.
1389 1892 1433 1925 Et
1455 1891 1540 1925 istud
1560 1889 1720 1934 judicium
1745 1891 1875 1924 secutus
1899 1892 1944 1925 est
1967 1892 2083 1925 audior

1197 1942 1334 1977 Codicis
1355 1967 1362 1974 .
1391 1942 1517 1975 Auctor
1538 1940 1709 1985 insigniter
1731 1941 1886 1982 antiquus
1911 1965 1918 1972 .
1946 1940 2084 1974 Etenim

1198 1992 1318 2027 Codex
1330 1991 1347 2025 a
1360 1989 1492 2025 modico
1505 1991 1630 2035 incepit
1640 2015 1651 2031 ,
1678 1991 1712 2025 &
1725 1990 1882 2034 paulatim
1893 2001 1949 2034 per
1960 1990 2083 2024 affidua

1200 2042 1398 2075 incrementa
1425 2041 1572 2083 pervenit
1596 2039 1639 2074 ad
1665 2040 1907 2083 plenitudinem
1932 2065 1938 2072 .
1966 2041 2083 2083 Itaque

1199 2090 1355 2124 Zozimus
1379 2101 1419 2123 ex
1432 2090 1502 2132 ipso
1523 2089 1642 2133 scripsit
1653 2112 1666 2129 ,
1692 2089 1834 2132 ideoque
1846 2088 1886 2121 ab
1895 2090 1988 2122 omni
1999 2089 2082 2124 dolo

1200 2150 1255 2174 aut
1268 2149 1334 2174 arte
1347 2139 1392 2173 est
1405 2138 1589 2182 puriffimus
1600 2164 1607 2171 .
1637 2138 1748 2173 Nemo
1758 2136 1825 2175 haec
1837 2138 1953 2172 melius
1964 2139 2082 2180 novit,

1198 2191 1295 2234 quam
1311 2188 1523 2223 Reverendus
1541 2188 1637 2222 Pater
1657 2187 1844 2222 Paschasius
1858 2188 2057 2236 Qesnellus
2068 2213 2083 2229 ,

1198 2242 1253 2284 qui
1267 2239 1428 2273 Codicem
1439 2261 1450 2277 ‚
1476 2249 1633 2283 magnum
1647 2238 1872 2273 Ecclefiasticae
1884 2238 2084 2273 eruditionis

1199 2290 1385 2324 thesaurum
1398 2311 1409 2327 ,
1433 2289 1451 2321 ὲ
1462 2288 1600 2322 tenebris
1611 2289 1767 2332 produxit
1782 2289 1816 2322 in
1829 2288 1935 2323 lucem
1947 2314 1954 2321 .

1248 2338 1397 2387 Qiaestio
1420 2348 1532 2382 quarta
1543 2337 1590 2372 est
1605 2361 1617 2378 ,
1642 2337 1699 2371 An
1711 2338 1867 2372 Zozimus
1878 2338 2035 2372 Pontifex
2045 2339 2084 2372 fit

1199 2390 1321 2433 primus
1332 2387 1450 2422 author
1463 2388 1553 2422 istius
1564 2387 1652 2422 tituli
1663 2386 1866 2431 autphrasios
1876 2389 1893 2421 ,ἕ
1903 2389 1982 2423 Hoc
1990 2389 2084 2423 enim

1199 2440 1254 2483 ipsi
1267 2439 1378 2482 passim
1391 2437 1575 2480 imponitur
1601 2437 1618 2470 a
1631 2438 1728 2471 novis
1738 2438 1975 2481 Dogmatistis.
2005 2438 2085 2471 Res-

1200 2489 1331 2533 pondeo
1354 2499 1421 2520 non
1436 2487 1519 2520 effe.
1546 2486 1681 2520 Etenim
1704 2487 1738 2520 in
1753 2487 1889 2527 libello,
1917 2498 2013 2530 quem
2027 2487 2083 2521 ad-

1200 2538 1304 2573 versus
1318 2537 1537 2571 Hincmarum
1551 2536 1801 2571 Laudunensem
1814 2537 2007 2571 Duziacenfi
2023 2538 2082 2580 Sy-

1200 2590 1289 2623 nodo
1310 2586 1481 2627 exhibuit,
1509 2587 1707 2620 Hincmarus
1721 2586 1884 2621 Remenfis
1902 2587 2083 2631 Episcopus

1196 2639 1306 2673 laudat
1333 2636 1426 2671 verba
1442 2637 1630 2670 innocentii
1656 2636 1750 2680 primi
1762 2636 1933 2671 Pontificis
1950 2636 1984 2669 in
1998 2638 2083 2672 litte-

1196 2691 1239 2723 ris
1252 2689 1291 2722 ad
1305 2689 1457 2722 sanctum
1475 2687 1667 2721 victricium
1685 2687 1883 2730 Episcopum
1896 2686 2085 2721 Rothoma-

1195 2740 1325 2784 gensem
1345 2752 1356 2772 .·
1383 2741 1415 2771 51·
1427 2740 1556 2778 majores
1583 2736 1674 2779 causae
1688 2743 1720 2769 ln
1731 2737 1956 2778 mediofuerint
1966 2738 2084 2770 devolu-

1194 2800 1236 2823 tae
1253 2814 1263 2829 ,
1284 2788 1357 2831 ficut
1366 2789 1495 2826 synodus
1502 2786 1612 2826 statuit
1623 2810 1632 2825 ‚
1653 2786 1716 2828 post
1729 2786 2082 2832 EpiscopaleJudicium

1197 2839 1368 2881 referantur
1377 2863 1384 2871 .
1400 2837 1442 2870 Et
1455 2837 1622 2882 subjungit
1638 2850 1644 2868 :
1672 2840 1716 2869 De
1729 2838 1836 2879 quibus
1850 2837 2020 2870 Canonibus
2032 2841 2081 2869 In-

1197 2894 1345 2922 nocentius
1359 2888 1409 2920 hoc
1421 2890 1505 2921 dicat
1517 2912 1527 2927 ,
1553 2886 1780 2928 manifestf'ffime
1789 2888 1883 2920 claret
1891 2911 1902 2927 ‚
1925 2885 2032 2928 scilicet
2042 2887 2080 2919 de

1194 2938 1413 2979 sardicensibus
1427 2963 1434 2969 .
1464 2938 1599 2971 Certum
1614 2937 1669 2977 est,
1683 2936 1772 2977 quod
1786 2936 2000 2970 Innocentius
2015 2937 2083 2977 lau·

1194 2991 1247 3024 det
1260 2990 1430 3022 Nicaenam
1453 2988 1624 3030 Synodum
1640 3011 1649 3026 ,
1676 2988 1830 3020 &tamen
1855 2985 1988 3020 adducit
2008 2987 2079 3020 Sar-

1193 3040 1355 3074 dicensem
1378 3039 1552 3071 Canonem
1566 3050 1572 3068 :
1602 3037 1703 3084 Qod
1730 3047 1847 3080 nempe
1871 3046 2004 3080 utraque
2020 3036 2079 3078 Sy·

1194 3090 1299 3124 nodus
1316 3087 1486 3122 haberetur
1508 3098 1565 3130 pro
1577 3087 1689 3120 eadem
1701 3111 1711 3127 ,
1736 3085 2001 3121 &indifferenter
2025 3097 2079 3130 ap·

1193 3140 1361 3184 pellaretur
1376 3138 1511 3171 Nicaena
1525 3164 1531 3169 .
1555 3137 1645 3170 Idem
1658 3136 1861 3171 Hincmarus
1871 3136 1937 3170 alio
1952 3136 1985 3170 in
2000 3136 2077 3169 loco

1194 3191 1346 3233 scriptum
1367 3187 1452 3221 istud
1465 3186 1626 3221 Vistricio
1648 3186 1841 3230 Capitulum
1865 3186 2002 3221 affirmat
2015 3188 2077 3220 elie

1193 3240 1309 3284 partim
1321 3250 1361 3273 ex
1372 3238 1518 3271 Nicaenis
1529 3260 1541 3277 ‚
1561 3237 1678 3281 partim
1692 3236 1841 3271 haustum
1856 3248 1896 3270 ex
1909 3235 2076 3269 Sardicen-

1192 3289 1275 3324 sibus
1286 3287 1495 3327 Canonibus‚
1524 3287 1678 3321 &tamen
1703 3286 1827 3331 abipso
1850 3285 2073 3330 appellariNi-

1191 3351 1315 3376 caenum
1329 3365 1336 3372 .
1363 3338 1495 3382 Utique
1514 3347 1553 3371 ex
1564 3336 1680 3372 eodem
1694 3337 1857 3382 principio
1870 3361 1877 3369 .
1904 3335 1985 3368 Haec
2000 3346 2069 3368 ma-

1587 3387 1618 3421 A
1646 3399 1663 3422 a
1717 3398 1735 3434 3
1911 3384 2022 3420 nifcsta
