2326 3718
672 109 959 156 Romms
995 109 1579 155 APPELLArloNrnus.

296 265 405 331 ,sic
442 275 487 319 A
521 273 556 319 P
590 273 636 320 U
671 268 712 317 T
793 270 942 326 xxii„

202 408 481 480 jDiftutiunmr
515 411 713 480 Scrsptorz's*
748 411 953 466 Anonymi.
981 410 1012 452 S
1012 402 1098 472 enfil

315 486 415 531 circa
428 481 627 531 laudatam
643 478 775 526 santii
800 476 994 545 Augustini

537 548 775 620 Epistolam.

326 697 398 732 Uic
416 694 563 739 epistolae
592 718 602 734 ‚
629 694 722 737 eujus
744 704 852 728 tamen
875 691 998 725 natales
1018 688 1098 722 infa-

347 757 435 780 mare
446 757 513 780 non
528 746 707 789 praesumir,
734 742 979 786 interpretandae
997 741 1097 773 etiam

213 801 248 834 se
257 798 448 833 commiscet
459 797 604 838 Scriptor
617 798 816 836 Anonymus
829 817 836 824 .
861 792 1027 825 Memorat
1042 789 1096 834 Sy7

213 849 346 884 nodum
357 846 463 887 illam,
493 858 536 880 ex
548 856 611 889 qua
626 845 776 878 Aurelius
788 844 914 876 Primas
925 842 1019 875 istam
1044 839 1099 872 in·-

210 897 431 934 feliciffimam
444 897 596 930 adversus
609 896 775 929 Romanas
795 894 1034 936 Episcoporum
1052 898 1099 926 et-

215 949 284 983 iam
303 946 539 990 appellationes
559 945 729 987 epistolam
749 942 870 986 scripfit
892 941 933 974 ad
944 940 1098 974 Sanctum

211 998 450 1036 Caelestinum,
475 995 641 1038 &pergitz
672 994 823 1025 Davidius
840 991 965 1034 ingenui
981 988 1100 1030 fatetur

212 1057 324 1081 wau
340 1053 467 1078 mentem
486 1042 698 1084 Episcopo-um
723 1040 832 1081 africe
855 1045 888 1072 in
911 1038 1102 1071 bot-Concilio

208 1095 302 1140 §stifft
311 1095 426 1127 omnino
435 1093 630 1125 condemnare
654 1093 688 1124 Εἰ
708 1090 849 1134 abrogare
869 1088 954 1133 usum
974 1087 1100 1130 appella-

213 1151 332 1178 tionum
367 1143 415 1175 aa«
434 1142 537 1175 Sedens
565 1140 751 1184 Apostolicam
773 1146 806 1172 in
828 1138 1042 1182 Episcoporum
1067 1148 1102 1173 ac

210 1193 455 1232 ·Presb5terorum
470 1189 582 1232 caufis.
612 1189 734 1234 Insuper
742 1189 797 1230 fibi
817 1189 979 1232 persuadet
1000 1193 1032 1220 in
1052 1187 1114 1234 bx·

210 1241 286 1286 rufis
294 1242 348 1275 bos
360 1241 522 1285 Episcopus
549 1252 600 1275 nec
623 1240 787 1283 bonafide,
816 1250 866 1274 nec
880 1239 1045 1281 sinceritate
1057 1240 1113 1271 cas*

209 1293 300 1336 wiffe
312 1317 325 1333 ‚
345 1291 402 1336 sed
422 1297 554 1326 oratione
572 1295 732 1324 continenti
745 1288 786 1333 fic
802 1289 893 1332 fatur
913 1303 924 1323 .-
952 1289 1103 1331 Equidem

208 1343 302 1377 oeredo
312 1341 378 1376 huic
388 1342 570 1385 abrogationi
579 1347 612 1373 in
624 1339 689 1383 ipsa
701 1340 805 1380 Africa
817 1341 908 1373 locum
920 1350 977 1372 non
990 1338 1079 1380 fuisse
1091 1351 1103 1379 't

214 1396 314 1427 Enim
335 1394 408 1425 vero
429 1392 700 1425 animadvertimus
722 1397 851 1431 tempore
878 1395 997 1423 circiter
1015 1387 1101 1428 hujus

214 1442 420 1487 abrogationis
431 1465 443 1482 ,
465 1439 521 1484 sub
534 1442 632 1475 eodem
645 1441 786 1483 Pontifiee
797 1444 928 1472 Romano
937 1463 948 1478 ,
973 1449 1029 1481 quo
1034 1446 1102 1479 ’μνο-

218 1491 455 1536 mulgatajitit,
478 1491 696 1525 celeberrimum
706 1494 763 1523 no'n
780 1487 875 1530 solum
885 1489 1017 1531 Africae,
1047 1497 1103 1520 ve-

211 1543 286 1576 rr'tm
301 1547 397 1576 etlam
418 1539 567 1584 universa
589 1539 731 1581 Ecclefiae,
748 1537 926 1581 Episcopum
952 1563 964 1579 ,
993 1537 1103 1582 scilicet

217 1592 363 1627 Sanblum
376 1591 566 1634 Augustinum
577 1615 588 1631 ,
612 1597 666 1633 qui
678 1590 767 1631 hujus
779 1588 979 1630 controverfiae
992 1593 1104 1630 princi·

216 1646 270 1685 pto
293 1641 495 1682 interfuerat,
520 1652 578 1673 non
598 1639 747 1683 obstitiffe,
769 1642 860 1673 sonmo
881 1642 955 1673 vero
975 1637 1104 1681 annuiffe

218 1692 415 1734 appellationi
439 1694 582 1730 Antonii,
610 1690 806 1733 Fuffaeliorum
815 1687 975 1731 Episcopi,
1000 1690 1023 1722 ἃ
1039 1691 1071 1732 J
1074 1699 1105 1720 u·

219 1743 298 1775 dicio
306 1742 408 1780 Synodi
418 1741 618 1774 Provincialis
631 1741 675 1773 ad
682 1739 868 1781 Apostolicam
878 1741 981 1772 sedem
1030 1737 1106 1773 Res-

222 1792 360 1836 pondeo
371 1791 555 1825 Davidium
569 1790 650 1824 resta
662 1791 779 1824 sentire
791 1813 797 1821 .
826 1789 959 1823 Etenim
971 1787 1107 1823 Sanetus

221 1840 432 1886 Augustinus
461 1864 472 1880 ,
496 1842 531 1876 δε
556 1851 631 1875 cum
677 1839 747 1882 ipso
782 1841 921 1883 Sanctus·
953 1839 1107 1882 Alipius,

221 1891 359 1926 Sanctus
371 1889 532 1924 Poffidius
541 1915 551 1931 ,
578 1889 747 1924 Numidiae
757 1889 882 1923 Primas
892 1888 1107 1926 Valentinus,

218 1941 420 1985 plurimique
441 1940 497 1974 alii
519 1940 686 1973 sanctiores
713 1940 747 1974 &
767 1938 928 1974 doctiores
949 1937 1107 1973 Afrorum

222 1989 404 2035 Episcopi,
430 1989 526 2034 hujus
555 1990 779 2024 controversi-'z
800 1988 962 2032 principio
985 2012 996 2029 ,
1021 1999 1108 2031 quo-

223 2041 315 2074 niam
326 2040 368 2073 de
388 2042 464 2073 solis
476 2041 683 2073 Clericorum
695 2038 972 2080 appellationibus
991 2039 1108 2072 traaa-

225 2088 304 2128 bat,
330 2099 401 2123 non
431 2088 641 2122 solummodo
671 2088 845 2123 adfuerunt
868 2110 879 2127 ,
906 2088 959 2120 sed
982 2087 1110 2128 insuper

220 2139 351 2173 causam
363 2137 521 2181 generose
546 2149 583 2171 ac
594 2137 752 2179 intrepide
769 2136 963 2179 adjuverunt
976 2160 988 2176 ‚
1014 2135 1110 2168 scien·

223 2197 274 2223 tes
284 2187 302 2221 a
315 2187 346 2223 se
357 2187 488 2221 defendi
510 2187 639 2225 avitamJ
660 2199 698 2221 ac
711 2186 806 2220 bonis
822 2185 988 2220 anchorisi
999 2187 1109 2218 nixam

224 2236 287 2271 suae
296 2236 406 2280 gentis
415 2236 688 2270 consuetudinem
700 2260 707 2267 .
735 2235 796 2269 Ast
810 2235 865 2269 ubi
879 2235 1029 2269 viderunt
1045 2235 1113 2268 Au·

222 2286 344 2321 telium
359 2286 451 2319 salire
472 2295 562 2318 extra
573 2296 695 2324 metas,
720 2284 755 2317 δε
772 2294 885 2318 contra
900 2284 1112 2327 Apostolicos

224 2335 407 2374 Canones,
433 2336 577 2378 itemque
587 2345 702 2368 contra
715 2344 899 2377 perpetuam
910 2335 1019 2378 gentis
1038 2345 1114 2367 con·

226 2384 431 2420 suetudinem
445 2395 652 2427 prorumpere
663 2385 703 2417 ad
717 2385 957 2426 proscribendas
984 2386 1114 2426 Episco-

222 2445 346 2479 porum
364 2434 620 2476 appellationes,
650 2443 852 2468 retraxerunt
865 2444 998 2471 manu5‚
1026 2435 1059 2466 δε
1071 2433 1116 2467 di·

226 2483 434 2518 lestiffimum
454 2482 630 2517 primatem
656 2483 852 2523 Aurelium,
877 2483 996 2517 Sanno
1019 2482 1117 2517 Petro

227 2534 396 2578 (Apostolo
417 2533 651 2576 postponentes
673 2555 684 2571 ,
719 2532 925 2569 deseruerunt
947 2557 954 2565 .
983 2534 1115 2567 Sanetus

229 2583 438 2628 Augustinus
449 2584 542 2616 istam
554 2583 696 2616 Antonii
710 2583 962 2625 apPellationem
982 2593 1052 2616 non
1066 2585 1117 2617 so·-

229 2634 406 2670 lummodo
420 2634 581 2677 permifit,
608 2634 661 2667 sed
687 2633 833 2676 &ipsam
845 2633 1117 2676 appellandicon-

232 2684 439 2718 suetudinem
474 2683 629 2716 stabilivit
650 2683 808 2726 exemplis
844 2685 879 2717 ὅ(
918 2683 1115 2718 rationibus.

227 2734 384 2769 Eandem
402 2733 528 2776 adjuvit
542 2732 668 2768 Primas
677 2731 896 2767 Valentinus.

284 2784 443 2818 Attamen
459 2784 681 2826 Anonymus,
706 2793 747 2816 ne
766 2782 956 2825 manifestos
975 2783 1119 2817 veritatis

233 2833 419 2877 triumphos
444 2833 610 2877 permittat
633 2833 750 2876 Ioanni
763 2832 894 2873 David,
921 2842 1028 2867 tacere
1049 2846 1118 2868 non

240 2883 396 2917 sustinet.-
426 2886 530 2916 Prima
533 2883 639 2925 fronte
649 2881 821 2926 respondere
828 2885 953 2932 pust-nt,
981 2894 1047 2917 cum
1061 2887 1119 2916 An-

240 2931 340 2965 tont'us
361 2934 560 2974 appellaverit
579 2957 590 2973 ,
629 2935 789 2975 antequam
810 2933 944 2974 Africani
967 2934 1121 2973 Caelestrno

243 2983 340 3022 Papa
357 2981 529 3024 scripserint
542 3008 553 3024 ‚
579 2992 634 3016 aut
655 2984 775 3017 litteras
786 2989 950 3024 acceperint
970 2984 1009 3015 ab
1022 2988 1118 3017 Attico

242 3029 560 3073 Constantinopolitano
586 3035 620 3067 (ν
634 3035 739 3071 cyrillo
751 3034 953 3067 Alexandrino
975 3034 1013 3066 de
1027 3045 1121 3067 exem·

240 3079 377 3123 pluribus
388 3083 502 3114 Graects
516 3084 637 3115 Concilit
649 3088 771 3117 Nicaeni
783 3108 792 3123 ‚
820 3089 930 3116 mirum
943 3094 999 3115 non
1010 3085 1120 3123 videri,

238 3129 402 3174 fiSant‘lus
415 3131 585 3173 Auguflmus
612 3134 646 3166 Θ
658 3141 757 3167 caeteri
770 3133 878 3175 africae
900 3131 1039 3175 Episcopi
1058 3134 1124 3166 buic

244 3180 438 3222 appellationi
460 3191 516 3212 non
535 3180 692 3220 obstiterint
709 3209 717 3217 ,
743 3187 863 3228 ,Quippe
884 3194 949 3216 cum
971 3183 1125 3225 Bonifatio

246 3233 344 3272 Papae
353 3231 475 3271 polliciti
486 3230 571 3273 essent
582 3242 620 3263 ex
633 3235 753 3266 Decreto
763 3236 886 3267 concilii
906 3233 1122 3277 Carthaginen-

235 3279 281 3322 fis
297 3305 308 3320 ,
333 3279 507 3322 servaturos
526 3278 560 3322 se
571 3279 721 3323 paulisper
741 3282 817 3317 hanc
835 3284 1069 3326 appellationum
1080 3285 1124 3318 di-

243 3328 400 3374 sciplinam
413 3355 423 3369 ,
450 3331 539 3363 donec
552 3330 753 3365 intellexerint
771 3345 809 3367 ex
822 3339 957 3367 inventis
981 3334 1124 3377 exempla·

247 3380 330 3414 ribus
343 3384 466 3417 Nic-eni
478 3381 601 3415 concilii
615 3404 627 3422 ,
653 3392 694 3414 an
705 3392 778 3416 vera
787 3385 852 3426 effet
860 3389 961 3418 citatio
971 3387 1125 3418 canonum

1156 196 1346 225 Ntcaenorum
1361 195 1393 222 in
1403 194 1625 227 commonitorio
1636 199 1814 241 Legatorum
1825 198 1946 234 Zozimi
1952 222 1961 233 .
1995 202 2036 233 At

1155 253 1238 275 nemo
1247 240 1386 273 dubitare
1390 240 1484 282 potest
1496 242 1575 275 hanc
1587 248 1816 285 appellationem
1828 254 1949 283 Antonii
1960 247 2036 292 Fus-

1152 290 1275 335 salenfis
1287 290 1427 336 Epiftopi
1435 292 1600 334 anteceffssse
1612 302 1768 336 acceptioni
1779 299 1950 333 litterarum
1962 303 2040 333 Assi-

1156 348 1182 375 εἰ
1207 342 1352 379 &cyrilli
1365 366 1372 373 .
1401 342 1602 385 Respondeo
1615 344 1679 377 effe
1690 347 1844 381 frivolum
1859 350 2034 394 effugium.

1159 392 1291 426 Etenim
1315 391 1372 426 ista
1384 391 1555 426 transastio
1567 418 1579 435 ‚
1607 392 1661 427 seu
1689 394 1774 429 istud
1785 401 1907 431 Interim
1921 410 2041 443 nequa-

1156 443 1253 486 quam
1267 442 1329 477 fuit
1342 442 1425 476 circa
1439 442 1674 486 appellationes
1686 444 1922 488 Episcoporum
1933 475 1940 481 .
1965 449 2042 483 Cir-

1159 505 1195 527 ca
1208 491 1264 526 has
1286 503 1345 527 nec
1357 503 1424 526 erat
1437 516 1448 532 ,
1474 504 1535 527 nec
1546 504 1689 536 unquam
1708 494 1815 528 fuerat
1833 497 1898 530 ulla
1909 509 2042 532 contro-

1161 542 1267 576 verfia.
1283 543 1479 577 Transac‘tio
1491 543 1554 577 fuit
1566 544 1651 577 circa
1662 542 1738 578 duo.
1765 543 1878 578 Primo
1889 547 1971 580 circa
1984 549 2043 581 ser-

1161 593 1298 625 vandam
1312 593 1345 625 in
1361 593 1599 636 Episcoporum
1610 594 1884 636 appellationibus
1904 596 2043 631 formam

1158 642 1347 676 Sasdicenfis
1370 644 1541 682 Canonis,
1567 654 1663 686 quem
1690 644 1846 679 zozimus
1865 643 2046 689 appellabat

1159 691 1352 726 Nicaenum.
1381 692 1514 728 Deinde
1527 693 1584 727 ista
1598 694 1770 729 transactio
1781 696 1845 729 fuit
1867 696 1952 730 circa
1975 706 2048 739 pro·

1162 743 1351 776 vocationes
1365 742 1569 777 Clericorum
1581 768 1588 775 .
1619 744 1772 782 Romana
1800 743 1895 780 Sedes
1908 745 2048 780 affirma-

1162 792 1215 825 bat
1226 793 1307 834 ipsas
1319 792 1444 835 probari
1472 805 1508 827 ac
1519 792 1622 835 juberi
1634 805 1687 837 per
1701 795 1735 828 N
1739 795 2023 830 icaenosCanones
2033 818 2047 837 ,

1159 841 1193 874 δε
1218 841 1374 876 Africana
1398 843 1538 877 Ecclefia
1550 843 1763 886 profitebatur
1787 846 1818 878 se
1833 845 1972 885 abistis,
2000 855 2051 879 ut·

1162 892 1236 934 p0te
1248 892 1367 935 Spiritu
1383 893 1447 927 Dei
1458 892 1624 936 conditis,
1651 893 1685 927 ὅ(
1696 894 1798 928 totius
1817 895 1941 929 Mundi
1963 898 2052 929 reve·

1162 944 1265 975 tentia
1279 943 1497 981 consecratis,
1522 944 1612 978 nolle
1623 942 1785 979 dissonare
1797 969 1804 977 .
1831 944 1924 979 Hinc
1947 945 2050 990 igitur

1162 991 1350 1032 stipulatum
1370 992 1437 1032 est,
1463 1003 1499 1025 ut
1522 995 1621 1038 usque
1644 994 1685 1030 ad
1699 1004 1856 1038 repertam
1880 996 2051 1028 veritatem

1163 1041 1299 1074 inferior
1321 1042 1422 1090 etiam
1435 1042 1550 1076 Clesus
1572 1045 1673 1086 pofl‘et
1685 1045 1831 1079 Romam
1852 1055 2049 1088 provocare.

1142 1108 1144 1114 f
1163 1090 1290 1125 Contra
1310 1092 1452 1134 priorem
1479 1094 1753 1128 consuetudinem
1772 1121 1779 1127 .
1806 1093 1943 1139 Propter
1966 1105 2052 1129 reve-

1163 1140 1524 1183 rentiam-,Apostolicae
1546 1141 1635 1176 Sedis
1675 1144 1709 1177 δε
1731 1144 1861 1178 Nicaeni
1883 1144 2051 1179 Concilii.

1164 1191 1246 1224 Haec
1253 1189 1299 1224 est
1309 1201 1395 1225 certa
1410 1190 1527 1224 veritas
1538 1190 1677 1226 iuferius>
1685 1190 1949 1228 demonstranda.
1975 1194 2055 1228 Pro.

1164 1239 1242 1274 inde
1261 1251 1467 1284 nequaquam
1491 1241 1526 1274 in
1554 1239 1651 1284 hujus
1674 1242 1926 1282 transactionis,
1952 1242 2056 1277 sedin

1166 1290 1268 1325 solam
1278 1291 1370 1324 avitae
1380 1290 1630 1325 consuetudinis
1647 1291 1712 1325 vim
1727 1291 1900 1326 Antonius
1910 1291 2056 1336 appella-

1167 1341 1237 1374 vit.-
1264 1340 1307 1374 Et
1330 1339 1569 1383 Episcoporum
1594 1341 1706 1374 nullus
1732 1341 1783 1375 vel
1806 1342 1983 1376 somniavit
2007 1342 2059 1376 in-

1166 1389 1345 1425 tercedere.
1374 1390 1501 1426 Aurelii
1515 1389 1692 1432 primatis,
1703 1390 1805 1434 &ipsi
1818 1390 2059 1426 adhaerentium

1168 1439 1403 1483 Episcoporum
1419 1442 1451 1473 in
1469 1441 1599 1475 erceffio
1612 1448 1679 1477 uon
1692 1443 1793 1483 coepit
1806 1463 1817 1480 ,
1845 1442 1904 1475 nisi
1916 1441 1988 1486 post
1999 1440 2060 1477 ade

1167 1490 1282 1524 <ludios
1295 1501 1346 1527 ⁴‚ex
1354 1450 1495 1526 orienie
1507 1490 1660 1525 Nicaenos
1678 1491 1835 1526 Canones
1845 1516 1852 1523 .

1218 1538 1484 1584 PergitScriptor
1495 1541 1718 1584 Anonymus:
1747 1542 1907 1584 ‚Quamvis
1928 1540 1992 1575 baec
2010 1538 2062 1584 so.

1167 1590 1241 1623 lusio
1265 1592 1340 1622 adeo
1357 1600 1440 1623 certa
1453 1589 1492 1631 st't
1504 1614 1514 1629 ,
1542 1599 1576 1623 ut
1589 1591 1702 1623 nullum
1723 1589 1780 1624 bac
1797 1592 1833 1622 de
1853 1603 1885 1624 re
1896 1591 2061 1624 dubitandi

1165 1640 1261 1672 locum
1276 1640 1425 1681 relinquas
1435 1663 1446 1679 ,
1471 1639 1601 1679 existimo
1613 1651 1714 1673 tamen
1725 1665 1735 1680 ‚
1761 1642 1926 1674 accurati-sis
1934 1650 2061 1682 perpen-

1165 1688 1204 1732 sa
1217 1689 1335 1728 historia
1348 1689 1438 1730 hujus
1454 1695 1573 1722 Antonii
1588 1689 1763 1732 Fussalensis
1772 1715 1782 1729 ,
1793 1689 1891 1732 ipsum
1903 1685 2060 1733 nunquam

1197 1740 1351 1771 urt'diciali
1363 1741 1563 1780 appellatione
1573 1741 1618 1772 ad
1630 1743 1748 1780 Papam
1757 1741 1923 1783 provocaffe
1930 1763 1942 1779 ‚
1953 1745 2060 1782 quam-

1171 1792 1223 1824 vis
1245 1800 1350 1832 negare
1363 1790 1453 1822 nolim
1473 1787 1629 1831 adipsum
1654 1788 1828 1835 confugrffe,
1856 1792 1982 1832 &opem
1992 1793 2059 1831 ejus

1170 1840 1351 1881 imploraffe.
1381 1845 1468 1874 Hanc
1480 1849 1578 1873 autem
1589 1841 1697 1885 agendi
1707 1846 1852 1873 rationem
1871 1846 1989 1874 irritam
2007 1840 2060 1882 effi!

1171 1897 1263 1922 aetase
1285 1888 1386 1921 saneti
1408 1894 1549 1929 cypriam
1562 1913 1573 1928 ‚
1599 1896 1638 1922 ns
1659 1891 1797 1924 omnibus
1821 1896 1873 1933 qui
1888 1899 1945 1932 pro
1956 1890 2059 1932 factis

1166 1940 1283 1977 judicia
1295 1943 1398 1971 timent
1412 1962 1421 1977 ,
1449 1938 1612 1981 &suarum
1622 1950 1723 1972 rerum
1740 1942 1806 1972 odio
1825 1947 1937 1973 mutari
1959 1944 2060 1973 omnia

1165 1987 1284 2028 student
1296 2012 1306 2027 ‚
1333 1989 1508 2027 ostendimus
1535 1995 1633 2030 capite
1640 1996 1741 2030 primo
1759 1989 1851 2030 hujus
1862 1997 1955 2033 operis
1966 2016 1973 2023 .
2001 1994 2060 2034 Igi-

1174 2048 1223 2070 tur
1228 2037 1366 2078 fatemur
1390 2043 1549 2070 Antonium
1562 2041 1686 2071 Romam
1706 2039 1860 2083 confugisse
1874 2065 1885 2080 ,
1911 2039 2062 2083 nouseciis

1174 2098 1210 2118 ac
1229 2088 1319 2118 antea
1340 2086 1512 2129 confugerat
1535 2087 1682 2128 Basilides
1707 2113 1717 2127 ,
1746 2091 1782 2120 de
1803 2102 1860 2131 quo
1882 2096 2061 2123 mentionem

1170 2134 1251 2176 facit
1276 2136 1403 2168 sanctus
1426 2139 1593 2178 Cyprianus
1607 2163 1614 2170 .
1643 2139 1693 2170 Ad
1712 2149 1798 2179 quem
1821 2163 1831 2179 ,
1857 2139 1920 2173 baec
1941 2139 2061 2180 verba,

1176 2184 1318 2228 pergens
1343 2185 1508 2226 Romam,
1534 2187 1688 2227 explicans
1708 2189 1879 2231 Rigaltt‘us,
1905 2188 1981 2222 hanc
2010 2201 2062 2222 no-

1176 2244 1239 2267 tam
1273 2235 1461 2275 efformavit:
1488 2239 1557 2280 ,Quo
1565 2236 1699 2278 solebant
1712 2247 1895 2272 contumaces
1908 2264 1918 2278 ‚
1947 2249 1981 2272 ut
1992 2248 2063 2281 pro·

1174 2286 1227 2318 cul
1247 2284 1286 2315 ab
1306 2283 1355 2316 his
1378 2308 1389 2324 ‚
1414 2286 1519 2326 quibus
1538 2297 1624 2319 erant
1650 2293 1730 2326 noti,
1750 2287 1876 2329 facilius
1893 2289 2060 2330 fallerent.

1179 2333 1380 2376 Respondeo
1393 2335 1483 2368 istius
1494 2336 1667 2370 solutionis
1680 2339 1912 2373 certitudinem
1934 2330 2067 2373 abunde

1178 2393 1284 2427 patere
1304 2395 1344 2416 ex
1366 2385 1461 2419 distis
1491 2409 1497 2415 .
1527 2384 1632 2419 Porro
1656 2388 1846 2428 Antonius,
1874 2390 1895 2422 fi
1919 2389 2064 2423 Romam

1177 2434 1363 2476 confugerit
1377 2457 1387 2472 ,
1413 2436 1445 2467 δε
1469 2434 1629 2469 Romanae
1650 2436 1741 2470 Sedis
1754 2449 1851 2479 opem
1874 2441 2066 2480 implorave-

1179 2482 1219 2515 rit
1232 2505 1242 2522 ,
1270 2482 1440 2524 quomodo
1454 2494 1520 2516 non
1534 2484 1708 2526 appellavit
1723 2488 1736 2518 ἒ
1762 2487 1897 2522 Etenim
1916 2489 2067 2531 implora·

1179 2532 1224 2565 vit
1236 2542 1332 2573 opem
1344 2542 1457 2566 contra
1470 2534 1631 2568 Africanae
1644 2535 1770 2578 Synodi
1783 2536 1824 2571 de
1840 2538 1869 2570 se
1880 2535 2040 2579 judicium
2052 2562 2065 2578 ‚

1179 2583 1347 2625 ipsumque
1362 2582 1538 2625 postulavit
1552 2586 1711 2618 retrastari
1730 2586 1763 2619 ὃ(
1774 2586 1930 2620 rescindi:
1958 2588 2064 2635 Qod

1179 2630 1257 2674 quid
1270 2633 1313 2665 est
1326 2633 1413 2666 aliud
1424 2655 1435 2671 ,
1463 2635 1562 2674 quam
1574 2634 1756 2677 appellare?
1783 2636 1859 2670 Deo
1871 2637 1939 2671 laus
1949 2661 1960 2678 ,
1972 2636 2064 2681 quod

1180 2683 1380 2724 Anonymus
1402 2684 1528 2726 propria
1554 2685 1588 2718 <Sc
1609 2685 1762 2721 consueta
1782 2687 1954 2722 dumtaxat
1967 2687 2065 2721 verba

1181 2742 1302 2776 neget,
1328 2744 1396 2766 rem
1419 2735 1494 2766 vero
1519 2743 1616 2775 atque
1628 2735 1839 2771 substantiam
1854 2737 2064 2781 profiteatur,

1181 2783 1368 2816 Laudamus
1378 2782 1600 2817 admirandam
1614 2787 1795 2827 potentiam
1816 2789 1975 2822 veritatis.
2006 2787 2067 2820 An

1182 2831 1354 2875 Judiciales
1368 2834 1597 2875 appellationis
1609 2835 1715 2877 apices
1729 2836 1900 2871 Antonius
1911 2836 2066 2871 adhibue-

1183 2885 1242 2919 rit,
1268 2884 1382 2924 parum
1395 2884 1507 2918 refert.
1538 2883 1635 2918 Certe
1655 2885 1741 2927 ipsos
1752 2886 1786 2919 in
1812 2888 1877 2921 suis
1889 2886 2067 2930 Appellan—

1182 2934 1270 2966 tibus
1284 2933 1450 2974 nunquam
1462 2933 1631 2977 exquisivit
1645 2935 1802 2970 Ecclesia.
1831 2937 1876 2970 Et
1886 2936 1974 2970 addo
1986 2936 2066 2970 istos

1183 2983 1289 3025 apices
1314 2983 1456 3018 omnino
1480 2982 1571 3017 fuisse
1602 2984 1789 3019 observatos
1819 2985 1861 3020 ab
1883 2985 2040 3020 Antonio
2057 3010 2066 3018 .

1186 3033 1288 3067 Lucet
1303 3042 1344 3065 ex
1357 3031 1407 3066 his
1421 3034 1527 3066 Sancti
1541 3034 1719 3079 Augustini
1732 3034 1836 3070 verbis
1847 3050 1860 3070 :
1884 3039 1922 3069 ln
1942 3037 2003 3069 illis
2014 3047 2067 3069 au-

1186 3093 1245 3115 tem
1254 3081 1462 3123 multiplicibus
1476 3082 1567 3122 Gestis
1577 3108 1587 3123 ,
1614 3085 1721 3126 quibus
1734 3087 1772 3119 de
1791 3085 1842 3118 illo
1855 3085 1977 3126 nostrum
1980 3087 2069 3126 judi-

1187 3138 1266 3166 cium
1286 3138 1450 3166 continetur
1469 3156 1480 3173 ,
1506 3134 1563 3166 &a
1591 3134 1744 3169 Affirmat
1765 3136 1825 3170 ista
1847 3135 1946 3171 Gesta
1971 3137 2066 3171 fuisse

1187 3182 1359 3216 transmissa
1373 3182 1516 3216 Romam
1527 3207 1538 3224 ,
1554 3181 1694 3227 ideoque
1707 3185 1946 3221 Ecclesiasticus
1958 3186 2067 3229 apices

1187 3231 1263 3267 huic
1276 3231 1483 3276 appellationi
1514 3244 1581 3267 non
1593 3234 1744 3270 defuilie.
1774 3235 1898 3271 Eadem
1920 3236 1966 3271 est
1979 3235 2067 3271 ratio

1187 3282 1348 3319 Basilidis.
1379 3280 1480 3331 Qod
1503 3282 1647 3318 Romam
1669 3285 1897 3329 appellaverit,
1925 3286 1972 3321 est
1999 3286 2066 3329 ipsa

1188 3333 1364 3368 meridiana
1385 3333 1458 3373 luce
1474 3332 1608 3368 clarius.
1635 3335 1750 3370 Petrus
1770 3334 1811 3371 de
1831 3336 1945 3371 Marca
1967 3334 2066 3377 coepir

1188 3385 1310 3428 primus
1331 3382 1474 3419 lucidam
1505 3383 1594 3419 diem
1624 3387 1822 3422 commentis
1850 3385 2067 3421 obnubilare.

1916 3430 2020 3467 Porro
