2326 3718
702 127 983 170 RouAuis
1021 129 1581 169 APPniLArroanus.

1899 139 1988 178 191

240 207 423 247 stichario,
449 204 534 240 aede
545 203 711 239 Phenolio
723 204 949 247 polystaurio.
977 204 1123 250 Qartus
1183 200 1272 246 quod
1293 199 1378 235 istud
1400 200 1514 236 scribat
1536 203 1683 240 laudatus
1693 206 1854 243 Isidorus.
1879 208 1963 244 Sunt
1976 208 2060 242 indi-

241 271 333 295 error
350 259 395 292 est
409 280 421 297 ,
443 256 534 297 quod
558 254 750 290 Patriarchae
771 254 890 301 poffint
913 252 1062 298 quotidie
1075 254 1122 287 uti

244 307 544 344 istisnrnamentis.
572 304 848 341 Etenimsutinon
873 304 1048 348 poffuntin
1061 303 1124 337 die·

241 361 308 394 bus
332 356 529 400 jejuniorum
548 381 559 396 ‚
586 356 710 392 nec-in
737 353 960 390 defunctorum
985 354 1123 387 officiis.

242 407 395 455 Qintus
407 417 494 441 error
514 407 559 441 est
571 431 583 447 ,
609 405 697 450 quod
719 405 914 450 privilegiati
931 404 1125 446 Metropoli-

241 458 366 502 taeiplis
377 457 427 491 uti
450 469 519 492 non
539 459 684 501 possent,
708 455 769 489 nifi
783 456 818 489 in
843 458 936 490 certis
946 452 1126 489 diebusan-

242 508 300 543 ni.
329 507 397 542 Uti
418 516 568 550 poterant
588 503 745 541 omnibus
764 505 878 540 diebus
894 532 905 546 ,
931 514 1039 548 praeter
1060 503 1126 546 jam

241 558 367 592 dictos.
394 559 513 592 Sextus
536 567 622 591 error
642 555 709 597 est,
734 557 824 599 quod
847 557 923 591 solis
933 552 1124 596 Metropoli-

243 608 288 642 tis
298 608 428 642 daretur
440 606 647 652 privilegium
658 607 771 640 utendi
785 607 851 641 und
856 607 944 641 ulato
954 602 1127 643 stichario,

245 655 500 701 &polystaurio
525 655 694 690 Phenolio
715 681 722 688 .
750 656 884 690 Etenim
906 655 971 688 illis
992 652 1127 687 dabatur

245 708 354 742 solum
365 706 577 750 Privilegium
590 706 703 740 utendi
716 706 834 740 Sacco:
866 705 944 741 Alia
957 703 1025 738 duo
1037 714 1128 737 com-

243 757 399 802 petebant
410 754 565 790 omnibus
576 756 763 799 Episcopis.

247 830 249 832 >
295 806 458 850 Septimus
465 818 554 841 error
563 807 608 840 est
622 807 657 841 in
668 805 871 851 expositione
884 805 1027 850 vigesimi
1038 802 1130 847 septi·

243 857 294 893 mi
304 857 455 892 Canonis
466 881 477 896 ‚
508 856 563 900 qui
576 856 847 900 Metropolitanis
865 867 903 891 ac
914 856 985 891 aliis
999 855 1130 898 Episco-

244 908 296 952 pis
319 931 330 947 ‚
364 918 409 941 ex
439 907 509 950 jure
529 907 579 942 vel
611 906 786 950 privilegio
812 905 1009 940 habentibus
1029 903 1129 938 Pallii

244 959 364 997 usum,
392 958 496 990 sancit
515 967 558 990 ne
581 956 676 989 omni
699 965 846 997 tempore
857 956 976 989 Divini
991 952 1130 993 Officii,

246 1008 301 1041 vel
314 1004 624 1040 alius-Ecclefiassici
643 1003 840 1044 Ministerii‚
866 1004 919 1039 sed
929 1005 1025 1038 certis
1037 1003 1130 1037 dum-

243 1063 340 1090 taxat
359 1053 561 1096 temporibus
580 1053 615 1087 &
635 1053 718 1088 locis
741 1062 877 1088 utantur
899 1053 962 1089 isto
986 1062 1107 1089 ornatu
1120 1077 1130 1087 ,.

243 1103 415 1139 Dominus
426 1101 730 1148 Archi-Episcopus
748 1114 1008 1139 commentatur:
1035 1107 1091 1136 Ex
1101 1114 1133 1137 eo

243 1163 351 1189 tamen
361 1154 455 1197 colligi
465 1164 523 1187 non
528 1153 622 1195 potest
638 1164 698 1187 non
710 1156 794 1189 licere
807 1156 1047 1198 Metropolitanir
1061 1154 1134 1187 Pal·

241 1206 340 1239 iio-un
360 1209 578 1246 omnitempore
599 1207 711 1238 Divini
732 1204 896 1247 Sacrificii,
921 1215 977 1238 aut
987 1209 1021 1238 vi
1029 1204 1133 1237 horum

243 1258 405 1288 Canonum
426 1255 511 1298 adigi
520 1255 566 1288 ad
585 1256 650 1296 ejus
662 1254 872 1297 depositionem
893 1264 966 1289 ante
974 1252 1134 1301 conficta—

245 1311 377 1339 tionem.
404 1302 603 1347 Respondeo
624 1303 692 1340 haec
715 1316 789 1341 vera
806 1308 872 1341 effe
892 1306 931 1342 in
944 1305 1135 1342 Graecorum

245 1365 321 1391 nou
341 1353 420 1389 solis
432 1353 686 1398 Metropolitis,
710 1355 765 1390 sed
784 1356 1048 1400 quibuscumque
1058 1353 1136 1398 Epi*-

246 1403 375 1448 scopis.
406 1402 455 1437 At
477 1403 555 1438 vero
568 1404 688 1439 Canon
709 1411 918 1450 nequaquam
935 1404 980 1441 ,de
1005 1405 1137 1439 Graecoe

245 1466 324 1490 xum
334 1453 507 1498 Episcopis
528 1454 618 1499 agit,
645 1453 700 1489 sed
720 1454 766 1490 de
786 1456 866 1490 solis
877 1455 1006 1490 Latinis
1019 1479 1027 1488 .
1047 1454 1137 1499 *Agit

246 1504 343 1539 enim
363 1504 399 1537 in
423 1505 584 1548 praefatam
596 1504 954 1540 audaciam'Hincmari
968 1503 1137 1542 Rhemen·

248 1554 290 1589 fis
305 1580 314 1588 .
336 1554 418 1588 Duo
429 1552 526 1597 hujus
538 1553 666 1599 Synodi
678 1555 833 1590 Canones
844 1556 878 1590 in
894 1557 1001 1600 ipsum
1012 1564 1117 1599 agunt
1129 1578 1136 1585 .
1148 1567 1150 1569 ·

248 1603 440 1650 vigesimus
460 1605 618 1648 septimus
627 1606 695 1649 ejus
705 1607 851 1641 excessus
862 1606 948 1641 circa
958 1607 1052 1640 usum
1064 1603 1137 1638 Pal-

246 1655 287 1688 lii
300 1678 312 1694 ,
338 1654 486 1688 decimus
500 1655 654 1698 septimus
664 1656 775 1690 fraenat
787 1667 825 1691 ac
835 1656 972 1692 damnat
981 1656 1051 1699 ejus
1061 1665 1138 1688 con·

247 1703 431 1738 tumaciam
453 1714 566 1739 contra
588 1705 759 1740 Romanas
776 1707 1004 1741 evocationes.
1032 1702 1138 1740 Porro

247 1752 341 1798 quod
362 1754 535 1797 vigesimus
563 1756 717 1798 septimus
736 1756 859 1792 Canon
886 1758 921 1791 iu
946 1757 1136 1791 Graecorum

247 1804 433 1848 Episcopos
443 1814 499 1839 aut
510 1816 618 1840 mores
630 1818 699 1840 non
711 1807 831 1842 statuat
840 1831 852 1847 ‚
870 1807 915 1842 est
929 1806 1137 1842 manifestum

246 1865 293 1889 ex
313 1854 386 1898 ejus
406 1855 549 1889 exordio
573 1868 580 1888 :
606 1858 770 1890 secundam
800 1859 936 1892 traditas
946 1859 1071 1901 formas
1086 1865 1138 1900 per

241 1902 376 1948 fingulaes
385 1907 569 1939 Provincias
579 1929 591 1946 ‚
617 1908 652 1940 (9⁹
664 1910 806 1951 Regiones
817 1921 830 1949 ‘,
853 1920 890 1942 ac
900 1910 987 1942 urbes
998 1934 1009 1951 ‚
1034 1915 1067 1942 in
1080 1911 1139 1940 Ec-

245 1953 412 1997 clefiasticis
438 1951 674 1997 promotionibus
700 1960 735 1991 t&
752 1958 1020 2002 consecrationibus
1054 1958 1111 1992 illa
1126 1982 1137 1997 ,

246 2016 316 2048 quae
328 2006 442 2039 indicia
461 2005 660 2050 &fignasunt
671 2009 812 2050 Ordinis,
824 2016 875 2052 qui
901 2014 1056 2052 unicuique
1066 2007 1138 2050 inest

247 2053 282 2097 se
301 2057 446 2095 videtur,
471 2062 591 2089 retineri
617 2058 798 2091 decernimus
814 2083 821 2091 .
849 2059 976 2094 Lucide
999 2060 1139 2094 affirmat

249 2104 338 2137 circa
348 2104 449 2138 Pallii
458 2105 625 2148 gestamen
637 2118 676 2140 ae
689 2108 851 2141 usumeffe
864 2110 968 2142 varias
979 2110 1138 2143 variarum

249 2153 448 2198 Regio-num
460 2155 732 2190 consuetudines:
761 2156 874 2191 Aliam
889 2158 975 2201 apud
988 2159 1117 2192 Graecos
1129 2181 1140 2198 ,

249 2204 351 2236 aliam
362 2203 452 2245 apud
465 2204 605 2239 Latinos
616 2230 623 2237 .
652 2206 697 2238 Et
707 2206 841 2241 mandat
861 2209 1039 2251 unicuique
1051 2210 1138 2242 suam

250 2251 430 2285 custodiri.
459 2253 503 2286 Et
526 2255 751 2295 prosequitur:
775 2260 826 2289 Ita
849 2265 881 2289 ut
891 2257 1051 2300 Episcopi,
1077 2262 1141 2299 qui-

250 2300 313 2334 -bus
327 2301 485 2344 conceffum
506 2301 546 2342 est
560 2304 670 2336 Palliis
692 2310 738 2337 uti
753 2311 844 2338 certis
854 2306 1030 2348 temporibus
1039 2330 1059 2348 ,»
1078 2309 1137 2340 &a

247 2351 365 2386 sancit
384 2351 419 2385 in
432 2350 517 2385 solos
530 2353 730 2396 Episcop0s‚
756 2355 875 2399 quibus
894 2357 1081 2400 permissum
1091 2357 1136 2390 est

252 2401 349 2435 certis
364 2399 535 2435 dumtaxat
558 2403 757 2445 temporibus
767 2407 877 2440 ornari
889 2406 997 2440 Pallio
1009 2431 1017 2439 .
1045 2407 1089 2440 Et
1104 2406 1137 2439 hi

250 2450 360 2494 palam
383 2450 677 2486 suntsoliLatini.
703 2454 818 2499 Quare
842 2458 973 2490 octavus
994 2457 1138 2490 Domini

252 2497 528 2544 Archi-»Episcopi
551 2513 639 2536 error
668 2502 713 2537 est
728 2528 740 2543 ‚
767 2506 857 2547 quod
880 2507 1055 2540 Canonem
1081 2506 1138 2540 sta-

250 2560 402 2584 tuentem
421 2550 464 2583 de
489 2550 566 2585 solis
577 2552 707 2587 Latinis
728 2553 899 2599 Episcopis
918 2557 1076 2591 extendat
1096 2555 1137 2591 ad

251 2601 388 2634 Graecos
400 2624 407 2631 .

255 2671 258 2675 ,
302 2650 427 2684 Nonus
449 2662 537 2686 error
558 2652 626 2692 est,
653 2653 743 2697 quod
766 2654 1004 2700 Omophorion
1017 2655 1139 2692 Graecis

251 2701 429 2744 Episcopis
438 2701 521 2734 olim
533 2703 629 2736 fuerit
643 2704 737 2738 vessis
749 2706 880 2750 vulgata
890 2730 898 2739 .
924 2707 1057 2741 Etenim
1071 2719 1140 2741 om·

251 2761 312 2784 nes
324 2750 468 2796 ipsorum
480 2751 656 2795 Scriptores
668 2765 705 2787 ac
715 2754 863 2790 Rituales
877 2756 952 2792 libri
964 2755 1137 2801 Omopho·

251 2801 330 2835 tion
339 2799 554 2835 adnumerant
571 2801 779 2846 Polystaurio
791 2828 801 2844 ‚
826 2805 992 2842 Phenolio
1003 2807 1141 2842 undula-

254 2859 296 2884 ιο
315 2873 330 2890 ,
355 2851 571 2894 Epimanjciis
592 2876 604 2893 ,
634 2853 859 2894 Genualibus,
885 2859 1021 2902 aliisque
1045 2859 1140 2892 sacris

256 2897 496 2944 Episcoporum
518 2903 731 2939 Ornamentis
751 2931 759 2938 .
787 2907 943 2942 Decimus
964 2920 1053 2943 error
1069 2908 1115 2942 est
1129 2932 1140 2948 ,

257 2948 353 2990 quod
374 2950 457 2986 istud
477 2952 593 2988 scribat
623 2955 760 2989 Sanctus
782 2956 921 2992 Isidorus
941 2957 1139 2993 pelusiotes.

257 2997 397 3034 *Etenim
416 3001 552 3037 Isidorus
573 3003 691 3038 diserte
712 3005 821 3041 scribit
832 3007 1067 3051 Omophorion
1078 3006 1140 3042 effe

261 3047 380 3105 pellem
391 3050 549 3092 ovinam,
575 3065 723 3089 ornatam
745 3057 959 3092 Sacrosanctis
981 3058 1140 3103 fignifica-

262 3097 416 3156 tionibus
427 3122 435 3132 .
462 3100 672 3138 Undecimus
683 3117 769 3140 error
780 3107 838 3147 est,
851 3109 937 3152 quod
951 3110 1140 3143 Graecorum

263 3147 418 3192 Episcopi
438 3150 672 3193 Omophorion
693 3157 859 3200 deponant
883 3159 952 3202 post
971 3159 1142 3194 recitatum

263 3197 499 3255 Idvangelium.
531 3200 662 3237 Etenim
683 3206 853 3248 deponunt
875 3210 914 3242 ad
928 3208 1020 3243 istam
1033 3212 1143 3244 recita·

264 3257 392 3282 tionem
409 3273 416 3280 .
444 3248 547 3283 Ratio
567 3252 613 3285 est
636 3253 769 3291 adducia
789 3259 949 3301 superius.
977 3260 1144 3295 Duodeci-

261 3308 336 3331 mus
346 3310 432 3332 error
442 3300 487 3333 est
500 3325 510 3340 ,
536 3301 626 3344 quod
639 3303 826 3340 Graecorum
841 3309 995 3353 Episcopi
1006 3312 1141 3355 vulgata

261 3348 319 3382 sua
334 3349 523 3383 vestimenta
536 3352 623 3393 prins
633 3352 818 3398 deponant,
843 3369 899 3392 aut
911 3359 997 3394 certe
1017 3361 1090 3403 ipsis
1102 3363 1144 3395 sa—

257 3408 315 3432 cra
328 3399 559 3443 superinduant
569 3402 640 3445 post
651 3405 822 3441 recitatum
836 3409 1055 3454 Evangelium
1068 3436 1076 3443 .
1101 3412 1143 3445 Et

1185 264 1251 297 gna
1271 254 1411 286 refutatu
1430 252 1592 295 paradoxa
1612 278 1620 285 .
1648 256 1791 293 Proinde
1824 260 1860 294 ,ὃς
1879 259 1999 293 Latina
2025 259 2060 292 δε

1186 303 1294 337 Graeca
1307 302 1448 337 Ecclesia
1457 303 1582 346 semper
1594 302 1709 338 habuit
1719 307 1806 342 idem
1815 309 1956 344 Pallium
1969 310 2062 350 ,Ot-

1186 361 1299 389 natum
1310 353 1432 387 sacrum
1444 377 1456 393 ‚
1483 353 1592 387 laneas
1604 353 1715 387 fascias
1725 381 1735 395 ‚
1761 368 1827 392 rem
1841 359 1873 392 in
1887 359 2063 393 substantia

1188 403 1286 438 vilem
1298 428 1311 444 ‚
1337 403 1576 448 significatione
1588 403 1773 451 Augustam
1785 431 1796 447 ,
1805 405 2040 444 Sacrosanlstam
2048 434 2061 451 ‚

1188 454 1349 488 Divinam
1360 478 1370 488 ,
1605 479 1607 483 -

1236 505 1406 538 Dominus
1431 501 1730 549 Archi-Episcopus
1751 507 1955 550 prosequitur
1964 521 1976 542 .·
1998 508 2066 547 Post

1186 557 1363 589 devoratam
1384 554 1423 587 ab
1433 559 1566 598 Europae
1578 558 1813 598 Metropolitanis
1824 559 1985 598 accipiendi
1999 561 2065 591 Pal-

1187 607 1219 638 lii
1230 606 1417 644 neceffitatem
1425 630 1436 646 ,
1461 617 1531 648 quae
1541 607 1562 638 ἃ
1574 608 1702 640 Concilio
1714 606 1822 640 §octavo
1836 607 1962 649 firmata
1973 611 2067 640 Cano-

1189 666 1224 687 ne
1234 679 1245 694 ‚
1272 667 1367 689 novas
1377 657 1487 689 deinde
1499 658 1681 691 conditiones
1684 655 1741 697 fibi
1751 660 1772 690 ἃ
1780 656 1907 701 summis
1920 654 2069 698 Pontifici-

1188 703 1243 737 bus
1255 705 1404 746 impofitas
1411 706 1506 738 coam
1514 705 1588 748 sunt
1596 707 1737 749 ample&
1746 732 1754 741 .
1783 708 1919 742 Primum
1931 713 2010 741 enim
2022 718 2068 739 res

1157 786 1159 788 .
1189 756 1220 788 eo
1232 755 1377 796 devenit,
1398 763 1434 790 ut
1450 756 1546 789 coam
1557 755 1622 799 fint
1631 760 1747 800 Scripta
1766 760 1901 800 polliceri
1918 756 2069 801 subjec‘lio-

1191 816 1258 839 nem
1278 806 1314 839 <zi
1329 806 1527 841 obedientiam
1553 806 1718 848 Apostolicae
1736 810 1830 848 sedi,
1856 810 1891 842 ὠ·
1914 810 2070 848 Praecepta

1191 857 1256 894 ejus
1277 857 1428 889 canonici²
1443 865 1498 898 per
1518 862 1622 891 omnia
1638 856 1745 900 sequi.
1770 862 1857 892 Novi
1878 858 1967 900 hujus
1984 859 2069 899 juris

1191 907 1329 946 Receptor
1341 904 1600 951 fuitBonifacius
1615 910 1807 951 Moguntinus
1817 913 1852 940 in
1864 909 1972 947 synodo
1992 907 2071 941 abeo

1192 955 1339 988 celebrata
1350 979 1361 996 ,
1384 967 1465 990 anno
1468 955 1721 1001 stptingentefimo
1737 957 1969 1002 quadragesimo
1970 956 2072 1000 secun-

1193 1004 1231 1035 do
1242 1027 1253 1043 ,
1277 1012 1311 1037 ut
1321 1004 1445 1048 discitur
1464 1017 1503 1039 ex
1513 1009 1580 1049 ejus
1592 1007 1713 1049 epistola
1724 1009 1772 1041 ad
1779 1008 1966 1044 ,cudbertum
1978 1033 1985 1040 .
2011 1010 2074 1039 An-

1193 1061 1244 1086 tea
1259 1058 1341 1087 enim
1363 1057 1584 1097 Metropolitani
1599 1058 1683 1091 nulla
1702 1058 1768 1094 ,alia
1791 1060 1852 1103 lege
1873 1058 2050 1092 tenebantur
2061 1080 2074 1096 ‚

1195 1113 1285 1144 quam
1300 1111 1332 1135 ut
1339 1103 1412 1146 fidei
1428 1103 1493 1147 suae
1501 1105 1701 1147 profefflonem
1721 1113 1889 1142 emitterent
1901 1134 1912 1150 ,
1937 1110 1970 1142 et
1980 1105 2077 1149 obser-

1195 1158 1345 1189 vationem
1365 1157 1392 1185 C
1397 1165 1527 1187 anonam
1548 1158 1896 1193 eom-‚Provincialtbus
1918 1156 2077 1200 Episcopis

1173 1209 1175 1212 “
1191 1204 1398 1246 pollicerentur
1407 1209 1440 1236 in
1442 1202 1501 1246 sua
1511 1202 1741 1246 consecutione.
1769 1207 1897 1239 Nullam
1911 1210 2005 1249 porro
2017 1205 2078 1240 ohe-

1194 1255 1321 1289 dieniiae
1336 1251 1515 1296 sponfionem
1532 1252 1711 1294 faciebant.
1734 1257 1845 1299 ,Quam
1865 1257 1938 1289 adeo
1948 1258 2080 1289 alienam

1197 1306 1217 1336 ci
1230 1301 1402 1352 priscojure
1418 1301 1558 1346 censebat
1570 1307 1631 1340 Leo
1636 1311 1756 1346 primus
1767 1330 1778 1346 ,
1804 1315 1838 1339 ut
1848 1307 1892 1338 ad
1901 1304 2081 1347 Anastafium

1196 1350 1476 1397 Tbffalmicensem
1499 1351 1681 1396 Episcopum
1697 1354 1832 1398 scribens
1844 1357 1881 1388 de
1890 1354 1978 1398 causa
1990 1358 2084 1388 Attici

1199 1401 1362 1446 Episcopi,
1386 1405 1411 1438 ἃ
1425 1414 1482 1445 quo
1503 1403 1676 1445 Anastafius
1693 1404 1817 1446 fimilem
1822 1404 2003 1449 sponsionem
2014 1416 2092 1438 exe-1-

1195 1462 1306 1497 geram
1329 1454 1445 1497 ,dixerit
1464 1459 1501 1488 ,in
1519 1465 1559 1490 aa
1572 1453 1687 1500 fignum
1702 1458 1831 1495 injuriae
1852 1461 2015 1489 contineri.
2043 1460 2084 1487 At

1196 1503 1260 1546 post
1270 1503 1462 1544 Bonifacium
1481 1514 1565 1537 ‚nova
1573 1503 1706 1547 clausula
1727 1504 1794 1539 bua'c
1804 1505 2086 1547 profhffioniaddita

1200 1553 1238 1594 es}
1250 1577 1261 1593 ‚
1286 1564 1349 1599 qua!
1358 1554 1495 1588 videlicet
1501 1552 1710 1596 ficbjec‘lionem
1726 1557 1760 1588 6·
1769 1555 1966 1590 obedientiam
1977 1559 2087 1589 Roma-

1201 1615 1238 1637 no
1247 1601 1534 1646 Episcopopromitti
1545 1605 1677 1637 invaluit
1686 1629 1697 1645 ,
1719 1614 1758 1638 ut
1769 1607 1873 1639 videre
1895 1605 1977 1645 estin
1989 1610 2087 1639 veteri

1192 1653 1329 1695 formula
1341 1677 1352 1692 ‚
1378 1664 1444 1695 quae
1459 1655 1561 1687 Caroli
1573 1654 1669 1687 Calvi
1684 1664 1780 1689 aetate
1789 1660 1821 1688 in
1831 1653 1883 1698 usu
1893 1665 1958 1689 erat
1967 1669 1979 1688 .·
2007 1655 2087 1689 Bea-

1202 1715 1238 1737 to
1250 1704 1326 1736 vero
1335 1703 1434 1737 Petro
1445 1725 1456 1740 ‚
1484 1703 1521 1736 ἀ
1533 1702 1670 1737 Vicario
1683 1705 1752 1746 ejus
1761 1705 1909 1740 debitam
1921 1705 2089 1747 subjectio-

1202 1764 1280 1787 nem
1299 1753 1332 1786 &
1354 1751 1577 1786 obedientiam
1592 1776 1603 1792 ,
1629 1753 1848 1797 Suffraganeis
1870 1755 1947 1788 vero
1970 1755 2088 1788 nostris

1201 1803 1402 1846 adjutorium
1426 1812 1480 1836 me
1499 1801 1724 1840 exhibiturum
1738 1805 1915 1847 profiteor.
1937 1805 1999 1839 Illa
2013 1804 2090 1837 nihi-

1201 1855 1325 1888 lominus
1349 1851 1518 1887 obedientia
1538 1854 1585 1886 ad
1593 1851 1827 1895 observationem
1838 1859 1997 1888 canonum
2014 1866 2090 1888 coer,

1201 1914 1282 1939 cetur
1303 1927 1316 1945 ‚
1343 1904 1379 1939 id
1401 1903 1460 1943 est,
1478 1908 1664 1944 pmmmunt
1684 1906 1908 1947 Metropolitum
1925 1904 1959 1948 se
1974 1903 2091 1948 summo

1202 1954 1342 1998 Pontifici
1352 1953 1519 1987 obedituros
1523 1955 1621 1994 juxta
1632 1958 1771 1990 Cimone:
1784 1980 1792 1987 .
1821 1955 1951 1996 Hocest,
1974 1961 2093 1997 quoties

1195 2007 1275 2050 jussa
1285 2008 1350 2048 ejus
1364 2012 1520 2040 canonum
1531 2007 1550 2037 5
1551 2009 1661 2038 tatutis
1673 2011 1846 2040 innituntur
1858 2031 1866 2038 .
1885 2006 1986 2039 Hanc
1998 2005 2091 2039 enim

1201 2058 1264 2091 effe
1286 2067 1402 2090 eorum
1421 2055 1595 2089 verborum
1617 2056 1685 2090 vim
1705 2056 1804 2091 docet
1827 2057 1893 2099 ipse
1912 2054 2092 2091 Zacharias

1202 2106 1293 2149 Papa
1311 2105 1353 2139 ad
1378 2105 1591 2139 Bonifacium
1615 2105 1779 2140 scribens:
1805 2109 1875 2139 Nec
1891 2111 1973 2139 enirn
1983 2106 2023 2139 ab
2033 2105 2091 2139 bac

1204 2155 1362 2198 Apostolica
1383 2157 1460 2188 Sede
1476 2156 1529 2188 illa
1549 2155 1721 2199 diriguntur
1741 2181 1754 2197 ‚
1773 2168 1842 2199 quae
1856 2161 2013 2190 contraria
2036 2156 2090 2199 esse

1204 2209 1332 2239 Parrum
1343 2229 1353 2246 ,
1375 2204 1428 2248 seu
1441 2209 1597 2238 Canonum
1605 2206 1735 2240 statutis
1743 2212 1946 2240 inveniantur
1957 2232 1965 2239 .
1994 2208 2089 2239 Boni-

1195 2257 1300 2297 facius
1312 2259 1383 2288 vero
1395 2278 1406 2293 ,
1430 2261 1481 2297 qui
1490 2254 1648 2298 sponfionis
1660 2262 1726 2290 vim
1736 2256 1920 2301 intelligebat
1932 2281 1942 2297 ‚
1964 2257 2088 2289 eandem

1201 2311 1234 2338 in
1244 2310 1369 2347 propria
1383 2304 1474 2347 causa
1485 2305 1625 2338 adhibuit
1634 2305 1800 2350 clausulam
1811 2332 1822 2348 ,
1844 2317 1914 2340 cum
1924 2305 2091 2349 easponfio-

1203 2367 1270 2389 nem
1284 2354 1448 2388 Zacharia
1461 2353 1583 2396 faceret
1589 2363 1647 2397 pro
1658 2356 1941 2399 Archi-Episcopatu
1959 2360 2091 2399 Mogun-

1201 2412 1280 2438 tino:
1306 2405 1396 2438 Sicut
1409 2404 1676 2440 Praedeceffomm
1699 2406 1879 2442 vestrorum
1900 2418 1960 2450 pro
1972 2405 2093 2440 autho-

1202 2456 1298 2489 ritate
1319 2455 1428 2488 Sansti
1441 2454 1530 2487 Petri
1554 2457 1634 2488 servi
1660 2456 1798 2494 devoti,
1825 2456 1988 2490 &subditi
2013 2456 2091 2489 obe-

1202 2506 1351 2543 dientes,
1378 2504 1414 2537 &
1439 2503 1560 2537 subditi
1585 2503 1644 2538 sub
1661 2504 1734 2547 jure
1754 2504 1933 2540 canonico
1954 2529 1962 2537 .
1987 2509 2090 2548 lnquit

1201 2557 1249 2588 ille
1259 2559 1291 2587 in
1299 2552 1417 2596 epistola
1435 2555 1481 2586 ad
1489 2552 1678 2587 Zachariam
1689 2580 1696 2587 .

1252 2606 1384 2638 Errores
1407 2614 1475 2637 non
1501 2605 1618 2647 pauci.
1646 2604 1779 2639 Primus
1798 2605 1844 2640 est
1858 2630 1871 2647 ‚
1893 2606 1985 2649 quod
2007 2605 2090 2640 acci-

1204 2654 1314 2699 piendi
1333 2653 1433 2688 Pallii
1452 2654 1619 2688 neceffitas
1643 2655 1680 2689 sit
1699 2666 1750 2690 res
1761 2653 1845 2689 adeo
1864 2657 1995 2698 acerba,
2022 2655 2089 2690 uta.

1201 2704 1429 2749 Metropolitis
1451 2704 1548 2738 fuerit
1558 2703 1745 2740 devoranda
1759 2732 1766 2739 .
1795 2705 1929 2742 Etenim
1940 2707 2006 2742 hoc
2017 2706 2088 2750 jure

1202 2756 1267 2790 dici
1278 2754 1374 2799 possit
1385 2754 1426 2788 de
1435 2754 1693 2799 Metropoliticae
1703 2755 1872 2799 potestatis
1892 2768 1991 2791 onere
2001 2781 2013 2797 ‚
2038 2767 2089 2790 re-

1205 2808 1277 2841 vera
1299 2804 1510 2850 graviffinm,
1536 2806 1570 2839 ἀ
1585 2805 1738 2840 humanis
1760 2806 1884 2841 viribus
1897 2806 2088 2852 importabi-

1204 2857 1227 2890 li
1238 2870 1248 2900 ;
1277 2855 1388 2889 verum
1402 2866 1469 2899 quo
1481 2856 1594 2889 colore
1607 2855 1690 2890 istud
1704 2857 1863 2892 scribatur
1873 2857 1915 2891 de
1925 2857 2088 2899 accipien-

1203 2907 1236 2941 di
1247 2905 1344 2939 Pallii
1365 2906 1574 2946 neceffitate,
1604 2917 1672 2940 non
1694 2907 1811 2941 video.
1839 2907 1897 2940 Est
1918 2907 2011 2941 enim
2022 2917 2088 2940 me·

1203 2967 1273 2990 rum
1286 2955 1377 2989 istius
1389 2957 1512 2996 oneris,
1538 2955 1604 2998 jam
1614 2957 1754 3000 impositi
1765 2958 1966 3000 &acceptati
1973 2979 1988 2996 ,
2004 2957 2088 2999 sym-

1203 3006 1330 3041 bolum.
1358 3005 1467 3039 Immo
1478 3017 1547 3040 non
1560 3017 1685 3041 merum
1698 3006 1885 3050 symbolum
1897 3031 1909 3047 ‚
1932 3006 1987 3041 sed
1999 3005 2090 3040 insu-

1205 3069 1258 3101 per
1268 3056 1526 3090 consolatorium
1537 3067 1768 3092 ornamentum
1779 3082 1790 3091 .
1816 3057 1862 3091 Et
1873 3055 1969 3091 video
1979 3056 2086 3100 ipsum

1204 3120 1272 3141 non
1286 3104 1494 3140 solummodo
1504 3107 1522 3140 ὲ
1532 3107 1656 3141 cunctis
1666 3106 1891 3151 Metropolitis
1901 3131 1912 3148 ,
1934 3107 1989 3141 sed
2002 3107 2089 3140 insu-

1204 3170 1259 3203 per
1275 3157 1294 3190 ὲ
1305 3156 1417 3191 multis
1437 3156 1656 3200 Suffraganeis
1668 3157 1834 3201 Episcopis
1856 3158 1985 3192 summo
2007 3158 2088 3191 sem-

1206 3221 1260 3254 per
1278 3206 1407 3242 ambitu
1428 3206 1522 3240 fuisse
1543 3209 1725 3250 appetitum
1744 3220 1752 3240 :
1781 3207 1923 3242 Nullum
1943 3207 2087 3242 debuiffe

1204 3258 1360 3303 compelli
1378 3257 1421 3290 ad
1440 3256 1683 3292 devorandum.
1711 3258 1784 3293 Nisi
1806 3256 1915 3293 forsan
1928 3256 2087 3302 quosdam

1206 3307 1437 3352 Metropolitas
1446 3331 1459 3347 ,
1481 3318 1566 3350 quos
1577 3308 1611 3341 in
1623 3307 1737 3343 Gallia
1746 3310 1864 3353 reperit
1876 3310 2011 3343 Sandius
2025 3307 2086 3340 Bo·

1207 3359 1346 3394 nifacius
1358 3383 1365 3389 .
1390 3357 1523 3401 Nempe
1533 3357 1640 3393 laxata
1649 3357 1819 3403 disciplina
1833 3359 1919 3403 ipsos
1930 3358 2085 3401 deJecerat

1205 3410 1248 3446 ad
1271 3408 1462 3460 Barbaros,
1487 3409 1505 3442 ὲ
1524 3407 1644 3451 quibus
1668 3421 1728 3445 nec
1749 3409 1877 3449 Pallia,
1905 3406 2088 3488 “emissam

2012 3465 2041 3488 e.

2107 2479 2199 2521 sspist.
2206 2491 2216 2511 i
2224 2491 2238 2519 3
2246 2493 2269 2511 z.
