2326 3718
723 115 1006 167 Roiiims
1042 118 1625 166 Apvttmnomnns.

1908 133 2000 178 151

108 206 179 237 Can·
199 210 244 237 ²6·
268 208 374 243 nensis
384 205 535 250 synodus
549 220 559 240 .·
575 209 688 248 “Priene
702 207 785 240 sedis
797 202 958 247 Eplscopus
973 216 1030 237 non
1041 204 1140 247 appel·
1198 203 1444 245 Metropolitanus
1467 227 1475 236 .
1493 203 1615 251 -Qod
1631 202 1884 252 Carthaginem*
1906 201 2073 249 Episcopo

269 259 350 294 letur
371 260 512 298 Princeps
531 259 739 297 sacerdotum,
763 265 817 289 aut
835 253 966 299 summu!
977 256 1116 288 Sacerdos
1129 277 1140 294 ,

263 316 320 340 aut
329 307 445 349 aliquid
453 306 623 350 hujusmodl
633 332 643 348 ,
663 306 841 350 sedtamum
859 311 954 347 primq
965 307 1050 341 sedis
1064 307 1141 346 Epi·

255 356 367 400 -scopus
379 380 386 388 .
407 356 475 391 Hic
486 368 565 402 ergo
576 357 620 392 est
632 356 790 395 secundus
815 356 947 390 istorum
960 356 1140 389 Primatum

254 406 433 451 >legitimus
450 408 586 443 titulus.
614 408 662 443 lta
684 408 718 441 in
740 405 855 440 litteris
875 407 914 440 ad
936 405 1141 440 Generosum

264 457 400 495 Sssnffils
423 457 629 504 Augustinus
650 456 759 491 scribit
780 457 966 491 Secundum
985 454 1141 498 Tigifita-

87 513 241 554 Epist.165.
262 516 346 543 num
368 508 568 552 Episcopum
589 507 683 542 fuisse
705 506 740 540 in
765 506 925 543 Numidia
963 503 1142 549 Episcopum

258 559 454 603 primesedis
467 583 474 590 .
501 558 546 593 Et
563 557 619 592 sub
631 556 760 591 Caesarii
788 569 825 591 ac
839 557 944 592 Attici
960 553 1142 590 Consulatu

264 607 427 642 celebrata
448 607 695 652 Cathaginensis
705 608 857 650 Synodus
877 607 988 642 laudat
1005 602 1144 646 tresian-

264 663 382 691 ttanum
393 656 571 700 Episcopum
579 662 677 699 prime
686 658 704 689 5
705 658 769 690 edis
783 658 999 690 Numidiarum
1012 679 1020 687 .
1034 653 1143 689 Etiam

260 706 464 743 ‘Muzonium
475 707 557 742 dicit
578 708 612 741 in
627 707 770 748 Byzacio
789 707 899 749 primae
909 704 1144 747 &disi-:pisco-

263 768 341 799 pum
352 780 360 788 .
386 756 430 792 Et
441 756 609 793 Numidiae
620 757 794 792 Matricula
804 755 1002 800 iubetur-effe
1013 754 1047 789 ἃ
1060 752 1144 797 apud

262 806 402 850 primam
413 806 530 843 Sedem
550 831 561 847 ‚
585 808 621 842 &
630 806 715 850 apud
726 806 945 849 Metropolim
956 803 1145 841 Constanti-

261 866 361 890 nam.
389 857 493 892 Aliud
515 856 595 901 ergo
612 868 680 893 erat
701 856 805 900 prima
826 855 1029 901 Episcopalis
1049 853 1145 888 Sedes

261 903 462 947 Provinciae,
488 907 578 942 aliud
601 907 707 942 civilis
727 906 945 948 Metropolis.
973 902 1142 947 Carthagi·

263 956 371 990 nensis
382 981 392 996 ‚
419 968 473 999 per
484 957 637 991 Sanctum
649 954 876 999 Augustinum
900 954 935 988 in
946 955 1045 988 tertio
1066 964 1144 987 con-

262 1014 313 1038 tra
323 1004 536 1039 Cresconium
547 1003 633 1037 libro
645 1012 823 1038 memorata
837 1027 847 1043 ,
866 1004 988 1047 praefati
1001 1001 1143 1037 Secundi

250 1053 417 1095 »synodus
427 1054 534 1097 ipsum
554 1052 698 1089 inscribit
710 1051 886 1096 Episcopum
903 1059 1014 1095 primae
1027 1051 1143 1088 Cathe—

261 1104 347 1138 drae.
367 1101 429 1139 -Ex
441 1114 508 1146 quo
526 1103 617 1138 vides
627 1103 762 1139 titulum
780 1105 844 1138 esse
864 1103 1140 1145 antiquiffimum.

260 1151 418 1188 Eundem
433 1153 609 1199 januario,
635 1154 684 1188 vel
707 1153 817 1198 potius
830 1154 1050 1197 Januariano,
1076 1154 1144 1187 Do-

258 1202 455 1238 natistarum
481 1204 516 1237 in
538 1204 750 1248 casis-nigris
772 1203 938 1247 Episcopo
958 1228 969 1244 ,
994 1202 1143 1238 deferunt

256 1249 428 1288 Catholici
444 1254 667 1296 Hipponensis
689 1254 835 1288 Ecclefiae
847 1254 989 1289 Clerici:
1012 1257 1146 1299 Janua-

257 1308 344 1336 riano
349 1308 460 1346 primae
471 1305 555 1337 sedis
565 1303 822 1347 Epifiwpo-partis
837 1307 1036 1337 Donatianae.
1058 1304 1146 1338 Eun·

256 1352 336 1387 dem
350 1352 484 1386 titulum
507 1354 641 1388 laudant
664 1353 818 1388 Canones
840 1353 1049 1387 Illiberritani
1066 1378 1073 1385 .
1101 1354 1143 1386 Et

255 1400 323 1438 hoc
333 1402 380 1436 est
393 1413 497 1436 unum
511 1412 778 1448 argumentorum
793 1427 804 1444 ‚
828 1414 870 1438 ex
883 1401 1003 1447 quibus
1017 1403 1145 1439 Africa-

256 1462 306 1508 na·
323 1452 520 1491 Hierarchia
547 1453 675 1490 videtur
698 1452 782 1488 olim
804 1453 942 1502 viguisse
962 1454 997 1488 in
1022 1453 1146 1496 Hispa·-

252 1512 326 1536 τως
339 1527 347 1534 .
768 1510 771 1513 ·

310 1551 450 1588 Tertius
459 1550 575 1587 titulus
587 1552 631 1586 est
649 1550 776 1587 Primis
786 1576 794 1584 .
820 1551 870 1586 Ita
891 1551 925 1586 in
939 1561 1058 1595 quarto
1069 1563 1147 1586 con—

257 1610 311 1637 tro
323 1602 539 1636 Cresconium
559 1601 644 1637 libro
665 1601 1015 1645 SanetusAugustinus
1038 1600 1147 1636 scribit

100 1660 145 1690 Ca
168 1680 176 1688 .
194 1663 242 1694 ⁶4·
257 1652 301 1686 de
313 1652 442 1693 praefata
465 1651 606 1694 Megalii
628 1651 825 1684 Calamenlis
842 1651 978 1694 epistola
993 1664 1004 1686 .-
1031 1651 1147 1692 Episto-

83 1700 136 1738 Epi
163 1703 236 1732 ·1⁶1.
257 1702 320 1737 lam
334 1702 478 1734 Primatis
489 1699 594 1738 nostri.
623 1699 709 1734 Etin
725 1700 841 1735 litteris
855 1700 895 1735 ad
913 1701 1067 1735 Sanstum
1081 1702 1149 1734 Cae-

259 1750 416 1786 lestinum
443 1750 663 1785 Pontificem:
696 1751 825 1785 Gerebat
847 1752 1007 1785 Numidiae
1031 1754 1138 1786 Prima

258 1810 343 1835 rum.
371 1800 416 1835 Et
439 1801 672 1844 Hipponenses
690 1801 810 1836 Clerici
838 1802 872 1834 in
891 1802 1018 1845 praefata
1043 1801 1083 1835 ad
1102 1802 1149 1844 Ja-

259 1851 413 1886 nuarium
435 1851 591 1894 epistola:
619 1853 776 1886 secundus
800 1850 1001 1895 Tigifitanus,
1027 1853 1149 1885 Primas

262 1901 357 1941 vester
370 1926 377 1935 .
406 1901 449 1935 Et
461 1901 585 1935 rursum
598 1900 802 1946 Augustinus
814 1903 848 1935 in
862 1902 976 1937 litteris
985 1900 1025 1935 ad
1039 1901 1151 1934 Victo-

86 1957 240 2003 Epfstffls
259 1953 371 1987 tinum
384 1952 580 1995 Episcopum
596 1963 603 1983 :
630 1954 835 1986 Mauritanias
850 1955 1028 1986 Provincias
1039 1949 1149 1994 scimus

86 2005 160 2036 Can.
193 2014 238 2041 13·
256 2000 328 2048 suos
348 2001 455 2036 habere
479 2003 648 2035 primates.
682 2002 725 2036 Et
753 2002 948 2037 Milevitana
973 2000 1149 2044 Synodus:

261 2052 353 2086 Salvo
366 2054 436 2092 jure
456 2055 612 2086 Primatus
637 2054 794 2086 Numidia
821 2053 854 2085 (π
869 2054 1078 2085 Mauritania.
1109 2050 1151 2084 Et

263 2102 398 2135 Sanetus
409 2101 572 2135 Poffidius
583 2102 616 2134 in
631 2102 741 2135 Sansti
755 2101 935 2145 Augustini
962 2102 1027 2134 vita
1042 2099 1152 2134 laudat

262 2149 531 2196 Carthaginensem
544 2148 755 2193 Episcoporum
776 2153 946 2184 Primatem
958 2174 968 2191 ‚
995 2150 1028 2183 ὅ(
1040 2150 1154 2192 adjun·

126 2192 202 2231 οιΡ-
219 2196 245 2223 3·
263 2199 334 2244 git:
361 2203 442 2233 Tunc
465 2204 601 2233 Primate
615 2202 776 2234 Numidia·
800 2201 927 2242 Megalia
953 2224 963 2240 ,
990 2198 1158 2240 Calamenfi

258 2247 408 2291 „Episcopo
419 2272 428 2281 .
453 2247 667 2283 Notandaest
683 2269 694 2287 ,
706 2261 744 2285 ac
755 2249 890 2283 inferitis
902 2249 1095 2291 exponenda
1107 2247 1153 2281 di·

259 2298 394 2333 ssinstio
411 2311 419 2332 ε
445 2298 631 2343 Megalium
647 2298 747 2334 solius
761 2297 929 2332 Numidiae
941 2322 952 2338 ,
979 2297 1151 2343 Carthagi-

262 2349 396 2383 nensem
409 2349 548 2392 appellat
560 2347 738 2383 Primatem
752 2349 991 2392 Episcopotum
1008 2373 1015 2381 .
1041 2348 1151 2382 Tituli

263 2398 407 2433 radicem
428 2398 565 2441 exponit
585 2399 619 2432 in
633 2398 750 2433 litteris
771 2398 812 2432 ad
826 2397 1008 2432 Galliarum
1022 2399 1153 2441 Episco-

126 2458 213 2540 {¹313
219 2471 247 2532 2¹:
262 2447 1153 2540 5222titii?i:03:2322522132'3222352555550

261 2549 334 2591 est,
360 2549 468 2585 senior
490 2548 575 2582 inter
593 2556 710 2582 omnes
736 2548 956 2593 suffraganeos
974 2572 985 2588 ‚
1011 2547 1153 2593 ideoque

261 2599 409 2642 ipsorum
436 2599 505 2643 post
527 2598 779 2642 Metropolitam
799 2598 935 2643 dignior
955 2599 990 2632 δε
1013 2599 1151 2642 primus.

260 2650 366 2692 Apud
379 2649 480 2683 Afros
493 2648 677 2683 Provinciae
688 2649 873 2683 seniomon
896 2648 968 2682 solo
981 2648 1152 2692 Episcopa-

263 2699 306 2733 lis
318 2699 454 2733 honoris
465 2710 534 2733 aevo
547 2723 557 2739 ,
572 2699 624 2733 sed
637 2699 765 2742 insuper
778 2698 1027 2742 Metropolitica
1037 2698 1152 2734 autho-

260 2750 360 2785 ritate
371 2748 581 2794 praefulgebat
591 2772 602 2788 ,
627 2748 767 2793 ideoque
778 2749 897 2784 merito
906 2748 1076 2784 dicebatur
1085 2749 1152 2783 Pri-

260 2810 332 2835 mas
341 2825 348 2833 .
366 2798 514 2845 Magnus
523 2799 704 2844 Gregorius
715 2799 749 2832 in
765 2798 881 2834 litteris
892 2799 934 2834 ad
947 2799 1151 2834 Columbum

262 2847 433 2884 Numidiae
459 2849 661 2893 Episcopum
687 2849 746 2883 dat
781 2850 816 2883 ἀ
841 2850 937 2884 aliam
967 2850 1151 2894 rationem:

126 2924 194 2957 Libr
220 2937 235 2955 ι
264 2895 476 2936 Adeodatum
488 2899 670 2935 Primatem
684 2899 833 2935 inscribit
848 2902 1013 2934 Primatem
1033 2901 1151 2938 synodi.

88 2968 138 3007 Ep,
149 2943 245 3002 86:87:
265 2947 370 2994 Qod
381 2960 497 2995 nempe
509 2949 605 2985 isthic
616 2950 784 2986 obtineret
804 2948 1038 2985 authoritatem
1052 2950 1154 2984 Praefi-

265 2997 318 3031 dis
332 3022 340 3029 .
369 2998 424 3032 Est
437 3001 591 3043 antiquus
602 3000 719 3036 titulus
730 3024 737 3032 .
765 3000 855 3037 Nam
870 2999 963 3034 illum
975 2999 1152 3043 Diotrephi

266 3047 432 3090 Episcopo
444 3050 595 3086 adscribit
603 3052 702 3086 etiam
714 3051 847 3086 Sanctus
860 3051 1001 3095 Ioannes
1012 3050 1154 3093 Aposto-

265 3097 318 3132 lus
334 3122 341 3130 .
367 3097 482 3132 Media
497 3099 645 3135 Ecclefiae
656 3101 770 3136 saecula
781 3101 940 3136 Primates
951 3101 1154 3144 appellarunt

265 3148 448 3191 Episcopos
457 3150 614 3190 praefectos
626 3151 769 3194 pluribus
780 3151 1006 3194 Metropolitis
1017 3162 1054 3187 ac
1076 3151 1154 3186 Pro-

266 3197 400 3233 vinciis.
428 3197 628 3236 Hincmarus
647 3201 837 3238 Rhomenfis
857 3202 990 3237 titulum
1003 3202 1153 3237 extendit

266 3248 309 3283 ad
323 3247 403 3282 istos
413 3248 512 3282 etiam
522 3249 625 3284 unicae
635 3248 816 3286 Provincia:
828 3252 1061 3295 Metropolitas
1073 3277 1085 3294 ,
1095 3252 1151 3295 qui

265 3298 395 3333 nullum
419 3298 641 3342 agnoscebant
659 3300 841 3336 istiusmodi
861 3302 1038 3337 Primatem
1059 3328 1066 3335 .
1095 3303 1150 3336 Est

262 3357 334 3388 «vox
349 3348 533 3383 multifariae
554 3348 800 3393 significationis
811 3375 818 3383 .

316 3398 464 3447 Qartus
483 3399 719 3435 Africanorum
755 3400 936 3438 Primatum
963 3403 1078 3438 titulus
1104 3401 1149 3437 est

102 1123 177 1163 Cap.
192 1133 236 1160 ²7·

1121 3443 1176 3507 Nx&

1198 253 1403 297 competierit
1416 277 1427 294 ,
1453 253 1487 287 ἀ
1507 252 1681 288 attributus
1699 257 1795 291 fuerit
1817 281 1828 297 ,
1851 255 1897 291 est
1917 253 2074 291 omuibus

1201 303 1401 339 notissimum
1413 329 1420 336 .
1438 303 1516 338 Erat
1526 303 1618 338 enim
1628 303 1890 347 Metropolitanae
1901 306 1992 349 Sedis
2001 305 2077 350 Epi-

1201 355 1334 397 scopus,
1360 352 1562 398 habebatque
1583 362 1769 398 perpetuam
1795 354 2078 399 Metropoliticam

1201 403 1449 438 authoritatem.
1475 404 1526 440 Ita
1552 404 1586 438 in
1613 403 1717 449 prima
1742 401 1895 446 Ephefini
1929 405 2079 440 Concilii

1203 454 1345 488 Aetione
1364 454 1479 489 Petrus
1499 453 1694 498 Presbyter,
1720 463 1759 487 ac
1781 453 1997 489 Notariorum
2009 456 2079 489 Pri-

1202 504 1373 546 micetius,
1398 504 1598 548 Capreolum
1618 501 1912 549 Carthaginensem
1934 504 2079 538 Antisti·-

1203 564 1269 588 tem
1294 554 1432 598 appellat
1460 555 1740 597 Reverendiffimum
1763 554 2022 596 Metropolitanum
2042 565 2079 587 ae

1204 602 1381 647 Episcopum
1402 604 1618 649 Carthaginis.
1644 603 1792 654 Quaestio
1812 602 1858 638 est
1874 628 1886 644 ,
1912 603 1971 638 An
1993 604 2082 637 attri-

1207 653 1301 689 butus
1313 656 1411 689 fuerit
1430 656 1530 690 etiarn
1549 656 1688 690 aliarum
1698 653 1946 689 Provinciarum
1961 653 2084 687 Prima-

1207 703 1291 737 tibus
1304 706 1316 738 .>
1342 705 1541 747 Respondeo
1554 706 1645 740 fuiss'e
1655 704 1850 740 attributum
1862 728 1871 737 .
1899 702 2035 739 Etenim
2047 702 2084 737 in

1208 752 1291 788 libro
1312 752 1353 788 de
1365 755 1473 790 Gestis
1485 766 1560 790 cum
1575 756 1724 789 Emerito
1736 753 1932 790 Caesaraeenfi
1945 752 2087 788 Donati-

1207 803 1326 837 starum
1340 805 1504 849 Episcopo
1515 806 1650 842 Sanetus,
1662 804 1868 849 Augustinus
1879 803 2086 842 Deuterium‚

1208 852 1419 888 Catholicum
1430 854 1571 899 ejusdem
1581 854 1724 889 civitatis
1736 853 1929 889 Antistitem
1942 878 1953 894 ‚
1977 853 2087 898 appel-

1207 903 1252 938 lat
1278 903 1456 947 Episcopum
1468 906 1725 948 Metropolitanum
1745 902 1979 947 Caesargensem.
2008 904 2087 938 Cre-

1207 955 1348 988 scentem
1366 955 1508 997 ejusdem
1519 955 1662 990 civitatis
1674 954 1874 999 Episcopum
1884 954 1999 988 eodem
2011 954 2088 987 titu-

1206 1003 1240 1036 lo
1250 1003 1354 1037 donat
1376 1005 1410 1036 in
1423 1005 1532 1047 primo
1554 1005 1642 1041 libro
1664 1003 1705 1039 de
1717 1003 1938 1040 VVandalica
1949 1004 2090 1046 persecu-

1205 1052 1299 1087 tione
1310 1052 1445 1088 Sanctus
1453 1053 1567 1087 victor
1581 1055 1763 1098 Episcopus
1773 1054 1916 1089 Viteniis
1925 1079 1931 1086 .
1941 1054 1987 1088 Et
1996 1064 2091 1098 quar·

1206 1112 1237 1136 ta
1253 1101 1517 1147 Carthaginenfis
1528 1104 1683 1148 Synodus
1692 1127 1702 1142 ,
1712 1103 1752 1137 de
1761 1104 1987 1139 consecrando
1999 1114 2091 1139 novo

1209 1152 1372 1196 Episcopo
1387 1153 1554 1194 sanciens,
1580 1153 1683 1187 dicie:
1708 1157 1787 1186 Cum
1809 1153 1945 1197 consensit
1957 1156 2092 1189 clerico-

1205 1214 1272 1236 rum
1282 1204 1316 1237 &
1328 1206 1485 1237 Laicorum
1496 1228 1507 1245 ,
1519 1205 1554 1238 Θ
1566 1209 1724 1237 conventu
1733 1207 1824 1235 totius
1839 1205 2008 1238 Provinciae
2015 1207 2096 1247 Ept-

1203 1251 1370 1296 scoporum‚
1394 1259 1585 1296 maximeque
1609 1253 1859 1294 Metropolitum,
1885 1254 1937 1286 vel
1957 1253 2095 1286 authori-

1206 1311 1272 1337 tate
1287 1304 1340 1337 vel
1345 1301 1424 1346 pres
1422 1309 1525 1343 entia,
1547 1304 1698 1338 ordinetur
1710 1300 1874 1345 Episcopus
1892 1327 1900 1335 .
1928 1302 2095 1346 Loquitur

1207 1353 1389 1397 generatim
1405 1353 1447 1387 de
1468 1354 1593 1388 cunctis
1604 1352 1809 1387 Provinciis.
1837 1351 2002 1387 Omnium
2013 1352 2097 1396 erg&

1209 1402 1367 1438 Primates
1387 1403 1610 1438 fueruntdiCti
1632 1402 1905 1446 Metropolitani:
1933 1402 2099 1437 Nonaci-

1210 1452 1309 1488 vitate
1322 1477 1333 1493 ,
1359 1451 1411 1487 sed
1428 1453 1470 1488 ab
1483 1453 1684 1488 authoritate
1697 1477 1705 1485 .
1732 1453 1945 1487 Caesaraeenlis
1965 1462 2097 1493 tamen,

1210 1503 1371 1547 quoniam
1392 1503 1570 1538 Deuterius
1599 1504 1633 1538 &
1657 1503 1813 1538 Crescens
1834 1501 1985 1539 videntur
2004 1511 2099 1537 aetate

1209 1552 1347 1587 Ordinis
1360 1565 1426 1587 non
1439 1554 1532 1588 fuiss'e
1543 1555 1683 1588 seniores
1694 1577 1705 1595 ,
1731 1554 1827 1597 poffit
1837 1553 1878 1588 fic
1890 1552 1983 1589 fuiffe
1992 1553 2100 1589 distas

1210 1604 1227 1636 ὲ
1241 1603 1308 1636 sola
1318 1603 1470 1637 civitate.

1261 1654 1298 1686 In
1330 1654 1472 1687 secundo
1500 1652 1729 1687 VVandalicae
1754 1651 1988 1696 persecutionis
2013 1651 2101 1688 libro

1211 1702 1320 1735 scribit
1336 1702 1483 1735 laudatus
1496 1702 1614 1735 Vffior
1628 1716 1635 1734 :
1663 1706 1830 1736 Geizericus
1847 1706 1935 1742 Rex,
1961 1702 2101 1742 adstante

1211 1753 1320 1796 vulgo,
1345 1757 1377 1783 in
1390 1753 1488 1784 media
1500 1756 1626 1785 civitate
1642 1775 1653 1791 ,
1674 1760 1732 1793 pro
1749 1751 1899 1795 gradibus
1917 1752 2030 1793 platea
2052 1762 2103 1784 no·

1204 1805 1261 1836 'vae
1272 1825 1282 1841 ,
1308 1800 1483 1844 Episcopum
1500 1800 1566 1845 suae
1576 1803 1739 1846 Religionis
1753 1825 1763 1842 ‚
1790 1805 1905 1835 nomine
1905 1804 1937 1846 J
1939 1802 2103 1841 ocundum,

1210 1864 1295 1895 quem
1314 1851 1526 1886 Patrtarcbam
1537 1852 1733 1893 vocitabant,
1755 1853 2031 1893 precepittncendio
2038 1861 2101 1885 con-

1212 1906 1356 1936 cremari.
1385 1902 1427 1935 Et
1441 1902 1498 1945 ipfi
1511 1902 1654 1936 succeffit
1666 1902 1810 1946 Cyrillas
1823 1926 1830 1933 .
1857 1901 1927 1935 Hic
1943 1913 2020 1936 cum
2043 1913 2102 1936 no-

1211 1953 1283 1988 stris
1297 1952 1465 1996 Episcopis
1478 1952 1584 1986 voluit
1599 1952 1782 1996 disputare,
1809 1951 1843 1984 δε
1856 1950 1973 1986 Victor
1991 1952 2103 1995 prose·-

1213 2002 1323 2046 quitur
1333 2015 1344 2036 .·
1370 2004 1499 2036 Collocat
1505 2001 1559 2042 fibi
1570 2003 1695 2043 Cyri'llas
1706 2012 1771 2036 cum
1784 2000 1851 2046 suis
1866 1999 2052 2045 satellitibus
2068 2007 2102 2036 in

1212 2054 1270 2086 loco
1278 2051 1388 2094 excelso
1395 2051 1626 2095 superbiffimum
1646 2052 1819 2093 Thronum,
1845 2051 2034 2091 adstantibus
2052 2048 2135 2086 rto-2

1206 2101 1297 2141 stris.
1322 2104 1528 2144 Dixeruntque
1551 2100 1692 2144 Episcopi
1714 2102 1801 2141 nostri
1814 2115 1825 2135 .·
1850 2103 1908 2135 Illa
1929 2101 1966 2141 est
1982 2101 2102 2145 semper·

1209 2161 1302 2195 grata
1319 2152 1434 2185 collatio
1443 2176 1454 2191 ‚
1481 2151 1530 2184 ubi
1535 2149 1666 2194 superba
1678 2162 1735 2185 non
1746 2152 1918 2186 dominatur
1927 2153 2014 2186 elatio
2025 2177 2035 2192 ,
2043 2151 2103 2195 scd

1213 2213 1250 2234 ex
1262 2199 1395 2244 consensu
1406 2207 1551 2234 communi
1562 2206 1684 2235 venitur
1695 2225 1706 2242 ‚
1732 2209 1764 2236 ut
1777 2201 1983 2245 cognitoribus
1995 2203 2100 2236 decer·-

1215 2251 1354 2285 uentibus
1368 2275 1378 2290 ‚
1400 2251 1539 2292 parribus
1550 2251 1707 2294 agentibus
1718 2276 1729 2292 ‚
1756 2252 1835 2294 quod
1844 2264 1949 2286 verum
1963 2252 2001 2292 est
2012 2264 2100 2295 agno-

1210 2301 1328 2343 scatur.
1356 2305 1448 2333 Nunc
1459 2306 1529 2342 quis
1547 2307 1604 2333 erit
1623 2307 1770 2344 cognitor,
1796 2308 1862 2343 quis
1883 2308 2073 2336 examinator
2087 2327 2100 2343 ,

1211 2352 1265 2384 vel
1275 2350 1354 2383 libra
1377 2349 1493 2393 justitie
1513 2374 1524 2389 ,
1549 2359 1583 2383 ut
1601 2349 1673 2384 bene*
1687 2351 1818 2392 probata
1837 2352 1985 2394 confirmet
2009 2376 2020 2392 ,
2046 2360 2100 2386 aut

1208 2402 1309 2444 prave>
1319 2400 1466 2444 assumpta
1477 2398 1596 2445 refellat
1614 2401 1630 2433 ,ἒ
1656 2403 1701 2433 Et
1711 2411 1777 2434 cum
1786 2402 1862 2434 talia
1888 2403 1922 2436 (¹2⁹
1942 2403 2004 2435 alia
2024 2403 2101 2436 dice-

1212 2459 1336 2490 rentur,
1364 2454 1510 2483 Notarius
1523 2453 1615 2494 Regis
1637 2448 1811 2492 respondit:
1840 2451 2024 2485 Patriarcba
2047 2456 2102 2491 Cy-

1211 2500 1299 2535 rillas
1312 2524 1319 2531 .
1350 2499 1393 2534 Et
1419 2497 1588 2533 Catholici
1604 2499 1848 2534 intercesserunt
1866 2512 1872 2532 :
1899 2504 2033 2544 Legatur
2052 2513 2101 2535 no-

1211 2550 1257 2584 bls
1270 2573 1280 2589 ,
1305 2560 1362 2592 quo
1381 2550 1552 2583 concedente
1574 2548 1653 2588 iliud
1664 2547 1721 2592 fibi
1737 2558 1842 2583 nomen
1858 2551 1984 2586 Cyrillas
1996 2552 2099 2594 affam-

1207 2600 1265 2642 pfit
1277 2626 1284 2633 .
1315 2601 1366 2634 Ex
1390 2598 1510 2643 quibus
1543 2599 1700 2633 discimus
1710 2599 1818 2642 plura.
1846 2598 1980 2636 Primo,
2007 2601 2099 2645 quod

1212 2651 1362 2686 Africam
1371 2649 1502 2695 ingressi
1513 2647 1775 2685 VVandalorum
1788 2650 1942 2694 Episcopi
1961 2652 2100 2695 assump-

1211 2700 1305 2736 serint
1330 2701 1419 2735 acin
1439 2701 1470 2735 se
1480 2698 1700 2734 transtulerint
1722 2699 1952 2735 Hierarchiam
1974 2700 2099 2735 Africa-

1214 2763 1260 2786 nae
1286 2751 1455 2787 Ecciefiae.
1481 2749 1585 2796 Qod
1611 2748 1668 2783 fibi
1695 2748 1900 2796 Carthagine
1918 2750 2097 2786 Primatem

1209 2802 1380 2837 statuerint
1394 2825 1402 2833 .
1427 2799 1531 2847 Qod
1544 2799 1662 2835 horum
1674 2799 1856 2835 Primatum
1867 2801 1963 2844 primi
1975 2803 2098 2836 fuerint

1209 2850 1376 2896 Jocundus
1401 2850 1612 2893 &Cyrillas.
1641 2850 1978 2891 Secundodiscimus,
2004 2852 2096 2896 quod

1210 2902 1308 2936 istum
1323 2900 1504 2937 Primatum
1518 2900 1691 2936 exaltarint
1711 2901 1747 2934 in
1760 2900 2016 2935 Patriarchatum
2026 2925 2036 2940 ,
2061 2902 2096 2936 δε

1210 2952 1388 2986 Primatem
1414 2951 1632 2995 inscripserint
1666 2949 1888 2986 Patriarcham
1915 2975 1921 2982 .
1955 2949 2096 2993 Tertio,

1211 3001 1300 3047 quod
1313 3001 1511 3036 istiPrimati
1522 3001 1686 3035 excelsum
1712 3000 1950 3044 &superbum,
1977 3011 2095 3045 nempe

1211 3063 1247 3088 ut
1260 3050 1453 3087 Patriarchae
1464 3075 1476 3092 ,
1487 3051 1668 3086 Thronum
1681 3051 1897 3085 concesserint
1909 3075 1916 3083 .
1943 3051 2092 3099 Qarto,

1210 3102 1300 3146 quod
1314 3100 1483 3136 Catholici
1498 3101 1652 3144 Episcopi
1674 3099 1741 3134 haec
1761 3102 1878 3136 omnia
1890 3101 2095 3145 improbave-

1209 3155 1275 3188 rint
1289 3179 1297 3186 .
1324 3152 1366 3186 Et
1378 3150 1497 3187 merito
1508 3176 1516 3184 .
1538 3150 1673 3185 Etenim
1686 3149 1950 3196 Carthaginenfis
1962 3152 2095 3196 Episco-

1209 3214 1268 3248 pus
1277 3227 1288 3242 ‚
1315 3201 1390 3237 licet
1407 3201 1462 3237 sex
1474 3200 1741 3246 ampliffimarum
1754 3199 2004 3238 Provinciarum
2016 3227 2029 3246 ‚
2053 3214 2092 3238 ac

1208 3254 1424 3299 plurimorum
1439 3251 1675 3295 Episcoporum
1698 3250 1826 3287 Primae
1847 3252 1925 3287 effet
1938 3277 1948 3294 ‚
1975 3264 2092 3297 nequa-

1206 3315 1304 3348 quam
1313 3313 1422 3338 tamen
1433 3311 1500 3336 erat
1514 3299 1761 3345 Autocephalus
1773 3326 1785 3342 ‚
1807 3301 1861 3337 sed
1872 3301 2092 3338 patriarchico

1209 3355 1365 3389 Romanae
1377 3352 1522 3387 Ecclefiae
1532 3351 1593 3395 juri
1608 3351 1765 3395 subjectus
1777 3362 1832 3396 per
1843 3353 1956 3387 omnia
1966 3379 1977 3395 ‚
2002 3354 2092 3388 ideo-

1207 3417 1270 3450 que
1291 3402 1519 3440 remotiffimus
1545 3403 1563 3437 a
1586 3400 1799 3439 Patriarchali
1829 3403 1992 3449 dignitate
2013 3428 2021 3435 .
2048 3401 2092 3436 Et

1964 3451 2042 3486 hinc

1558 3520 1576 3546 1
