2326 3718
689 170 957 218 Romms
991 161 1583 213 Appnttarmmsus.

1921 168 1979 223 85

234 256 368 302 socians,
392 262 512 289 tantum
524 259 668 299 negotium
678 255 802 288 ventilet
810 252 912 296 subtili
934 251 1110 295 disiufflonis
1173 250 1313 289 lisynodo
1323 249 1408 290 apud
1426 260 1481 282 vos
1503 250 1741 292 rationabiliter,
1764 244 1805 288 ⁴&
1814 252 1898 295 apud
1907 255 2050 285 Fratrem

239 305 404 341 ventilabro
414 307 459 346 ,(9
471 311 591 340 invento
601 306 681 348 quod
687 303 797 348 justum
810 303 870 344 est,
898 303 1045 336 Canonicc?
1068 302 1114 337 de-
1176 299 1301 347 nostrum
1336 302 1527 332 Hincmarum
1556 298 1848 343 Archi-Episcopum
1873 302 2047 345 caffaretur.

237 365 338 390 cernat
350 378 361 394 ,
384 356 418 388 (9·
429 361 569 400 communi
582 360 726 390 Fratrum
734 352 854 397 censura
870 352 993 394 definiat
1005 377 1013 384 .

289 405 488 449 Respondeo
514 405 581 440 haec
607 416 675 440 non
703 403 806 438 facere
828 402 869 438 ad
890 402 1113 446 Propofitum.

238 453 321 489 Non
335 454 375 489 de
386 455 538 490 Romana
552 453 783 499 Appellatione
804 462 908 500 agunt
920 477 932 494 ,
959 450 1013 485 sed
1038 449 1116 485 rela-

235 504 347 538 tione.
377 504 496 550 Neque
514 506 603 540 enim
627 504 686 538 iste
698 502 867 547 Presbyter
881 503 1023 537 Romam
1038 511 1117 543 pro·-

239 565 410 590 vocaverat
425 581 431 587 .
459 555 555 589 Fac‘lo
573 555 701 588 tumultu
725 553 932 593 Presbyterum
950 551 1035 585 illum
1046 550 1115 592 qut*-

239 605 311 637 dam
323 603 555 648 apprehensum,
582 606 616 640 δ’
626 605 646 636 ὰ
658 614 739 638 terra
761 603 890 638 brachiis
907 600 1096 647 sublevatum
1106 624 1116 640 ,

236 659 272 688 in
278 660 433 697 proprium
444 654 572 690 fratrem
576 654 656 696 forti
660 653 838 695 jaaaverat
850 658 961 694 impetu
972 676 983 693 ,
995 659 1027 683 ut
1040 651 1116 682 idem

239 707 408 738 Germanus
426 703 501 746 suus
513 714 598 737 tanto
617 715 702 738 onere
714 705 790 738 male
801 700 944 744 impulsus
955 707 988 734 in
999 709 1115 734 terram

237 759 331 788 ruerit
341 779 353 795 ,
377 755 410 787 (a
415 754 580 795 prostratus
591 762 677 796 atque
697 753 839 797 oppreffus
850 757 927 785 vitae
936 750 1043 793 flatum
1055 754 1118 783 vio·

237 804 332 837 lenter
341 802 492 847 amiserit.
520 803 614 838 Hinc
638 814 713 838 nata
724 803 769 837 est
791 801 949 847 quaestio,
973 812 1013 835 an
1026 799 1115 833 Pres-

237 852 336 896 byter
357 865 398 888 ex
418 854 481 888 isto
502 853 684 888 homicidio
702 852 780 888 effes
804 850 1008 899 irregularis?
1037 849 1115 892 Ejus

237 902 442 946 Episcopus,
461 903 634 947 assumptis
653 902 842 946 quibusdam
864 900 1035 944 Colkegis,
1061 898 1116 932 di-

238 952 348 987 scuffit
357 954 484 987 cansam
498 976 510 991 ‚
534 950 736 994 &judicavit
747 950 880 984 dubiam
891 958 991 992 atque
1000 947 1119 982 diffici-

237 1002 325 1036 lem.
352 1002 463 1047 Qare
482 1000 710 1044 Presbyterum
734 999 896 1044 suspendit
918 998 960 1033 ab
978 998 1115 1037 officio,

236 1049 392 1092 imposuit
404 1049 550 1092 epitimia
559 1073 571 1089 ,
596 1050 630 1085 δι
643 1049 788 1084 Romam
800 1049 884 1084 milit
895 1048 936 1082 ad
952 1047 1116 1092 Iudicium

234 1098 333 1142 Papae
343 1098 496 1141 Ioannis.
522 1098 615 1134 Milit
625 1100 693 1134 fine
700 1098 819 1134 debitis
830 1096 1097 1134 instrustionibus
1107 1122 1115 1130 .

235 1146 331 1183 Audi
351 1147 395 1183 ab
412 1147 484 1191 ipso
505 1148 692 1185 pontifice:
718 1149 821 1184 Atubt
840 1150 923 1191 nobis
949 1147 1118 1192 &persona

235 1197 326 1232 Retat
368 1210 385 1231 s
405 1203 553 1243 incognita
574 1224 585 1240 ,
610 1200 644 1234 6·
670 1200 748 1234 nullo
771 1198 981 1243 Episcoporum
1005 1200 1119 1240 Scripto

235 1257 366 1282 toramen
389 1254 449 1281 ario
478 1248 643 1291 approbata
659 1249 721 1291 est,
746 1251 894 1284 &rursus
914 1247 964 1282 ubi
988 1249 1070 1282 nulla
1079 1246 1118 1288 est

237 1295 424 1340 Accusatdris
444 1298 567 1340 objeaio
579 1323 591 1340 ,
618 1310 670 1334 nec
687 1299 816 1344 accusati
835 1308 938 1334 reatus
963 1298 1090 1340 confefflo
1107 1321 1119 1337 ,

236 1346 428 1389 net-fidelium
437 1348 631 1390 comprobatio
644 1348 758 1389 testium
769 1374 781 1391 ,
806 1359 859 1383 nos
872 1359 925 1383 nec
935 1350 1017 1382 illius
1027 1347 1118 1390 solius

237 1402 408 1431 narrationi
425 1397 537 1432 creduli
558 1399 611 1442 effe
625 1400 790 1443 poffiomus,
816 1410 868 1433 nec
883 1399 988 1433 rursus
1009 1403 1042 1431 in
1051 1408 1119 1431 eum

237 1446 429 1489 definitivam
450 1448 654 1483 dannationis
672 1444 859 1492 sententiam
874 1448 1013 1492 proferre
1034 1448 1120 1481 vaie-

239 1506 308 1530 ’κω
320 1518 330 1529 .
355 1496 480 1542 Arguit
500 1498 600 1532 istum
613 1499 831 1542 Episcopum,
856 1498 947 1539 quod
969 1499 1121 1534 oausam,

239 1543 322 1579 licet
330 1543 466 1580 dubiam
484 1557 524 1580 ac
532 1547 701 1581 difficilem
714 1570 726 1587 ,
751 1557 820 1580 non
841 1544 991 1589 proxime
1000 1544 1122 1579 adMe-

240 1593 432 1637 tropolitam
451 1605 508 1630 aut
525 1595 594 1638 ejus
606 1596 778 1638 synodum
789 1620 801 1636 ‚
827 1595 881 1630 sed
893 1595 1060 1632 Romam,
1086 1593 1123 1628 δε

240 1640 376 1685 quidem
400 1643 468 1675 fine
492 1642 760 1677 instructionibus
781 1666 792 1684 ,
818 1645 852 1677 &
877 1644 944 1687 ipse
964 1641 1118 1686 Pontifici

236 1690 396 1736 ignotus,
419 1690 590 1726 retulisset.
617 1692 784 1727 Executus
804 1691 850 1726 est
869 1692 1045 1735 antiquum
1057 1690 1119 1724 Ca-

239 1750 364 1774 nonem
383 1764 396 1782 ,
420 1741 582 1784 quemad
605 1739 824 1777 Theodorum
845 1740 1119 1785 Foro-Iuliensem

67 1803 156 1841 Epist,
178 1807 215 1835 32
241 1790 444 1835 Episcopum
465 1790 576 1825 scribit
598 1791 747 1837 Magnus
770 1792 841 1827 Leo
869 1806 880 1826 .-
905 1792 1118 1825 Sollicitudinis

64 1846 143 1884 Cap.
166 1855 195 1875 ι.
240 1839 369 1874 bicordo
388 1841 441 1885 effe
451 1841 594 1876 debuerat
605 1866 616 1882 ,
642 1851 675 1876 ut
685 1853 749 1876 cum
764 1844 993 1884 Metropolitano
1002 1850 1051 1875 tuo
1058 1846 1128 1882 pri--

241 1891 333 1925 witus
350 1892 391 1924 de
406 1902 439 1925 eo
450 1915 462 1931 ,
488 1892 766 1935 quodquaerendum
787 1891 839 1935 effe
848 1891 1007 1926 videbatur
1019 1915 1030 1932 ,
1056 1902 1120 1923 con·
1145 1898 1149 1902 ‘

234 1940 359 1984 ferres;
384 1952 420 1974 ac
434 1939 507 1982 fiid
524 1945 602 1985 quod
610 1943 765 1986 gnorabat
788 1942 911 1976 Dilec‘i'io
929 1951 1004 1983 tna,
1029 1946 1120 1974 etiam

239 1989 302 2034 ipse
324 1990 471 2034 nesciret,
495 1993 599 2030 instrui
619 2004 674 2026 vos
689 1999 811 2036 pariter
828 1989 987 2036 pos'ceretis
1000 2015 1007 2023 .
1035 1993 1119 2035 ,Quia

241 2046 275 2074 in
286 2040 387 2083 caufis,
416 2053 484 2083 quae
505 2043 548 2085 ad
553 2045 721 2087 generalem
731 2042 950 2087 observantiam
967 2047 1119 2085 pertinent

241 2095 373 2124 omnium
395 2094 516 2124 Domini
535 2088 724 2127 Sacerdotum
735 2117 746 2132 ,
771 2092 848 2127 nihii
858 2091 919 2134 fine
933 2090 1119 2127 primatibus

243 2147 356 2182 oportet
373 2145 503 2183 inquiri.
530 2142 575 2176 Et
597 2142 768 2187 adjungit:
794 2144 853 2176 sed
869 2144 906 2176 'ut
918 2153 1031 2185 quoquo
1040 2140 1121 2174 modo

243 2188 405 2229 instruatur
415 2190 593 2234 ambiguitas
603 2190 778 2235 consulemus
788 2217 799 2233 ‚
828 2194 906 2235 quid
914 2194 952 2226 do
974 2190 1120 2236 quaestio-

241 2238 342 2272 nibus
350 2239 414 2273 tuis
436 2239 545 2273 habear
556 2241 755 2284 Ecclelt‘aestica
776 2243 895 2286 regula,
923 2253 982 2275 non
1001 2240 1118 2274 tacebo.

242 2288 397 2323 Affirmat
409 2289 616 2334 Episcopales
627 2291 801 2326 relationes
813 2291 863 2326 vel
873 2289 913 2325 nd
925 2289 1122 2334 Metropoli·

243 2347 311 2372 tarn
327 2339 415 2381 poss‘e
435 2339 503 2373 fieri
529 2364 540 2380 ‚
568 2341 620 2375 vel
642 2341 684 2376 ad
707 2341 923 2376 Pontificem:
950 2338 1122 2385 Episcopis

243 2389 307 2421 effe
317 2387 364 2429 jus
374 2388 536 2432 eligendi.
565 2389 689 2425 Verum
703 2390 895 2435 Apostolica
908 2390 1002 2426 Senes
1012 2413 1023 2430 ‚
1047 2400 1127 2434 quo·

244 2437 334 2471 niam
362 2448 417 2481 pet
442 2439 592 2474 omnium
619 2440 835 2475 Eccleliarum
854 2439 1124 2475 ,solticitudinem

244 2484 433 2521 distrahitur
453 2488 488 2523 in
509 2489 647 2532 plurima
670 2514 682 2530 ‚
708 2491 830 2534 semper
851 2490 966 2534 maluit
987 2490 1125 2536 primam

244 2535 440 2571 relationem
452 2539 520 2572 fieri
532 2539 573 2573 ad
588 2540 835 2583 Metropolitam
845 2565 852 2572 .
882 2539 976 2574 Hinc
986 2540 1072 2584 quafi
1085 2538 1126 2573 de

246 2586 377 2629 speciali
390 2587 494 2631 gratia
504 2588 573 2622 Leo
585 2589 741 2633 rescripfit
760 2590 910 2625 referenti
920 2588 1106 2624 Theodoro
1120 2614 1127 2621 .

246 2637 328 2670 Hoc
339 2635 612 2681 Alternativaejus
624 2649 739 2678 norat,
762 2640 877 2684 &ipso
898 2641 972 2674 usus
982 2639 1045 2674 fuit
1067 2639 1126 2673 iste

245 2686 347 2720 etiam
381 2686 571 2722 Gallicanus
597 2689 774 2734 Episcopus
798 2701 805 2722 τ
832 2689 959 2724 Verum
986 2690 1126 2733 Joannes

246 2733 405 2769 Pontifex
416 2760 428 2777 ,
452 2737 541 2781 quod
552 2740 645 2773 causa
657 2750 724 2773 non
736 2739 812 2774 esset
823 2740 970 2774 instmsta
980 2763 992 2780 ,
1019 2739 1124 2783 ipsum

246 2785 375 2820 censuit
386 2796 454 2821 non
465 2788 708 2824 exaudiendum
719 2814 727 2821 .
754 2789 835 2824 Non
850 2789 949 2836 igitur
959 2799 1012 2834 per
1019 2789 1125 2823 Hinc-

245 2834 330 2870 mari
352 2844 409 2870 aut
420 2836 533 2871 Caroli
555 2838 659 2884 Regis
680 2839 849 2884 epistolam
872 2841 936 2875 fuit
945 2841 1125 2877 correctius,

247 2884 303 2918 sed
314 2885 382 2930 egit
391 2897 433 2920 ex
442 2888 577 2933 antiqua
589 2889 718 2934 Regula
731 2890 876 2924 Eccleliae
888 2915 899 2932 ‚
923 2890 965 2925 de
976 2900 1039 2934 qua
1053 2888 1123 2924 nul-

248 2931 314 2966 lam
325 2936 529 2973 mentionem
538 2938 658 2974 fecerat
669 2940 727 2974 ista
740 2940 872 2984 epistola
883 2964 890 2972 .

297 2982 343 3015 D.
353 2983 466 3020 Petrus
490 2988 531 3022 de
549 2989 662 3024 Marca
684 2990 740 3024 sua
763 2990 914 3025 adversus
935 2990 1122 3024 inferiorem

248 3029 523 3079 &maeel-trum,
546 3039 581 3072 δε
596 3037 794 3083 Apostolicae
822 3041 922 3074 Sedis'
935 3039 1122 3074 authorita—

247 3090 316 3115 tem
326 3092 509 3120 commenta
531 3088 646 3131 probat
665 3090 767 3125 etiam
790 3102 831 3125 ex
857 3090 972 3126 litteris
984 3089 1123 3124 Adriani

249 3131 383 3165 secundi
392 3132 559 3172 Pontificis
571 3138 612 3173 ad
622 3141 789 3183 praefatum
803 3141 929 3185 Regem
943 3140 1101 3175 Carolum
1113 3153 1124 3173 .-

249 3181 346 3223 21(θᾶ
350 3181 523 3225 praesentem
534 3187 732 3228 Presbyterum
755 3189 980 3232 Herlefridum,
1003 3188 1124 3233 potesta-

249 3237 280 3263 te
294 3228 345 3273 sui
364 3231 508 3274 Praesulis
525 3237 680 3279 plusquam
703 3245 854 3274 canonica
871 3247 1002 3275 veritate
1015 3241 1125 3283 percul-

247 3278 336 3321 sum,
362 3282 408 3314 dd
424 3283 526 3316 5edem
537 3287 740 3330 apostolicam,
763 3292 864 3334 utpote*
884 3296 985 3334 Caput
997 3295 1125 3324 omnium

251 3328 442 3371 Ecclefissrum
454 3356 464 3372 2
489 3339 594 3368 vssnm
599 3338 670 3376 Paffi
679 3339 744 3378 estis
755 3365 767 3381 ,
781 3341 852 3376 bene*
863 3343 982 3384 quidem
987 3340 1102 3384 sitistis
1110 3352 1124 3381 ;

247 3376 306 3421 s‘d
314 3389 389 3413 ”¹⁰¹⁶
397 3383 500 3415 melius
502 3382 644 3424 faceretis
656 3409 667 3426 ‚
679 3385 706 3427 fi
713 3392 791 3430 quod
799 3393 914 3425 incivili
925 3390 1035 3433 confilio
1045 3390 1126 3432 apud
1146 3389 1149 3393 '

248 3426 332 3469 suum
341 3430 520 3475 Episcopum
526 3436 684 3477 perperam
688 3437 801 3479 gestum
819 3440 856 3481 est
867 3464 878 3481 ‚
904 3445 935 3474 in
951 3443 1123 3475 Provincia·

350 3479 459 3522 chrisi.
470 3486 549 3528 Lupi
558 3489 658 3528 Opera
667 3489 703 3518 Τ.
714 3490 796 3520 VIII.

1176 353 1369 394 ‚Quapropter
1382 348 1536 392 apostolica
1548 348 1701 382 dilectione
1711 352 1842 383 Gloriam
1853 352 1981 392 vestram
1988 351 2052 384 bor-

1175 409 1275 434 tamur
1285 424 1296 441 ,
1320 408 1353 432 ut
1364 408 1418 432 aut
1432 397 1652 441 praesentalt'ter
1671 398 1737 431 huic
1752 401 1917 440 Herlefrido
1931 401 2054 440 Presby-

1175 459 1236 484 tero
1241 448 1327 493 suam
1338 448 1496 491 Ecclesiam
1504 460 1569 482 cum
1580 446 1784 490 omnibussuis
1799 474 1809 488 ‚
1832 449 1920 491 usque
1931 453 1972 483 ad
1981 460 2053 485 tem-

1172 509 1232 542 pus
1245 500 1443 535 vaincialis
1465 500 1571 538 synodi
1594 498 1670 532 banc
1690 497 1780 532 ubere
1800 499 1948 540 poffeffuro
1966 524 1975 539 ,
1996 510 2053 542 pro

1177 558 1324 592 tempore,
1349 551 1431 592 quod
1449 551 1681 583 sacriCanones
1702 547 1842 590 definiere
1856 572 1866 587 ,
1888 547 2053 589 solemniter

1176 601 1299 634 reddere
1315 599 1445 642 faciatis
1469 624 1480 640 ‚
1505 609 1559 632 aut
1584 601 1757 641 Erpuinum
1776 596 1952 640 Episcopum
1970 597 2054 640 suum

1177 653 1324 693 Legatum
1335 650 1416 683 nobis
1429 674 1439 689 ,
1454 655 1506 692 qui
1515 649 1576 683 haec
1582 650 1703 691 plenius
1715 646 1872 691 veriusque
1882 654 2030 681 renunciet
2045 673 2055 687 ,

1173 698 1393 741 presentaliter
1416 706 1532 733 mittere
1552 706 1662 743 cogatis
1682 712 1692 732 :
1721 700 1879 743 ,Quatenus
1903 699 1976 738 dum
1995 699 2057 730 luce

1176 748 1284 782 clarius
1297 749 1404 783 cundia
1415 755 1586 782 noverimus
1598 775 1609 790 ‚
1629 747 1760 791 sciamus
1781 755 1814 782 in
1827 758 1912 792 quem
1928 746 2058 796 apostoli-

1178 803 1219 831 tae
1232 797 1493 840 animakverfionis
1511 797 1693 842 sententiam
1709 799 1916 840 proferamus.
1946 798 1988 831 D.
2000 797 2059 831 Pe-

1178 858 1245 882 trus
1255 848 1296 882 de
1305 849 1419 884 Marca
1433 858 1674 883 commentatur
1688 853 1695 880 ὲ
1709 850 1862 881 Adrianus
1873 854 1973 890 itaque
1983 850 2059 880 I’on-

1178 898 1256 940 tifex
1267 898 1397 942 agnoscit
1412 898 1624 933 authoritatem
1648 900 1885 939 metropolitani,
1911 904 1956 931 cui
1978 908 2061 940 nego-

1177 954 1252 981 tium
1262 949 1340 989 istud
1348 950 1551 990 ,iudicandum
1573 950 1715 991 relinquit
1728 972 1739 988 ,
1764 958 1799 980 ac
1822 957 1923 981 tamen
1945 948 2060 979 indicat

1179 1006 1280 1039 cupere
1287 997 1321 1040 se
1343 1006 1376 1031 ut
1385 998 1472 1040 causa
1483 1000 1566 1041 apud
1574 1000 1674 1033 Sedem
1688 996 1871 1040 apostolicam
1892 997 2038 1038 judicetur
2050 1020 2061 1035 ‚

1173 1045 1204 1088 fi
1209 1050 1276 1080 Rex
1296 1051 1342 1081 ita
1349 1051 1503 1088 patiatur.
1532 1050 1613 1087 EJ’us
1639 1057 1741 1083 tamen
1764 1047 1889 1083 arbitrio
1910 1058 1973 1082 rem
1986 1051 2062 1079 inte-

1175 1108 1266 1141 gram
1277 1097 1420 1139 relinquit
1435 1122 1443 1130 .

1230 1146 1432 1190 Respondeo
1451 1144 1682 1191 hocexemplo
1703 1146 1812 1182 lucide
1821 1148 1929 1183 evinci
1950 1143 1998 1191 jus
2012 1149 2065 1182 Se·

1179 1195 1229 1230 dis
1254 1197 1451 1240 Apostolicae
1469 1222 1479 1238 ,
1507 1207 1544 1230 ac
1570 1195 1783 1247 demonstrari
1809 1198 1898 1240 quod
1925 1197 2065 1232 Carolus·

1180 1248 1255 1282 Rex
1268 1248 1373 1291 ipsum
1387 1245 1558 1292 agnoverit
1573 1273 1580 1279 .
1606 1247 1687 1281 Haec
1697 1246 1742 1280 est
1754 1247 1827 1281 fasti
1842 1246 1978 1290 species.
2010 1247 2068 1279 Er.

1181 1297 1301 1340 puinus
1320 1297 1420 1341 Sylva
1435 1314 1445 1320 ·
1460 1297 1613 1332 nestenfis
1637 1295 1817 1341 Episcopus
1844 1296 1953 1330 nescio
1975 1295 2068 1338 cujus

1182 1347 1333 1382 Ecclefiae
1345 1347 1508 1381 Curatum
1529 1347 1758 1390 Presbyterum
1771 1345 1995 1381 Herlefridum
2007 1345 2069 1379 de-

1181 1398 1331 1441 posuerat
1343 1421 1354 1437 ,
1380 1409 1417 1431 ac
1437 1399 1492 1431 sua
1504 1396 1663 1431 Parochia
1684 1396 1838 1440 ejecerat:
1869 1396 1912 1430 Et
1932 1396 2068 1442 quidem

1182 1447 1310 1481 incivili
1322 1448 1461 1482 confilio
1473 1473 1480 1479 .
1494 1448 1546 1481 Sic
1558 1448 1646 1482 enim
1658 1448 1767 1481 textus
1778 1447 1821 1481 est
1835 1446 2047 1491 corrigendus
2059 1471 2067 1478 .

1183 1497 1277 1532 Hinc
1303 1497 1508 1532 Herlefridus
1533 1498 1725 1541 provocavit
1747 1524 1754 1530 .
1783 1496 1909 1541 Verum
1937 1503 2005 1530 no'n
2027 1495 2069 1529 ad

1185 1547 1407 1581 Hincmarum
1430 1547 1680 1591 Metropolitam
1702 1557 1758 1581 aut
1780 1546 1849 1590 ejus
1867 1546 2069 1590 Synodum‚

1185 1595 1238 1629 sed
1259 1596 1409 1638 proxime
1422 1596 1565 1629 Romam
1580 1621 1588 1628 .
1617 1597 1660 1629 Et
1681 1596 1822 1629 Carolus
1848 1596 1922 1629 Rex
1939 1595 2023 1630 fecit
2036 1596 2069 1628 ei

1186 1645 1373 1679 facultatem
1397 1643 1539 1679 exeundi
1561 1645 1691 1688 Regni,
1718 1643 1956 1678 &accedendae
1977 1640 2071 1678 Sedi's

1188 1692 1384 1735 Apostolicae
1408 1718 1416 1725 .
1443 1693 1575 1735 Nempe
1601 1704 1737 1726 noverat
1761 1694 1974 1726 Gallicanum
1996 1694 2072 1728 Cle-

1186 1752 1258 1776 rurn
1270 1743 1356 1784 pofl'e
1370 1765 1380 1781 ,
1407 1741 1507 1775 etiam
1521 1741 1710 1775 immediate
1723 1766 1733 1781 ,
1759 1742 1904 1775 Romam
1918 1752 2070 1785 provoco.-v

1188 1802 1220 1825 re
1237 1791 1256 1825 a
1268 1790 1403 1835 Judlciis
1411 1792 1542 1825 suorum
1555 1791 1753 1825 Antistitum
1766 1815 1773 1823 .
1804 1791 1970 1825 Adrianus
1983 1792 2071 1825 Pon-

1188 1841 1271 1875 tifex
1283 1842 1533 1885 appellationem
1547 1840 1678 1875 admisit
1691 1865 1702 1880 ,
1729 1842 1762 1875 &
1776 1851 1922 1885 paratum
1936 1843 1968 1876 se
1978 1841 2074 1877 exhi·

1189 1891 1260 1926 buit
1283 1890 1324 1926 ad
1335 1891 1586 1926 retraaatorium
1599 1889 1780 1935 Judicium3
1810 1890 1938 1926 addidit
1956 1902 2070 1926 tamen

1188 1942 1219 1975 se
1230 1941 1348 1982 malle,
1374 1951 1410 1975 ut
1436 1942 1495 1975 fiat
1515 1953 1569 1984 per
1579 1941 1797 1976 Hincmarum
1822 1941 2074 1985 Archi-Episco-

1187 1993 1263 2037 pum
1276 1992 1311 2025 in
1326 1990 1526 2026 provinciali
1539 1990 1674 2033 Synodo
1686 2017 1694 2025 .
1719 1992 1832 2039 Qare
1843 2000 1983 2026 errorem
1994 2003 2072 2027 con·

1186 2041 1290 2076 tinent
1312 2040 1378 2075 haec
1395 2041 1488 2075 verba
1502 2041 1546 2074 D.
1560 2041 1647 2075 Petri
1670 2041 1710 2075 de
1725 2042 1837 2076 Μαι-ει
1850 2055 1861 2076 .·
1887 2043 2009 2076 Indicat
2025 2054 2073 2076 cu·

1180 2099 1252 2133 pere
1256 2089 1290 2134 se
1299 2116 1310 2132 ‚
1338 2100 1372 2125 ut
1382 2090 1470 2134 causa
1480 2092 1567 2133 apud
1576 2093 1681 2124 sedem
1693 2090 1880 2132 apostolicam
1890 2093 2043 2132 judicetur
2057 2118 2066 2126 .

1186 2140 1318 2174 Etenim
1342 2139 1499 2174 Pontifex
1523 2140 1691 2175 manifeste
1710 2142 1773 2174 fuit
1795 2141 1997 2177 indifferens.
2025 2143 2071 2177 Et

1186 2190 1332 2233 proceffit
1354 2191 1530 2224 secundum
1553 2189 1706 2224 Canones
1729 2191 1948 2227 Sardicenses.
1975 2192 2071 2227 Hinc

1184 2239 1406 2274 Herlefridum
1429 2239 1514 2283 juffit
1535 2251 1614 2274 mox
1628 2241 1683 2274 sua
1697 2240 1837 2274 Ecclesia
1859 2241 1893 2273 δι·
1910 2241 2070 2276 omnibus

1183 2289 1255 2323 aliis
1274 2289 1413 2324 revestiri
1427 2314 1438 2330 ‚
1463 2290 1497 2327 &z
1510 2289 1550 2323 ab
1564 2289 1712 2333 Erpuino
1732 2291 1876 2324 Romam
1901 2290 2072 2325 m-ittiLe·

1187 2350 1323 2385 gatum,
1346 2340 1403 2384 qui
1427 2340 1461 2373 in
1484 2339 1726 2379 retrastatorio,
1753 2338 1776 2371 fi
1800 2340 1932 2383 quidem
1951 2339 2072 2376 Romo

1189 2391 1296 2430 fieret,
1321 2389 1448 2434 judicio
1458 2389 1533 2424 esset
1549 2388 1645 2433 ipsius
1657 2389 1898 2433 Apocrisarius.
1925 2389 2071 2426 Proinde

1189 2440 1328 2474 Carolus
1341 2440 1416 2475 Rex
1426 2450 1505 2475 tunc
1515 2441 1616 2474 etiam
1630 2438 1767 2484 agnovit
1777 2462 1787 2478 ‚
1812 2440 1902 2483 quod
1921 2441 2002 2474 istud
2017 2441 2076 2483 Ius.

1187 2490 1310 2523 dicium
1323 2492 1424 2533 pollet
1440 2490 1555 2525 Romae
1563 2487 1653 2530 fieri,
1679 2490 1712 2522 ὃς
1723 2489 1811 2532 quod
1827 2489 2013 2522 necessarias
2024 2490 2070 2525 ad

1186 2539 1288 2582 ipsum
1310 2539 1458 2583 personas
1481 2538 1637 2574 Pontifex
1664 2538 1765 2581 posset
1790 2548 1925 2572 evocare
1949 2563 1957 2571 .
1982 2539 2067 2575 Haec

1188 2600 1266 2624 tunc
1280 2589 1439 2623 confessus
1458 2588 1503 2623 est
1524 2588 1608 2622 idem
1630 2587 1685 2622 ille
1697 2588 1770 2621 Rex
1783 2612 1794 2628 ,
1821 2589 1881 2633 qui
1903 2599 2014 2632 nuper·
2028 2592 2064 2625 in

1185 2641 1278 2673 causa
1300 2637 1460 2674 Rothaldi
1484 2637 1712 2673 Sueffionenfis
1733 2638 1908 2682 Episcopi,
1934 2639 2065 2683 &post-

1185 2688 1284 2724 modo
1297 2689 1331 2723 in
1356 2689 1501 2725 adduciis
1517 2689 1556 2723 ad
1569 2688 1730 2733 Joannem
1749 2686 1841 2722 Vm.
1859 2687 1973 2723 litteris
1993 2689 2065 2734 egit

1184 2740 1216 2774 δι
1228 2739 1347 2783 scripsit
1359 2740 1472 2774 omnia
1492 2740 1654 2774 contraria
1669 2752 1680 2772 .·
1706 2738 1836 2782 Nempe
1854 2738 1945 2781 juxta
1959 2741 2066 2774 varios

1184 2799 1299 2824 ventos
1312 2814 1324 2830 ,
1349 2791 1405 2833 qui
1419 2789 1579 2833 spirabant
1590 2800 1631 2822 ex
1643 2788 1819 2823 Hincmari
1834 2788 2064 2833 pulmonibus.

1184 2840 1296 2887 Qare
1305 2839 1370 2874 hoc
1382 2839 1557 2874 Herlefridi
1581 2838 1765 2882 exemplum
1788 2838 1929 2884 poenitus
1947 2839 2064 2873 evertit

1183 2899 1368 2924 commenta
1387 2891 1431 2924 D.
1442 2889 1528 2924 Petri
1541 2889 1581 2923 de
1592 2890 1703 2923 Marca
1717 2916 1725 2923 .

1234 2938 1416 2974 Audiamus
1428 2940 1516 2974 illius
1528 2939 1767 2974 conclulionem
1777 2950 1785 2971 τ
1796 2939 1961 2972 Adriani&
1961 2939 1993 2981 J
1994 2948 2064 2972 oan-

1184 2994 1229 3022 m's
1239 2989 1407 3033 Sui-cessores
1418 3015 1429 3031 ‚
1456 2996 1551 3032 ruptis
1565 2994 1720 3023 canonum
1740 2986 1877 3022 cancellis
1891 3013 1903 3030 ,
1927 2989 2064 3031 appella·

1182 3045 1275 3073 tiones
1299 3040 1531 3079 Presbyterorum
1556 3037 1702 3081 admisere
1718 3063 1729 3080 ,
1755 3039 1828 3072 adeo
1849 3047 1883 3072 ut
1904 3041 2062 3082 Gregorius

1183 3093 1248 3122 V11.
1269 3094 1300 3122 in
1313 3093 1444 3123 Decretis
1448 3090 1513 3133 suis
1525 3114 1535 3130 ,
1560 3100 1628 3130 quae
1649 3090 1737 3133 vulgi)
1752 3087 1894 3122 Diffusus
1911 3091 2007 3130 Papae
2017 3089 2063 3121 di-

1183 3149 1303 3179 cuntur,
1332 3139 1381 3173 hoc
1404 3150 1512 3182 quoque
1531 3144 1725 3180 praeceperit:
1754 3136 1809 3172 Ut
1832 3149 1931 3172 nemo
1944 3138 2062 3172 audeat

1184 3190 1402 3225 condemnare
1427 3188 1653 3231 Apostolicam
1679 3187 1795 3224 Sedem
1822 3188 2059 3232 appellantem.

1184 3242 1277 3284 ,Quod
1292 3242 1384 3282 inJ’us
1404 3249 1550 3272 commune
1572 3236 1691 3281 versum
1711 3238 1794 3280 estin
1807 3242 1927 3272 Decreto
1940 3242 2065 3271 Gratia-

1184 3296 1216 3323 ni
1230 3315 1241 3331 ,
1252 3288 1422 3326 &inlibris
1436 3290 1632 3323 Decretalium
1644 3314 1652 3321 .
1681 3288 1879 3332 Respondeo
1893 3287 2064 3322 immedia-

1184 3350 1231 3374 tas
1249 3339 1290 3375 ad
1311 3340 1497 3374 Romanam
1521 3338 1634 3372 Sedem
1655 3338 1889 3383 appellationes
1914 3337 2062 3375 inferiori

1185 3390 1284 3425 Clero
1303 3401 1357 3433 per
1381 3389 1509 3424 nullum
1532 3389 1649 3424 auferri
1672 3389 1843 3432 antiquum
1868 3388 2060 3422 Canonem.

1184 3438 1386 3475 Alternativa
1403 3438 1450 3474 est
1474 3438 1716 3522 εῃῑὶςυὶῐΐιῐηὲ
1738 3439 1844 3474 Lucet
1869 3448 1909 3470 ex
1929 3434 2060 3519 tgraefato

1959 3495 2011 3517 an·
