2326 3718
864 125 906 169 S.
977 121 1134 167 FLA

245 219 373 250 tentiam
375 213 462 256 ferat
471 233 482 253 ,
510 221 601 254 quam
608 210 687 254 fides
709 212 742 245 et
755 214 829 243 ratio
840 218 920 244 verae
937 210 1124 243 Divinitatis

244 264 392 311 exposcit·

295 312 447 348 Affirmat
460 312 545 346 varia
558 337 565 344 .
593 309 707 346 Primo
717 335 728 352 ,
739 309 830 355 quod
843 311 999 345 Romanae
1013 308 1122 342 civita·

243 366 286 399 tis
297 363 462 407 Episcopo
472 361 653 397 Sacerdotii
667 362 754 404 super
774 371 888 395 omnes
900 360 1124 404 principatum

245 413 442 457 Antiquitas
454 411 632 447 contulerit
644 436 651 444 .
678 410 828 445 Secundo
840 436 850 451 ‚
875 411 965 454 quod
975 421 1016 444 ex
1030 407 1125 453 hujus

243 462 451 507 principatus
463 463 556 498 causa
567 460 725 504 adipsum
737 462 855 504 speciet
876 462 916 495 de
927 459 991 494 fide
1010 460 1044 493 &
1057 470 1125 492 om-

241 513 340 549 nibus
362 513 534 558 Episcopis
554 511 699 556 judicare
721 535 727 543 .
760 509 880 546 Tertio
903 533 914 551 ‚
938 509 1029 553 quod
1056 508 1124 542 haec

243 575 313 599 non
324 563 494 599 dumtaxat
516 563 552 596 in
571 560 787 606 antiquitate,
814 563 868 595 seu
892 562 1026 602 antiqua
1046 570 1125 592 con·

241 613 415 649 suetudine
433 610 634 652 fundentur,
661 610 716 645 sed
739 612 838 646 etiam
862 612 899 645 in
920 610 1125 646 solemnitate

242 664 438 700 Canonum.
466 660 616 710 Quarto,
645 660 737 704 quod
757 673 797 695 ex
820 660 887 695 istis
901 660 1126 695 fundamentis

244 712 640 756 Constantinopolitanus
661 711 829 754 Antistes,
858 709 972 754 utique
993 710 1126 743 Sanstus

242 763 420 799 Flavianus
440 787 452 804 ,
479 762 521 796 ad
539 762 645 806 ipsum
670 772 724 807 per
745 760 875 795 libellos
898 759 1126 803 appellaverit.

241 813 325 849 Non
348 812 416 849 sola
428 823 509 848 voce
527 812 560 846 in
585 812 654 855 ipso
670 810 874 846 Latrocinali
890 810 1020 854 Judicio
1034 832 1045 848 ,
1071 807 1123 841 sed

239 864 341 899 etiam
357 863 428 908 post
442 863 546 906 ipsum
560 873 614 905 per
625 860 773 896 libellos.
802 861 884 895 Non
897 860 937 894 ad
950 860 1051 893 totius
1064 857 1127 892 Ec-

243 913 342 949 clefiae
352 938 363 957 ,
390 922 448 947 aut
470 913 573 947 totius
584 911 777 946 Occidentis
793 909 968 954 Synodum
982 933 994 950 ‚
1019 908 1072 943 sed
1085 907 1126 941 ad

242 964 349 999 solum
362 963 562 1006 Episcopum
581 962 827 997 Romanorum.
857 959 1011 1007 Qinto,
1036 957 1125 1004 quod

242 1013 349 1047 totius
361 1012 483 1046 Mundi
496 1012 677 1054 Episcopos
703 1010 737 1044 in
749 1010 943 1043 Gener-alem
954 1008 1127 1052 Synodum

242 1072 444 1108 congregare
455 1062 571 1105 spectet
593 1060 634 1093 ad
654 1058 794 1092 eundem
807 1057 1007 1092 Pontificem
1019 1082 1027 1089 .
1052 1056 1127 1091 Sex·

241 1111 280 1146 to
295 1134 307 1152 ‚
331 1110 422 1152 quod
445 1110 480 1142 in
499 1110 559 1144 ista
571 1108 710 1152 Synodo
732 1108 884 1143 etiamad
897 1108 1000 1152 ipsum
1013 1107 1129 1151 spectet

239 1170 379 1196 omnem
391 1159 519 1194 causam
542 1159 560 1193 a
572 1158 734 1204 principio
757 1160 924 1192 retrastare
935 1182 947 1198 ,
973 1156 1130 1193 &defini-

242 1210 348 1247 tivam
369 1211 450 1244 ferre
473 1208 686 1243 sententiam.
717 1206 748 1240 A
762 1208 868 1252 pravis
888 1206 1052 1241 Ministris
1072 1207 1132 1241 cir-

245 1260 462 1302 cumscriptus
473 1257 683 1293 Theodosius
694 1257 728 1292 in
740 1258 856 1293 litteris
867 1282 878 1298 ,
895 1257 1013 1300 quibus
1024 1257 1130 1300 palam

241 1311 331 1347 vfavit
353 1308 533 1349 Nestorio,
557 1309 753 1343 &Sanetum
776 1307 941 1351 Cyrillum
963 1318 1017 1352 per
1038 1306 1133 1341 duras

247 1361 356 1395 minas
366 1359 476 1404 coegit
496 1357 537 1391 ad
549 1356 746 1401 Ephesinatn
756 1357 928 1403 Synodum
941 1383 952 1399 ,
978 1358 1132 1394 Sanctum

246 1408 461 1446 Caelestinum
474 1406 673 1443 Pontificem
684 1408 787 1442 tacito
808 1408 944 1443 nomine
966 1406 1132 1451 reprehen-

247 1459 322 1500 dit,
348 1458 439 1504 quod
461 1458 535 1492 istas
557 1458 748 1502 quaestiones
761 1457 934 1493 definiisset
945 1458 1052 1497 solus,
1080 1456 1133 1491 ad-

245 1510 387 1555 jungens
407 1508 481 1543 istas
493 1519 534 1543 ex
545 1508 711 1553 Majorum
731 1519 821 1542 more
833 1509 971 1552 spestare
989 1507 1029 1542 ad
1041 1508 1133 1542 ‹mcu-

246 1559 412 1595 menicam
423 1558 598 1603 Synodum
612 1583 618 1591 .
647 1558 750 1593 Haud
763 1557 862 1592 dubie
883 1558 997 1592 similia
1010 1558 1136 1601 scripse-

246 1620 297 1645 rat
309 1610 408 1644 etiam
422 1620 481 1654 pro
494 1607 681 1653 Eutychete
693 1634 700 1642 .
728 1608 832 1643 Hunc
842 1608 910 1652 ejus
918 1620 1060 1643 errorem
1077 1619 1135 1641 no-

244 1667 298 1694 tat
320 1659 598 1699 Valentinianus,
622 1659 799 1693 asseverans
827 1669 928 1693 omne
949 1658 989 1693 de
1010 1659 1075 1693 fide
1097 1669 1135 1692 ac

246 1708 424 1753 Episcopis
446 1732 457 1749 ,
483 1709 582 1743 etiarn
611 1709 645 1742 in
674 1708 828 1743 Generali
854 1707 995 1753 Synodo
1016 1731 1028 1749 ,
1053 1707 1135 1752 judi-

247 1759 341 1794 cium
353 1760 492 1802 spectare
504 1758 545 1793 ad
558 1758 758 1803 Episcopum
772 1758 917 1793 civitatis
927 1759 1089 1794 Romanae
1101 1782 1109 1790 .

302 1808 428 1843 Eadem
445 1808 557 1843 omnia
569 1810 744 1844 confirmat
757 1810 791 1843 in
803 1808 917 1843 litteris
943 1809 983 1843 ad
995 1808 1135 1843 eundem

250 1855 485 1893 Theodosium
500 1859 597 1894 Galla
609 1859 755 1894 Placidia
771 1859 922 1903 Augusta
935 1883 946 1899 ,
976 1858 1136 1893 Constan-

244 1908 289 1942 tii
302 1909 510 1952 Imperatoris
523 1909 619 1942 vidua
631 1932 642 1948 ,
669 1909 778 1942 Mater
790 1908 1017 1942 Valentiniani
1031 1922 1042 1940 .-
1063 1913 1136 1941 Non

244 1963 330 1993 enim
342 1960 486 1992 modicum
496 1959 706 1992 detrimenmm
716 1958 754 1999 est
766 1968 802 1990 ex
819 1957 867 1990 hir
878 1968 944 1999 quae
950 1957 1031 2001 gesta
1038 1957 1113 2000 sunt
1127 1979 1137 1995 ,

246 2018 285 2042 nt
291 2009 369 2050 fides
381 2032 392 2048 ‚
418 2019 484 2050 quae
497 2013 594 2042 tantis
608 2008 789 2050 temporibus
808 2009 979 2050 regulariter
998 2007 1137 2045 custodita

249 2057 290 2098 est
301 2059 320 2090 ci
334 2056 522 2099 sacratiffimo
533 2059 627 2090 Patre
653 2056 747 2095 nolito
767 2057 980 2096 Constantino,
1008 2061 1058 2097 qui
1074 2062 1136 2095 pri-

250 2117 319 2141 mus
332 2110 459 2150 Imperio
465 2104 621 2150 splenduit
632 2104 820 2144 Christianus
833 2129 843 2145 ,
863 2103 1085 2147 perturbatafit
1096 2105 1140 2136 ad

251 2157 412 2191 arbitrium
422 2161 509 2190 unius
522 2155 648 2190 hominis
662 2180 673 2197 ,
698 2160 792 2197 quiin
803 2156 907 2195 synodo
927 2152 1084 2197 Ephefinae
1094 2159 1138 2187 ci-

254 2212 366 2241 vitatis
377 2208 478 2239 odium
506 2208 540 2240 &
552 2212 744 2240 contentioner
753 2206 852 2247 potius
865 2205 1019 2248 exercuisse
1033 2215 1138 2237 narra-

251 2265 327 2297 tur,
352 2257 480 2289 militum
498 2254 662 2297 praes'entia
689 2257 723 2288 (τ
735 2263 813 2288 metu
834 2262 978 2296 impetens
990 2254 1138 2291 Conslan-

253 2307 446 2348 aeinopolitane
458 2310 592 2338 civitatis
606 2302 782 2348 Epiftopum
795 2306 981 2338 Flavianum
994 2326 1004 2342 ‚
1017 2306 1048 2337 eo
1060 2304 1141 2345 quod

254 2355 388 2389 'libellum
397 2355 441 2386 ad
450 2353 639 2395 apostolicam
652 2357 671 2387 5
673 2356 758 2388 edem
777 2353 892 2397 miserit
906 2379 917 2394 ‚
943 2355 976 2388 (⁰5
987 2354 1032 2386 ad
1041 2363 1138 2386 omnes

255 2404 418 2447 Episcopos
435 2402 541 2436 barum
564 2409 701 2445 partium
714 2428 724 2443 ‚
746 2414 803 2446 per
825 2416 871 2437 eos
884 2410 935 2446 qui
960 2403 1138 2444 diredlisue-

253 2462 330 2489 rant
351 2455 394 2487 ad
405 2453 568 2486 Concilium
591 2456 611 2485 ἃ
622 2454 861 2492 Reverendiffimo
871 2452 1015 2495 Episcopo
1027 2457 1118 2495 Rome
1128 2477 1139 2493 ,

255 2510 308 2548 qui
312 2503 472 2548 secundum
482 2502 667 2544 definitiones
680 2507 713 2535 N
717 2508 790 2544 icem·
801 2506 924 2536 Concilii
943 2502 1014 2546 sunt
1030 2502 1140 2546 consue-

254 2557 285 2588 εἰ
306 2554 456 2599 intereffe,
482 2555 606 2587 Domine
625 2554 815 2593 sacratissime
839 2555 902 2586 Fili
922 2576 932 2591 ‚
957 2553 1139 2587 venerabilis

257 2610 423 2647 Imperator
435 2629 442 2637 .
472 2612 540 2641 Hac
549 2609 649 2646 itaque
656 2609 759 2646 gratia
768 2611 821 2636 tua
834 2602 1028 2646 Mansuetudo
1041 2626 1051 2642 ‚
1070 2610 1139 2635 tan-

256 2661 299 2688 tis
311 2654 408 2688 turbis
416 2653 541 2697 resistens
552 2678 563 2694 ‚
590 2659 754 2688 veritatem
767 2652 845 2696 fidei
856 2652 1007 2695 Catholicf
1019 2654 1140 2697 Religio-

255 2711 306 2739 nis
326 2706 548 2738 immaculatam
572 2702 692 2748 servari
713 2709 866 2746 precipiat
896 2728 906 2744 ‚
931 2711 963 2737 ut
978 2705 1141 2747 secundum

249 2756 386 2798 formam
405 2754 651 2797 &definitionem
674 2753 827 2796 Apostolicq
847 2755 933 2788 Sedis
958 2779 969 2795 ‚
994 2765 1085 2797 quam
1107 2754 1141 2788 ό·

252 2818 310 2840 nos
328 2807 478 2848 tanqutim
493 2805 698 2847 precellentem
720 2802 851 2845 similiter
876 2815 1055 2838 veneramur
1072 2827 1084 2843 ‚
1109 2809 1142 2837 in

254 2854 333 2897 statu
343 2855 504 2890 Sacerdotii
526 2852 604 2897 illeso
620 2862 760 2888 manente
778 2863 835 2896 per
857 2859 956 2888 omnia
970 2855 1142 2892 Flaviano,

260 2905 477 2939 «demetitum
498 2903 661 2947 Apostolicae
672 2905 757 2939 Sedis
771 2905 935 2950 Judicium
956 2902 1142 2947 transmitta-

260 2963 314 2987 tur
326 2978 338 2994 ,
363 2958 395 2987 in
406 2966 466 2996 qua
474 2961 594 2996 primus
606 2956 655 2988 ille
665 2979 676 2996 ,
703 2959 755 2998 qtci
764 2954 883 2994 celestes
894 2957 1008 2989 ctaves
1023 2953 1090 2996 fuit
1100 2955 1143 2987 di·

261 3013 343 3048 gnus
352 3009 481 3045 accipere
491 3028 503 3044 ‚
529 3007 737 3048 Principatum
749 3003 946 3048 Episcopatus
967 3006 1141 3046 ordinavit,

262 3054 382 3096 quando
390 3052 499 3097 scilicet
511 3054 592 3088 decet
602 3066 654 3088 nos
667 3054 734 3090 huic
748 3061 890 3088 maximae
909 3061 1052 3095 civitati,
1077 3065 1142 3097 quae

263 3106 396 3137 Domina
416 3108 544 3136 omnium
562 3102 600 3144 est
619 3109 774 3139 civitatum
785 3130 796 3146 ,
820 3111 853 3138 in
864 3104 999 3139 omnibus
1011 3116 1143 3139 reveren-

263 3159 340 3187 tiam
363 3152 555 3197 conservare.
581 3152 712 3188 Diserte
734 3156 871 3189 affirmat
883 3155 1076 3190 Flavianum
1093 3166 1143 3199 ap-

265 3203 393 3248 pellasse
413 3203 456 3238 ad
478 3203 646 3238 Leonem.
674 3203 719 3237 Et
729 3204 795 3248 ejus
814 3205 1030 3250 appellationi
1050 3214 1144 3250 rogat

265 3254 382 3289 donari
395 3253 614 3298 suspensivum
633 3253 782 3288 effeCium
796 3268 807 3290 .·
833 3256 1020 3291 Secundum
1038 3256 1143 3290 Cano-

261 3315 325 3339 ‹nes
349 3327 359 3335 .
386 3304 519 3348 Insuper
540 3302 680 3347 postulat
700 3306 953 3341 retractatorium
980 3306 1154 3350 Judicium¹

266 3354 442 3389 transmitti
455 3354 497 3388 ad
510 3353 705 3388 Concilium
716 3354 806 3390 Sedis
818 3354 1017 3400 Apostolicae
1028 3381 1035 3389 .
1061 3355 1151 3389 Non¹

267 3403 310 3439 ad
320 3405 565 3440 OEcumcnicam
578 3403 748 3448 synodum
759 3417 769 3448 ·,
794 3405 852 3440 sed
862 3406 903 3442 ad
914 3406 1087 3450 synodum
1098 3405 1143 3440 so·

1169 131 1448 165 leN1·
1905 139 1994 182 321

1191 207 1255 241 lius
1267 206 1426 242 Romanae
1437 205 1619 244 Provincia:
1629 236 1636 244 .
1663 212 1765 248 Hanc
1777 211 1900 256 judicat
1911 214 2068 249 sufficere,

1191 258 1292 306 Qod
1306 258 1423 301 nempe
1433 256 1491 291 ista
1504 257 1654 301 Synodus
1674 263 1776 297 essent
1787 263 1941 308 Episcopi
1954 263 2071 300 harum

1193 308 1331 352 partium
1343 331 1354 347 ,
1379 307 1421 342 ad
1431 319 1514 353 quos
1524 307 1697 344 Flavianus
1717 314 1934 357 appellaverat
1944 339 1952 348 .
1981 315 2015 350 si
2026 325 2071 350 ta·

1192 370 1266 392 men
1296 358 1504 402 appellaverit
1530 382 1538 391 .
1578 358 1710 393 Etenim
1738 365 1866 406 penitus
1890 366 2071 407 existimo,

1190 408 1277 452 quod
1290 409 1362 452 ipsis
1393 408 1501 452 potius
1513 410 1698 451 exposuerit
1709 410 1796 445 suam
1806 416 1934 450 causam
1947 439 1958 455 ,
1982 426 2071 450 com-

1192 457 1409 493 mendandam
1422 459 1539 494 Santsto
1557 458 1686 495 Leoni.
1712 459 1848 496 Interim
1871 475 1918 499 res
1935 465 2072 500 caditin

1191 509 1276 543 idem
1303 534 1311 543 .
1339 508 1512 555 Qidquid
1539 509 1636 544 fuerit
1656 534 1669 551 ,
1686 509 1793 545 -Galla
1816 510 1959 549 Placidia
1985 514 2072 550 istud

1194 560 1296 602 ipsum
1309 558 1483 605 postulavit
1507 559 1525 593 a
1536 561 1647 595 saneta
1659 560 1866 604 imperatrice
1878 561 2048 599 pulcheria
2058 577 2073 600 .-

1191 611 1357 644 Clementia
1368 619 1422 643 tua
1428 609 1590 653 seeundum
1601 610 1786 645 Catholicam
1802 612 1894 654 fidem
1905 612 2075 655 conspirare

1194 661 1330 703 dignetur
1341 685 1351 700 ‚
1379 668 1412 692 ut
1422 662 1569 702 quidquid
1578 662 1628 695 illo
1639 659 1812 705 tumultuoso
1821 685 1833 702 ,
1856 661 2075 706 miserrimoque

1192 712 1319 743 Concilio
1339 709 1521 749 constitutum
1542 710 1602 752 est,
1627 718 1707 745 omni
1730 717 1844 746 virtute
1866 722 2078 755 removeatur,

1190 768 1224 792 ut
1253 760 1388 793 omnibus
1406 764 1532 804 integris
1548 763 1795 803 permanentibus
1810 786 1820 802 ‚
1847 764 1893 795 ad
1911 762 2079 804 apostolice

1192 810 1274 842 Sedit
1277 813 1310 855 J
1313 811 1462 851 udicium,
1489 815 1521 842 in
1541 822 1601 853 qua
1617 818 1734 853 primus
1754 811 1946 853 apostolorum
1960 815 2079 846 Beatus

1194 862 1303 894 Petrus
1314 862 1475 896 sacerdotii
1490 863 1696 905 Principatum
1718 867 1815 897 tenuit
1830 885 1842 903 ‚
1868 861 2080 908 Epifioporutn

1192 907 1282 952 causa
1292 915 1432 944 mittatur
1444 935 1451 945 .

1245 959 1369 995 Eadam
1381 960 1494 995 omnia
1507 962 1540 996 in
1554 961 1670 997 litteris
1689 961 1728 996 ad
1742 960 1948 998 pulcheriam
1967 962 2081 1008 Augu·

1196 1007 1275 1043 stam
1297 1011 1466 1055 insigniter
1485 1012 1621 1055 exponit
1647 1013 1785 1047 Hilarus
1796 1011 1958 1049 Romanae
1970 1013 2080 1048 Eccle-

1196 1058 1244 1091 fiae
1267 1057 1572 1095 Archi-Diaconus.
1599 1062 1749 1108 Exponit
1767 1062 1977 1098 Latrocinale
1998 1064 2082 1097 Dio-

1196 1108 1279 1142 scori
1297 1109 1338 1143 de
1348 1110 1507 1145 Flaviano
1523 1112 1691 1157 Judicium
1703 1137 1714 1154 ,
1745 1114 1832 1147 suam
1858 1124 1973 1149 contra
1996 1112 2082 1149 iliud

1197 1159 1387 1203 generosam
1411 1160 1703 1203 protestationem,
1730 1163 1889 1207 suumque
1911 1163 2083 1207 permulta.

1200 1208 1339 1251 pericula
1353 1206 1494 1243 reditum
1507 1209 1547 1243 ad
1560 1209 1748 1244 Romanam
1762 1213 1932 1248 civitatem
1944 1237 1955 1255 ,
1966 1213 2000 1247 ἀ
2011 1224 2085 1257 pro-

1199 1257 1352 1302 sequitur:
1388 1258 1487 1296 Vestra
1509 1264 1612 1301 itaque
1621 1261 1799 1294 veneranda
1809 1261 1976 1299 clementia
1988 1272 2085 1305 cogno·

1195 1306 1262 1351 scat
1275 1309 1295 1341 ᾶ
1309 1306 1417 1342 sancio
1436 1311 1534 1342 Leone
1545 1312 1634 1350 Papa
1644 1321 1710 1344 cum
1725 1316 1805 1343 omni
1815 1311 1998 1345 occidentali
2010 1315 2086 1343 Con-

1199 1358 1263 1391 cilio
1273 1356 1426 1400 reprobari
1437 1363 1537 1391 omnia
1547 1383 1558 1400 ‚
1586 1371 1654 1401 quae
1663 1364 1696 1392 in
1709 1358 1830 1401 Epheso
1838 1369 1939 1393 contra
1948 1365 2088 1394 Canones

1197 1416 1251 1450 per
1272 1407 1417 1441 tumultus
1439 1410 1552 1442 &odia
1568 1407 1727 1452 saecularia
1746 1411 1766 1441 ἃ
1789 1408 1921 1452 Dioscoro
1941 1408 2089 1453 Episcopo

1195 1458 1276 1503 gesta
1285 1455 1355 1501 sunt
1372 1481 1384 1497 ,
1410 1459 1444 1492 o·
1455 1460 1537 1493 nulia
1546 1465 1663 1493 ratione
1675 1458 1739 1492 baec
1746 1465 1779 1492 in
1790 1458 1838 1492 bis
1846 1459 1988 1503 partibus
1997 1458 2089 1504 sicfri-

1198 1514 1232 1550 pi
1240 1508 1338 1551 poffe,
1365 1518 1432 1551 quae
1449 1517 1506 1551 per
1525 1515 1692 1552 potentiam
1711 1509 1873 1550 praedffl,
1900 1507 2023 1550 nonfine
2032 1510 2087 1543 lae-

1196 1557 1271 1598 sione
1278 1557 1350 1600 fidei
1359 1581 1371 1598 ‚
1397 1559 1432 1593 ὁ·
1442 1559 1794 1604 praejudiciosanc‘lffmi
1804 1564 1868 1594 viri
1881 1583 1891 1600 ,
1914 1565 2089 1603 innoxiique

1203 1608 1350 1642 Flaviani
1360 1609 1499 1651 commissa
1508 1607 1578 1651 sient
1590 1634 1597 1641 .
1624 1612 1706 1654 ,ραι
1719 1613 1790 1644 verri
1808 1609 1949 1649 constanti
1971 1609 2090 1651 acfortl

1202 1657 1383 1692 authoritate
1399 1666 1455 1702 pro
1473 1651 1622 1702 fideiime
1644 1659 1862 1704 nunciatasum
1875 1683 1887 1699 ‚
1909 1658 2089 1703 superfluum

1200 1709 1284 1742 credo
1295 1720 1438 1742 narrare.
1468 1713 1556 1742 Nam
1576 1708 1641 1743 baec
1661 1721 1699 1743 ex
1721 1711 1829 1744 litteris
1847 1711 1917 1742 BB.
1931 1712 2090 1751 Papaepo-

1202 1763 1301 1793 teritis
1312 1757 1485 1802 agnofitere„
1511 1758 1574 1794 Per
1584 1759 1738 1794 reducem
1750 1760 1907 1801 Hilarum
1928 1758 1969 1793 de
1983 1758 2091 1803 appel-

1203 1808 1327 1843 latione
1339 1809 1509 1843 insttutstus
1522 1809 1593 1845 Leo
1605 1821 1684 1844 mox
1705 1811 1817 1855 coegit
1843 1808 1904 1844 suae
1913 1820 1950 1842 ac
1965 1810 2088 1843 vicina-

1203 1870 1274 1892 rum
1287 1858 1533 1893 Provinciarum
1545 1860 1719 1903 Synodum
1733 1884 1743 1900 ,
1767 1860 1801 1894 &
1812 1858 1953 1895 decrevit
1974 1858 2090 1894 omnia

1205 1907 1377 1950 superiora.
1407 1908 1648 1943 Latrocinalem
1662 1910 1835 1954 Synodum
1846 1910 1977 1945 cassavit
1987 1909 2020 1943 &
2032 1909 2091 1943 cir·

1201 1956 1375 1990 cumduxit
1396 1967 1406 1997 ;
1435 1957 1563 1991 admisit
1590 1959 1694 1992 Sancti
1721 1960 1870 1993 Flaviani
1897 1959 2094 2002 appellatio-0

1204 2019 1277 2040 nem
1290 2018 1299 2048 ;
1328 2007 1433 2048 ipsum
1449 2006 1616 2041 revestivit
1626 2031 1637 2048 ‚
1662 2009 1694 2042 ὅ(
1707 2009 1848 2044 firmavit
1860 2009 1893 2043 iu
1906 2010 2002 2053 plena
2014 2007 2092 2053 Epi-

1204 2054 1325 2097 scopali
1336 2056 1420 2097 apud
1433 2066 1548 2089 omnes
1562 2056 1722 2091 Ecclesias
1733 2061 1983 2101 communione3
1992 2059 2090 2102 ipsius

1204 2103 1414 2147 appellationi
1428 2105 1589 2147 adscripsit
1609 2107 1756 2140 effectum
1771 2108 2005 2150 suspensivum3
2032 2108 2090 2151 ipsi

1206 2153 1444 2198 quemcumque
1475 2153 1709 2198 superordinari
1746 2156 1937 2201 rigidissime
1965 2158 2102 2201 vetuit}

1204 2206 1457 2239 retrastatorium
1473 2205 1637 2248 Judieium
1652 2206 1834 2241 voluitfieri
1847 2208 1880 2241 in
1895 2207 2091 2243 celebranda

1206 2255 1289 2288 intra
1312 2255 1441 2288 ltaliam
1453 2256 1590 2298 Synodo
1606 2267 1612 2287 :
1644 2257 1687 2292 Et
1708 2255 1775 2290 haec
1787 2259 1899 2292 omnia
1921 2269 1977 2302 per
1989 2258 2092 2294 varias

1206 2305 1327 2337 litteras
1342 2305 1458 2347 scripsit
1471 2305 1511 2339 ad
1525 2304 1752 2340 Theodosium
1765 2331 1776 2347 ,
1803 2309 1842 2341 ad
1856 2307 2063 2343 pulcheriam
2073 2332 2088 2349 ,

1205 2355 1244 2388 ad
1259 2353 1425 2397 Julianum
1448 2355 1611 2388 coensem
1637 2356 1832 2400 Episcopum
1845 2382 1855 2396 ,
1885 2357 1923 2390 ad
1936 2358 2091 2392 sanctum

1206 2405 1423 2443 Flavianum,
1450 2405 1485 2438 ὃ(
1505 2405 1545 2438 ad
1567 2405 1673 2439 alios.
1701 2407 1822 2442 Omnis
1845 2407 2012 2441 Occidens
2035 2406 2091 2442 ad-

1206 2454 1287 2488 misit
1301 2453 1552 2497 pronsptiffime:
1580 2454 1690 2488 Etiam
1702 2466 1778 2489 ante
1801 2456 1915 2490 datum
1928 2457 2092 2492 auxilium

1205 2504 1246 2537 ab
1256 2504 1455 2547 Imperatore
1468 2502 1724 2538 Valentiniano.
1754 2506 1884 2539 Etenim
1898 2518 2013 2540 omnes
2025 2506 2092 2541 istae

1208 2552 1319 2587 litterae
1331 2555 1406 2587 sunt
1419 2553 1540 2596 scriptae
1552 2553 1649 2588 tertio
1670 2554 1746 2589 Idus
1766 2556 1924 2589 octobres
1940 2582 1949 2596 ,
1974 2557 2007 2591 ὅ(
2022 2556 2091 2591 Va-

1208 2604 1405 2637 lentinianus
1418 2603 1560 2638 Romam
1584 2614 1654 2638 non
1680 2605 1788 2645 venit,
1817 2607 1874 2639 nisi
1901 2606 1940 2640 ad
1954 2607 2090 2648 sequens

1207 2653 1337 2688 Festum
1352 2652 1516 2697 Principis
1536 2653 1773 2698 Apostolorum
1821 2657 1868 2691 At
1890 2657 2089 2690 circumscri-

1207 2714 1281 2748 ptus
1302 2705 1338 2738 in
1357 2702 1553 2747 Eutychetis
1575 2706 1794 2748 patrocinium
1817 2730 1828 2747 ,
1855 2718 1893 2740 ac
1918 2707 1953 2739 in
1977 2706 2087 2741 SanCsi

1206 2754 1355 2789 Flaviani
1366 2754 1481 2789 odium
1493 2753 1701 2789 Theodosius
1712 2754 1847 2790 obedire
1869 2767 1936 2790 non
1952 2757 2088 2799 permit·-

1207 2804 1296 2839 tebat
1317 2804 1523 2840 Orientalem
1546 2805 1740 2841 Ecclesiam:
1768 2806 1862 2841 Hinc
1884 2806 1939 2849 ipsi
1964 2818 2020 2850 per
2034 2817 2086 2841 va-

1207 2855 1272 2889 rios
1285 2855 1404 2889 modos
1423 2865 1461 2889 ac
1479 2854 1673 2889 mediatores
1693 2856 1889 2900 supplicavit
1907 2857 2063 2891 Pontifex
2075 2880 2086 2890 .

1208 2905 1249 2939 Et
1261 2902 1336 2938 licet
1348 2916 1416 2939 non
1428 2905 1651 2945 exaudiretur,
1678 2907 1725 2940 uti
1738 2917 1805 2940 non
1818 2907 1910 2941 desiit
1923 2907 2089 2951 Principa-

1208 2967 1243 2989 tu
1262 2955 1309 2988 sui
1328 2954 1475 2989 Romani
1485 2956 1667 2991 Sacerdotii
1679 2980 1686 2989 .

1257 3004 1390 3039 Etenim
1401 3015 1514 3039 omnes
1525 3005 1711 3040 Orientales
1722 3005 1902 3049 Episcopos
1915 3031 1925 3046 ,
1951 3006 2008 3049 qui
2026 3006 2090 3042 La-

1207 3054 1359 3090 trocinali
1371 3055 1403 3088 in
1415 3056 1565 3089 Sanctum
1577 3056 1772 3091 Flavianum
1782 3056 1908 3100 judicio
1919 3057 2089 3093 adfuerant

1207 3106 1499 3145 &consenserant,
1525 3104 1688 3150 suspendit
1708 3106 1727 3141 a
1742 3108 1802 3141 suae
1814 3106 1903 3141 Sedis
1928 3119 1965 3141 ac
1986 3108 2089 3142 totius

1208 3155 1430 3190 Occidentalis
1456 3155 1605 3190 Ecclefiae
1629 3158 1868 3191 communione
1892 3182 1900 3190 .
1935 3158 2088 3191 Romana

1209 3206 1346 3241 Ecclesia
1358 3205 1543 3241 orientales
1557 3207 1738 3251 Episcopos
1749 3231 1760 3248 ‚
1786 3207 1865 3241 dum
1888 3205 1935 3242 ob
1945 3206 2087 3251 Regiam

1183 3266 1185 3268 ’
1209 3256 1364 3301 praesentis
1374 3255 1581 3300 Imperatoris
1592 3258 1783 3292 violentiam
1799 3257 1893 3291 aliter
1915 3268 1981 3291 non
2000 3266 2087 3300 pote·

1208 3318 1277 3348 rat,
1303 3307 1346 3341 sic
1370 3305 1453 3340 olim
1479 3307 1543 3341 fuit
1568 3309 1722 3342 consueta
1747 3307 1861 3351 punire
1885 3309 1919 3341 ἀ
1938 3308 2084 3341 fraenare.

1209 3359 1335 3393 Lucent
1356 3356 1415 3392 ista
1434 3367 1476 3391 ex
1492 3358 1598 3392 Sancti
1622 3358 1746 3392 Leonis
1771 3357 1886 3393 litteris
1905 3357 1946 3389 ad
1960 3356 2085 3389 Anato-

1210 3408 1289 3443 lium
1315 3431 1329 3450 ,
1358 3407 1634 3453 propterRegias
1660 3408 1819 3445 Mat-timi
1845 3407 1880 3441 &
1906 3404 2087 3449 pulcheriae

1183 3459 1185 3464 ’
1931 3464 2037 3498 preces
