2326 3718
59 1068 145 1110 Epist.
158 1082 169 1104 1
179 1083 186 1103 i
195 1081 220 1112 3.

56 1565 150 1606 fipistt‘
174 1577 220 1605 95·

61 1948 148 1989 epist.
159 1960 191 1983 ιο
201 1961 204 1979 :
215 1971 222 1981 .

856 61 1455 114 EuTYcHetts.

236 153 420 190 mniaentibas
433 160 524 191 ,aures
545 148 689 187 tradens,
713 158 775 182 rem
797 146 942 191 aggrcffus
955 145 991 186 est
1005 170 1016 186 ,
1043 156 1110 188 quae

237 207 316 245 credi
325 204 492 238 mutan-nus
503 207 592 242 queat
603 223 614 241 ‚
638 197 695 241 nist
698 197 796 243 testem
807 197 928 231 haberet
938 194 1092 238 Ecclesiam
1107 219 1114 226 .

238 257 316 288 Tulit
324 257 402 294 enim
420 250 488 283 illos
503 273 514 290 ‚
538 255 591 292 qui
602 249 683 290 nobis
701 248 861 283 anathema
872 246 1028 288 dicebant,
1048 244 1114 290 sur-

233 303 357 349 gensqfoe
378 300 592 340 &acclamans
603 311 700 334 eorum
714 297 1017 340 voces-confirmavit„
1047 296 1113 332 Pri-

236 364 290 390 ma
314 350 392 389 mali
414 350 505 385 radix
516 351 579 384 fuit
596 349 797 391 Diodoriibac
809 346 986 382 Theodori
1001 347 1095 381 causa
1107 369 1114 377 .

237 404 319 443 Eam
339 401 514 443 Domnus,
540 400 587 434 sui
610 399 825 437 Antecefforis
845 398 1003 440 judicium
1028 398 1116 431 secu-

236 464 288 488 tus
301 476 311 493 ,
336 462 412 487 cum
422 450 641 485 Theodoreto
659 460 697 483 ac
719 449 814 485 omni
839 450 892 482 sua
907 446 1047 482 Dioecesi
1065 447 1115 480 de-

237 501 391 541 fendebat
413 525 424 542 ,
451 499 631 537 Dioscorus
654 497 732 532 vero
754 510 791 532 ac
816 497 985 542 Eutyches
1009 520 1020 538 ‚
1047 506 1115 530 non

237 551 409 591 dumtaxat
421 549 576 586 Rabbulae
588 548 736 585 Edeffeni
762 549 794 582 &
807 548 1022 583 Melitinenfis
1033 546 1115 582 Aca-

237 604 303 643 cii,
329 600 491 642 sedetiam
516 598 758 642 SanfiiCyrilli
780 610 817 633 ac
830 599 936 633 Sancti
951 596 1061 632 Procli
1073 606 1116 630 te·

237 662 351 686 nentes
377 649 510 697 vestigia
534 671 546 688 ,
586 650 737 683 atrociter
774 647 1116 686 anathematizabant.

237 703 381 745 Cunctos
404 710 516 734 eorum
541 699 701 734 Patronos
727 698 973 743 proclamabant
1001 696 1118 733 Nesto·

237 753 361 786 rianos.
389 750 568 785 Dioscorus
589 748 629 783 eo
650 749 749 794 usque
774 750 835 782 suae
861 748 914 789 irae
929 748 1052 783 laxavit
1064 746 1117 780 ha·

237 802 335 842 benas
347 825 358 841 ,
383 810 419 833 ut
432 812 486 843 per
498 801 604 833 nescio
618 811 699 842 quos
710 798 859 833 Orientis
870 795 1117 843 transfugasjus-

237 851 311 886 serit
337 851 370 885 in
383 851 476 892 plena
499 850 551 882 sua
564 850 688 891 Synaxi
702 850 826 884 cunetis
838 848 927 882 istius
938 847 1118 883 Dioecesios

239 902 408 944 Episcopis
421 898 587 934 inclamari
597 897 767 935 anathema
776 923 786 938 ‚
813 899 849 932 ὅ(
861 899 927 940 ipse
937 897 1120 931 acclamans

236 950 495 985 confirmaverit.
523 948 648 982 Eadem
670 949 710 982 de
722 959 753 981 re
766 945 999 981 Theodoretus
1014 948 1046 980 in
1061 946 1119 978 suo

239 1002 402 1035 Romauae
427 997 657 1043 appellationis
681 996 797 1031 libello
834 995 955 1039 scripfit
981 995 1023 1029 ad
1050 994 1122 1028 Ma-

237 1059 343 1097 gnum
354 1050 520 1082 Leonem:
549 1047 769 1080 Alexandrinus
783 1045 909 1085 Antistes
933 1056 1013 1078 anno
1029 1048 1121 1079 etiam

234 1098 384 1146 superiore
395 1121 406 1136 ,
433 1107 496 1130 cum
506 1098 536 1130 eo
552 1094 772 1142 profec‘lieffent
785 1096 844 1130 duo
866 1100 930 1130 viri
941 1095 1121 1140 Apollinaris

238 1147 337 1182 inorbo
350 1146 453 1188 infec‘li
467 1170 478 1186 ,
505 1146 716 1179 &calumnias
742 1150 774 1179 in
786 1157 839 1178 nos
862 1146 1037 1188 texuifflmt,
1061 1154 1124 1178 con·

233 1195 358 1243 surgens
382 1203 415 1230 in
437 1194 566 1236 Ecclefia
590 1206 641 1230 nos
662 1193 854 1231 anathemate
875 1194 1015 1238 confixit.
1042 1194 1125 1228 Dio-

238 1249 350 1282 scorus
364 1258 420 1281 eos
445 1245 604 1281 accusavit
616 1268 628 1285 ,
654 1245 743 1289 quod
756 1245 928 1281 violaflent
940 1244 1048 1280 Sanffi
1060 1243 1124 1287 Cy·

238 1298 306 1332 silli
331 1306 465 1342 pacem,
492 1307 531 1330 ac
550 1294 783 1331 resuscitaffent
803 1295 1016 1331 Nestorium.
1046 1293 1125 1328 Uti-

237 1347 302 1393 que
321 1356 363 1380 ex
384 1355 463 1379 tunc
487 1342 627 1379 habebat
645 1344 845 1379 clandestina
857 1344 955 1378 Pacta
974 1355 1050 1378 cum
1062 1344 1126 1377 Eu-

236 1394 370 1440 tychete
384 1419 392 1429 .
421 1396 463 1430 Et
477 1394 642 1436 conjuncti
663 1392 698 1430 hi
708 1393 879 1431 Turbines
891 1394 1065 1430 Domuum
1089 1404 1126 1428 ac

239 1452 375 1483 omnem
388 1444 455 1488 ejus
465 1442 723 1480 Patriarchatum
744 1445 890 1481 fecerunt
904 1444 987 1479 adeo
1012 1445 1126 1480 foetere

240 1496 339 1530 etiam
352 1495 437 1540 apud
451 1495 637 1539 Principem
648 1517 659 1534 ‚
684 1503 720 1529 ut
743 1495 784 1529 ad
797 1494 1004 1530 Antiochum
1015 1493 1127 1530 Praefe·

242 1548 329 1585 stum
341 1546 457 1582 scribat
467 1544 721 1582 Theodoretus:
748 1547 871 1590 Magnos
882 1550 914 1577 in
925 1543 1060 1586 EecleJiis
1073 1543 1128 1589 flu·

243 1597 311 1630 eius
320 1603 489 1631 excitarunt
502 1620 514 1636 ‚
538 1601 704 1638 quieontra
724 1607 776 1630 nos
787 1595 952 1628 calumnias
975 1599 1128 1630 commenti

237 1644 328 1689 sunt.
357 1647 430 1689 ,Qua
452 1647 490 1679 de
511 1643 599 1688 causa
625 1647 659 1679 et
672 1648 733 1679 Deo
753 1646 886 1687 cariffimi
907 1644 1068 1689 Episcopi,
1094 1646 1128 1678 (tt

243 1701 385 1730 itinerum
404 1693 606 1741 longitudine,
633 1698 667 1730 tit
683 1700 794 1728 virium
820 1695 1016 1738 infirmitate,
1043 1692 1129 1736 &se-

243 1746 297 1780 nili
320 1753 410 1780 aetate
433 1754 603 1787 contempta
617 1769 627 1785 ‚
654 1744 852 1790 Gregibusque
866 1742 931 1790 suis
935 1742 998 1788 fine
1013 1744 1129 1788 Pastore

242 1794 386 1836 destitutis
412 1819 423 1835 ‚
449 1797 567 1839 longam
597 1794 684 1836 istam
705 1801 975 1841 peregrinationem
998 1794 1129 1842 suscepe-

241 1855 335 1885 runt,
358 1846 518 1886 conflatum
540 1851 572 1879 in
595 1857 646 1878 nos
670 1847 857 1880 mendacium
876 1844 1009 1889 refellere
1026 1853 1130 1888 prope-

241 1905 361 1929 rantes.
393 1896 430 1931 In
444 1894 563 1928 litteris
575 1894 614 1928 ad
627 1895 813 1929 Celerinam
825 1896 1011 1930 Diaconam
1023 1895 1128 1934 addit,

242 1944 334 1992 quod
344 1945 446 1980 etiam
458 1944 563 1985 hyemis
575 1943 769 1987 asperitatem
778 1943 1004 1988 contempserint
1013 1969 1020 1978 .
1030 1943 1130 1977 Nem·
1145 1945 1147 1988 ξ

242 1995 280 2039 pe
297 1994 315 2028 a
337 1997 478 2032 Domno
500 1993 686 2029 Patriarcha
708 1995 827 2038 Legati
849 1995 1133 2037 Constantinopo-

242 2047 319 2079 lim.
347 2043 474 2079 Veriim
497 2043 630 2078 dolosus
642 2043 811 2084 Eutyches
837 2044 1029 2076 omnesillis
1041 2043 1131 2076 obse-

242 2094 327 2129 ravit
349 2106 418 2128 non
445 2093 550 2127 solum
575 2102 683 2135 portas
706 2092 827 2127 Palatii
848 2116 859 2134 ,
886 2092 939 2126 sed
963 2093 997 2126 δε
1017 2092 1129 2126 rimas.

243 2144 325 2179 Haec
337 2144 488 2181 Dioscori
517 2144 551 2177 in
566 2141 763 2183 Domuum,
789 2141 1067 2183 Theodoretum,
1093 2154 1130 2176 ac

240 2194 324 2228 aiios
336 2193 483 2228 Orientis
496 2193 676 2235 Episcopos
689 2193 862 2226 inimIcitia
876 2193 1028 2231 continet
1040 2193 1130 2236 plura

242 2242 418 2289 spestantia
443 2243 482 2275 ad
502 2241 759 2275 Ecclesiasticam
770 2242 990 2276 eruditionem
1005 2266 1016 2282 ,
1046 2241 1130 2276 ideo-

243 2305 307 2336 que
320 2294 421 2337 digna
433 2292 477 2325 est
492 2293 549 2325 suo
561 2301 709 2334 tempore
722 2292 756 2324 &
769 2291 845 2326 loco
857 2292 1020 2326 enucleari
1032 2315 1039 2323 .
1052 2292 1131 2325 Haec

244 2354 346 2386 pauca
375 2340 600 2375 demonstrant
625 2342 752 2374 causam
769 2366 780 2381 ‚
804 2353 845 2374 ex
875 2353 938 2385 qua
963 2340 1131 2385 Eutyches

242 2392 353 2426 noluit
379 2391 420 2425 ad
441 2390 617 2425 Domuum
644 2402 680 2423 ac
707 2390 772 2434 ejus
797 2391 990 2425 Concilium
1016 2403 1129 2435 provo-

241 2454 333 2477 care.

293 2491 331 2526 In
358 2490 488 2525 laudata
511 2489 552 2524 ad
584 2491 737 2524 sanetum
770 2488 969 2525 Flavianum·
996 2491 1131 2533 epistola

240 2542 479 2577 'theodoretus
501 2540 635 2575 adducit
648 2541 681 2574 ὅ(
691 2540 788 2574 aliam
801 2551 943 2575 amaram
967 2541 1107 2575 radicem
1121 2566 1132 2582 ,

241 2604 313 2636 qua:
332 2593 531 2626 Dioscornm
557 2589 753 2631 momordit,
779 2601 816 2624 ac
830 2591 961 2634 impulit
982 2591 1132 2626 adversus

241 2643 439 2681 Domuum:
469 2646 506 2674 In
519 2645 613 2684 Regia
625 2640 696 2675 urbe
706 2646 874 2684 congregati
894 2644 986 2675 Beati
1003 2644 1108 2676 Patres
1121 2667 1132 2683 ‚
1152 2652 1155 2655 ·

241 2705 309 2727 cum
322 2699 365 2727 eis
378 2698 430 2736 qui
443 2692 528 2734 apud
540 2695 575 2725 N
578 2697 682 2724 icaeam
694 2701 891 2725 convenerant
911 2690 1112 2733 conspirantes
1123 2715 1133 2733 ‚

243 2742 389 2786 Dioeceses
403 2742 624 2782 distinxerunt,
646 2739 685 2775 'Ca‘
700 2739 759 2785 sua
775 2743 929 2784 unicuique³
955 2741 1132 2783 Dioecefiad·

238 2793 397 2838 fignarunt
408 2818 419 2833 ,
446 2793 550 2833 aperti?
570 2792 782 2825 interdicentes
794 2804 830 2825 ex
844 2793 942 2826 altera
957 2803 1133 2836 quemquam

246 2842 364 2884 Dioecefi
378 2844 507 2876 alteram
534 2843 676 2875 invadere
685 2866 696 2882 ,
718 2840 778 2885 sed
796 2843 989 2875 Alexandriae
1012 2841 1132 2886 Episco-

246 2899 322 2933 pum
335 2894 536 2925 tantummode
546 2903 593 2925 res
601 2891 806 2932 administrare
816 2895 942 2936 AEgypti
955 2916 966 2932 ,
977 2894 1011 2926 (5
1017 2891 1132 2935 suafin-

244 2942 333 2984 gulas
350 2941 492 2984 Dioeceses
506 2967 513 2974 .
542 2940 691 2985 Dioscorus
714 2945 783 2976 vero
794 2943 902 2986 legibus
922 2942 983 2982 istis
996 2953 1053 2976 non
1066 2945 1133 2977 vult

252 2989 497 3033 acquiescereJed
504 2990 622 3034 sursum
629 3003 662 3026 ac
674 2993 809 3026 deorsum
822 2994 914 3025 Beati
926 2996 1022 3026 Marci
1030 2994 1133 3027 Sedem

251 3041 402 3074 obtendit.
434 3042 526 3083 quue
539 3051 603 3074 cum
614 3042 767 3085 manifesto
775 3045 922 3086 intelligat
932 3044 1134 3087 Megalopolim

250 3089 566 3124 AntiochiamBPetrt
574 3093 676 3125 sedem
686 3092 1132 3137 habere‚quiB.MarciMagister

249 3150 315 3174 erat
326 3166 336 3181 ,
362 3151 400 3173 ac
423 3139 616 3183 Apostolorum
626 3140 716 3175 chori
728 3146 872 3186 Princeps
883 3145 916 3178 Θ
936 3143 1114 3186 Coryphaeus
1125 3169 1132 3177 .

252 3192 361 3227 Verum
379 3202 430 3223 nos
442 3192 529 3224 sedis
535 3189 750 3232 sublimitatem
760 3200 896 3228 novimus
906 3219 916 3236 ,
944 3205 996 3226 nos
1010 3197 1080 3227 vero
1089 3201 1134 3236 ip·

244 3241 296 3286 sos
308 3239 489 3285 agnoscimus
513 3242 547 3275 (9·
558 3247 694 3275 metimur
704 3266 711 3274 .
743 3245 951 3279 Humilitatem
967 3249 1045 3277 enim
1062 3247 1132 3287 Apo-

245 3291 375 3332 stolicam
387 3293 407 3323 ἃ
414 3296 562 3334 principio
574 3292 732 3325 didicimus
745 3317 752 3325 .
780 3296 874 3327 Tuam
880 3297 970 3337 porrb
987 3295 1133 3328 5anc‘lita-

249 3351 309 3378 tem
322 3340 497 3384 obsecramus
508 3365 519 3383 ,
547 3351 581 3376 ut
593 3343 687 3385 neque
698 3340 815 3386 sant‘los
828 3348 968 3385 Ganones
985 3346 1135 3387 promica-

1881 79 1980 120 299

1173 151 1218 176 tos
1230 140 1373 186 despiciat
1388 162 1400 179 ,
1422 142 1457 174 (5
1463 139 1577 184 sanllae
1586 144 1660 188 fidei
1669 145 1862 190 defenfionem
1880 149 2047 184 aiacrtani-

1176 205 1223 227 mo
1238 191 1381 236 suscipiat
1394 214 1401 224 .
1429 195 1467 225 In
1485 190 1542 224 bac
1552 204 1677 237 namque
1684 195 1807 241 pofitam
1816 196 2049 242 habemaesspem

1170 242 1279 287 salutis
1290 268 1301 283 ‚
1328 243 1361 275 et
1376 249 1434 284 per
1454 253 1522 277 eam
1543 252 1594 274 nos
1615 251 1735 280 veniam
1757 249 1918 290 adepturos
1934 247 2052 293 confidi·

1177 305 1244 327 mus
1256 317 1263 325 .
1291 296 1329 325 Ut
1339 299 1437 325 autem
1447 290 1498 326 boc
1509 303 1622 336 quoque
1633 295 1782 330 saunitas
1790 306 1842 332 tua
1853 308 1910 331 non
1919 303 2050 344 ignoret,

1170 342 1413 389 ftitquomine,
1438 341 1606 378 hancillum
1617 343 1778 376 adversum
1800 345 2053 391 nospufillanimlq

1176 403 1268 428 tatem
1274 404 1379 438 gerere
1391 417 1403 433 ‚
1427 404 1466 427 ex
1483 403 1541 436 quo
1553 394 1699 438 synodicis
1710 392 1813 433 vestris
1828 394 1882 440 sub
1889 395 1983 431 beatae
1994 390 2054 433 me}-

1176 449 1276 478 moriae
1299 445 1401 477 Proclo
1412 442 1510 486 fallis
1522 468 1534 484 ‚
1555 441 1725 489 sane‘lorum
1746 445 1873 477 Panum
1883 450 1989 491 regulis
2008 453 2056 483 in-

1176 494 1344 535 baerentes,
1371 491 1547 535 adhaefimus
1560 518 1567 526 .
1594 497 1636 527 Ac
1656 493 1694 527 de
1719 491 1771 527 boc
1792 504 1845 527 nos
1862 493 1953 537 semel
1964 499 2056 541 atque

1176 546 1292 590 iterum*
1303 545 1458 587 inerepaffe
1470 569 1481 584 ‚
1492 586 1495 589 .
1508 542 1591 586 quast*
1600 545 1634 577 et
1658 541 1902 579 antiochenorum
1914 567 1924 583 ‚
1950 555 1982 578 ut
1991 553 2035 580 ait
2044 571 2057 588 ,

1177 596 1210 627 (τ
1234 594 1505 629 Alexandrinorum
1520 595 1598 634 jura
1604 595 1829 636 prodiderimus
1843 619 1851 626 .
1875 596 1983 627 Horum
2004 606 2062 637 me·-

1179 655 1240 676 mor
1251 666 1261 682 ‚
1285 644 1475 691 tempusque,
1500 652 1532 680 ut
1546 649 1574 678 ei
1589 641 1685 690 vificm
1696 643 1735 686 est
1746 669 1758 688 ,
1784 643 1910 684 nudus,
1934 648 2063 680 inimici-

1178 699 1237 726 tias
1245 694 1395 736 patefacit
1408 720 1416 728 .

1228 743 1599 789 Constantinopolitana
1621 742 1775 788 synodus
1807 754 1863 788 per
1889 745 1984 781 suum
2017 745 2064 781 se·

1180 793 1326 828 cundum
1349 795 1522 829 Canonem
1535 793 1700 840 Episcopo
1720 793 2065 838 Constantinopolita-

1183 856 1226 877 no
1250 844 1341 878 dedit
1363 844 1541 879 secundum
1562 845 1598 881 in
1624 842 1767 880 Ecclesia
1778 843 1888 878 locum
1902 870 1909 877 .
1937 842 2067 880 Verum

1183 892 1269 928 nulla
1282 895 1346 928 fuit
1357 896 1439 929 facta
1450 897 1604 930 executio
1622 906 1629 927 :
1658 894 1731 931 Nec
1743 893 1803 931 sub
1814 893 1969 930 Neaario
1981 918 1993 935 ,
2004 905 2066 930 nec

1183 943 1239 976 sub
1262 944 1380 978 Sancto
1402 945 1529 989 Joanne
1548 943 1810 987 Chrysostomo,
1835 954 1897 978 nec
1923 940 1980 979 sub
1992 944 2067 980 aliis

1182 992 1280 1036 usque
1300 994 1341 1027 ad
1356 994 1510 1029 Sanctum
1535 993 1691 1030 proclum
1712 992 1967 1029 Succefforibus.
1995 994 2068 1029 Hic

1183 1040 1262 1087 ergo
1273 1044 1500 1079 executionem
1520 1043 1670 1081 obtinuit
1691 1044 1733 1081 ab
1744 1045 1943 1088 Imperatore
1952 1040 2070 1080 Theo-

1184 1091 1276 1126 dosio
1289 1116 1301 1133 ,
1327 1092 1424 1136 atque
1445 1094 1489 1128 ita
1515 1095 1717 1138 Synodicam
1740 1096 1830 1129 suam
1841 1094 1927 1129 misit
1947 1092 2074 1136 &Ale-j

1184 1141 1353 1178 xandriam
1365 1142 1399 1176 δε
1411 1142 1629 1180 Antiochiam
1642 1168 1654 1186 ‚
1681 1143 1840 1181 mandans
1855 1143 1987 1181 admitti
2000 1143 2073 1178 Ca-

1186 1203 1307 1228 nonem
1330 1192 1365 1226 &
1385 1191 1551 1227 observari
1571 1218 1579 1226 .
1607 1194 1741 1228 Sanetus
1766 1194 1943 1229 Flavianus
1964 1194 2073 1231 fuerat

1186 1241 1292 1277 Saneti
1306 1241 1418 1278 Procli
1434 1242 1626 1288 Presbyter,
1651 1241 1793 1286 ideoque
1806 1242 1947 1276 omnino
1957 1253 2076 1285 coope-

1186 1301 1291 1326 ratus.
1319 1291 1363 1326 Et
1385 1291 1541 1327 Domnus
1563 1290 1797 1327 Antiochenus
1822 1316 1834 1332 ,
1860 1290 1918 1326 sub
1943 1291 2076 1334 quibus-

1187 1341 1263 1377 dam
1289 1350 1398 1376 tamen
1424 1339 1676 1377 conditionibus
1700 1341 1734 1376 dc
1764 1341 1869 1376 Paetis
1890 1364 1902 1381 ,
1928 1340 2075 1376 admisit.

1190 1392 1332 1436 Ejusque
1367 1392 1521 1438 Synodus
1551 1390 1781 1437 comprobavit
1801 1416 1809 1425 .
1839 1389 2077 1427 Theodoretus

1187 1443 1251 1486 jam
1276 1441 1368 1476 dedit
1391 1443 1519 1478 causam
1540 1453 1548 1476 :
1574 1443 1661 1477 Sedis
1677 1439 1893 1487 sublimitatem
1913 1446 2076 1484 novimus,

1188 1504 1238 1527 nos
1250 1490 1409 1535 veroipfhs
1419 1490 1614 1537 cognoscimus
1639 1493 1673 1526 (9¹
1686 1497 1824 1525 metimur
1835 1516 1842 1523 .
1869 1492 2078 1529 Humilitatem

1188 1548 1266 1577 enim
1290 1542 1476 1587 Apostolicam
1503 1545 1524 1577 ἃ
1542 1547 1692 1586 principio
1712 1543 1869 1577 didicimus
1895 1566 1904 1576 .
1930 1543 1978 1577 At
1998 1540 2078 1576 vert)

1189 1593 1371 1630 Dioscorus
1384 1591 1640 1627 constantissime
1654 1592 1761 1626 noluit
1774 1591 1978 1634 acquiescere
1989 1614 2001 1631 ‚
2020 1589 2079 1627 sed

1185 1641 1306 1689 sursum
1326 1654 1360 1676 ac
1379 1643 1516 1678 deorsam
1538 1644 1631 1676 Beati
1654 1644 1751 1676 Marci
1783 1643 1888 1677 Sedem
1923 1640 2078 1676 obtendit.

1191 1692 1346 1727 Clamans
1368 1694 1470 1736 ipsam
1497 1703 1556 1727 nec
1580 1704 1636 1737 per
1669 1690 2080 1734 Constantinopolitanam

1190 1742 1362 1787 synodum
1378 1768 1388 1784 ,
1413 1754 1473 1776 nec
1498 1753 1554 1786 per
1577 1744 1698 1776 sacram
1721 1742 1884 1785 Principis
1905 1741 2078 1785 juffionem

1191 1793 1352 1837 potuisse,
1379 1803 1435 1827 aut
1456 1793 1544 1836 posse
1561 1789 1747 1827 humiliari.
1775 1791 1820 1825 Et
1845 1791 2021 1827 Domuum
2034 1791 2079 1827 se-

1192 1844 1254 1877 mel
1264 1843 1362 1889 atque
1374 1842 1491 1877 iterum
1505 1842 1666 1887 increpuit
1676 1866 1688 1884 ,
1715 1841 1886 1888 quodnon
1898 1841 1998 1876 solius
2008 1840 2079 1877 An-

1193 1891 1353 1926 tiochenae
1366 1917 1376 1932 ,
1402 1893 1455 1925 sed
1467 1894 1565 1926 etiam
1578 1893 1812 1928 Alexandrina:
1823 1890 1993 1926 Cathedrae
2008 1891 2080 1934 jura

1194 1941 1382 1985 prodidisset
1395 1967 1402 1973 .
1428 1941 1523 1976 Hinc
1538 1942 1572 1974 in
1584 1941 1689 1985 ipsum
1701 1954 1737 1976 ac
1749 1942 1831 1977 item
1842 1943 1996 1977 Sanctum
2005 1939 2080 1977 Fla-

1194 1993 1327 2025 vianum
1351 1992 1505 2035 concepit
1524 1991 1661 2033 odium,
1689 1991 1803 2026 dicens
1825 1991 1912 2036 apud
1933 1991 2080 2036 semetip-

1194 2042 1281 2074 sum:
1309 2043 1386 2072 Cum
1399 2049 1536 2082 accepero
1548 2049 1666 2084 tempus
1676 2066 1686 2082 ‚
1712 2054 1761 2086 ego
1763 2041 1899 2081 justitias
1909 2041 2053 2084 judicabo
2069 2066 2080 2075 .

1194 2091 1273 2123 Hoc
1284 2100 1393 2123 autem
1405 2101 1533 2132 tempus
1546 2089 1700 2129 advenit,
1726 2092 1805 2124 dum
1818 2092 1972 2124 Domnus
1981 2091 2080 2135 coepit

1195 2137 1431 2182 sancticyrilli
1445 2139 1598 2174 damnare
1617 2139 1793 2184 Capitula,
1818 2140 1851 2174 ὅ(
1872 2139 2019 2175 Diodori
2041 2152 2080 2176 ac

1193 2189 1369 2224 Theodori
1392 2190 1547 2234 dogmata
1570 2190 1605 2225 δε
1625 2189 1748 2234 Scripta
1771 2189 1971 2234 synodaliter
1991 2200 2081 2226 com-

1195 2241 1347 2274 mendare
1369 2264 1376 2271 .
1402 2239 1557 2274 Omnino
1581 2250 1658 2275 ante
1680 2239 1877 2284 Eutychetis
1898 2239 2081 2276 damnatio-

1195 2301 1269 2323 nem
1281 2315 1288 2322 .
1319 2289 1422 2323 Tunc
1444 2289 1523 2335 ergo
1536 2289 1715 2327 Dioscorus
1727 2292 1901 2326 Domuum
1915 2315 1926 2332 ,
1952 2302 1990 2325 ac
2010 2302 2082 2326 om-

1197 2351 1252 2373 nes
1264 2339 1332 2383 ejus
1346 2339 1527 2383 Episcopos
1541 2339 1709 2374 damnavit
1721 2340 1762 2375 de
1775 2340 1929 2375 Nestorio
1941 2364 1952 2383 ‚
1977 2351 2014 2374 ac
2025 2341 2081 2376 so*

1195 2389 1345 2423 lemniter
1367 2389 1651 2425 anathematizavit
1664 2415 1671 2424 .

1243 2439 1337 2472 Hinc
1350 2437 1516 2484 intelliges
1528 2440 1611 2474 Aeta
1623 2439 1902 2474 Chalcedonensis
1915 2440 2062 2476 concilii
2072 2443 2085 2475 .’

1195 2489 1375 2523 Dioscorus
1396 2491 1430 2522 in
1445 2487 1605 2532 Ephesino
1619 2489 1813 2523 Latrocinio
1824 2489 1965 2532 primum
1984 2491 2082 2525 inva-

1195 2541 1231 2573 sit
1257 2539 1389 2579 locum,
1417 2538 1593 2573 secundum
1607 2538 1739 2581 Juliano
1752 2538 1871 2572 Coensi
1895 2539 2082 2584 Episcopo,

1195 2589 1302 2624 Sancti
1324 2589 1447 2623 Leonis
1472 2589 1565 2632 Papae
1589 2587 1743 2633 Legato‚
1769 2589 1903 2623 tertium
1929 2589 2082 2633 Juvenali

1195 2639 1437 2683 Hierosolymae
1463 2639 1626 2683 Episcopo
1640 2663 1650 2679 ,
1677 2647 1827 2683 quartum
1849 2640 1990 2673 Domno
2011 2640 2082 2674 An-

1196 2688 1353 2723 tiocheno
1375 2714 1386 2730 ,
1413 2690 1565 2733 quintum
1600 2689 1717 2723 detulit
1750 2689 1869 2723 Sancto
1898 2689 2080 2726 Flaviano.

1197 2741 1286 2774 Dum
1300 2738 1378 2784 crgo
1389 2738 1455 2773 haec
1468 2739 1682 2774 Chalcedone
1701 2740 1903 2784 legerentur,
1930 2739 2082 2774 Orienta-

1196 2791 1240 2825 les
1253 2790 1403 2833 Episcopi
1427 2791 1692 2829 intercefferunt,
1719 2791 1753 2825 δε
1777 2789 1979 2824 clamarunt:
2008 2790 2081 2824 Fla-

1195 2846 1306 2874 vianus
1323 2846 1356 2875 in
1361 2847 1481 2883 proprio
1490 2842 1546 2874 loco
1558 2842 1649 2882 quare
1669 2852 1725 2873 non
1737 2838 1818 2883 sedit
1832 2840 1848 2871 ἒ
1875 2838 2079 2879 Constantino-

1190 2892 1359 2933 politanum
1392 2889 1571 2934 Episcopum
1607 2892 1699 2931 quare
1732 2895 1869 2932 quintum
1894 2888 2080 2933 posuerunt?

1197 2940 1325 2984 Nempe
1348 2940 1529 2974 Dioscorus
1547 2941 1580 2974 ὅ(
1593 2939 2003 2983 Constantinopolitanum
2016 2938 2079 2973 Ca·

1197 3002 1336 3030 nonem,
1368 2990 1401 3024 &
1422 2989 1582 3033 Principis
1602 2989 1795 3032 juffionem,
1820 2989 1854 3023 δι
1876 2988 2078 3025 Prodicum

1197 3043 1335 3075 Domno
1349 3039 1444 3075 Pasta
1458 3040 1588 3084 sprevit:
1618 3041 1779 3084 Obtinere
1790 3038 1895 3075 voluit
1908 3038 2078 3084 antiquam

1199 3091 1342 3125 Ecclefiae
1354 3090 1600 3126 Hierarchiam.
1630 3090 1674 3124 Et
1683 3089 1832 3124 adversus
1851 3089 1944 3124 istam
1954 3087 2022 3132 ejus
2043 3089 2079 3122 fi-

1196 3141 1325 3176 duciam
1337 3141 1522 3175 Orientales
1531 3139 1534 3142 ”
1543 3139 1695 3185 Episcopi
1706 3163 1717 3180 ‚
1742 3141 1898 3185 quoniam
1910 3139 2006 3173 Pasta
2018 3138 2078 3172 ista

1197 3191 1430 3237 probaverant,
1456 3191 1728 3226 consurrexerunt
1749 3215 1756 3223 .
1785 3190 1827 3225 Et
1847 3191 1981 3225 Sanctus
2004 3187 2078 3224 Pas·

1197 3242 1368 3281 chafinus,
1394 3241 1541 3285 Lilybeti
1566 3242 1745 3285 Episcopus
1765 3263 1777 3280 ‚
1802 3238 2076 3274 Chalcedonensis

1198 3291 1325 3338 Synodi
1336 3290 1549 3335 Apostolicus
1562 3291 1678 3326 Praeses
1692 3315 1703 3332 ‚
1728 3290 1792 3324 illis
1803 3291 1902 3327 favit:
1926 3292 2001 3324 Ecce
2013 3298 2075 3325 nos,

1199 3346 1259 3379 Deo
1282 3342 1397 3378 volente
1419 3366 1430 3384 ‚
1455 3344 1617 3378 Dominum
1639 3342 1808 3376 Anatolium
1835 3344 1967 3383 primum
1988 3336 2076 3371 babe-

1942 3397 2027 3427 mus,
