2326 3718
671 117 955 163 Rommus
989 107 1575 163 Appsrrmmmws.

221 198 263 233 ξἰἰ
275 196 451 246 Augustini
474 208 585 236 euram
609 197 646 234 δε
666 196 878 242 potestatem,
903 195 1000 232 nobis
1022 196 1099 240 sug·-

211 249 340 296 sserune
356 249 543 286 Eonomius
565 246 824 285 Nicomediensis
855 247 888 281 δε
910 245 1097 282 Anastasius

210 307 376 341 Nicaenus
395 301 599 345 Episcopus,
623 299 659 333 in
682 296 940 332 Chalcedonensi
959 295 1097 339 Synodo

211 356 432 397 disceptantes
441 350 482 386 de
492 348 737 394 Metropolitica
747 347 904 390 potestate
916 358 972 391 per
983 343 1099 388 Bithy·

209 404 281 440 ¹niae
291 403 502 438 Provinciam
515 425 525 441 ,
551 413 588 436 ac
602 397 768 444 praesertim
780 398 821 432 de
830 398 987 441 potestate
1008 397 1100 440 super

209 454 397 489 ‘Ecclesiam
418 449 793 492 Basilono·Politanam
815 471 827 488 ‚
862 449 1038 482 extradiam
1058 456 1100 479 ex

208 503 354 539 ’Nicaena
366 503 509 538 Ecclesia
520 525 532 542 ‚
558 501 592 534 ὅτ.
601 509 656 543 per
667 496 762 541 hujus
775 497 974 542 Episcopum
997 496 1099 530 etesia

213 554 253 590 in
266 553 487 589 cathedram..
510 549 679 585 Eunomio
690 548 865 594 alleganti,
895 545 985 592 quod
1004 545 1100 579 Ana·-

214 604 325 640 stasius
346 600 583 644 Basilonopolis
595 598 741 633 Clericos
765 595 1076 633 excommunicaffet
1087 618 1099 635 ,

35 667 197 705 aaron„
209 663 315 700 ⁴atque
327 655 370 690 ita
382 662 497 689 contra
509 650 666 684 Canones
676 648 833 683 invasisset
855 648 997 683 alienam
1009 656 1099 690 pote-

214 706 332 741 statem
349 729 362 746 ,
387 701 647 737 hie-constanter
670 699 812 742 reposuit
832 710 843 730 z
866 696 1010 737 ostendat
1027 700 1098 739 quia

216 750 486 799 Bafflonopolissub
507 749 572 794 ipso
582 750 619 791 est
631 775 642 791 ,
668 750 702 784 (5
714 754 787 791 quia
795 759 846 792 ego
856 749 980 781 clericos
999 745 1096 779 Eccle-

211 805 264 848 fiae
283 804 349 849 suae
374 805 635 837 excommunicatos
661 798 741 840 effeci
761 824 768 832 .
796 805 870 835 Haec
894 799 952 831 duo
970 797 1094 840 probet.

213 859 284 900 'Ego
292 863 392 889 autem
405 853 552 893 ostendam
569 849 790 892 Bafilonopolim
795 846 852 891 sub
864 852 975 882 Nicaea
982 846 1097 891 semper

210 906 300 951 fuiffe
312 931 319 938 .
348 909 434 937 Nam
445 907 535 946 Regio
560 902 623 942 ejus
639 899 724 941 fuit.
751 901 791 932 Id
807 905 893 932 novit
912 902 1007 931 Curia
1019 922 1031 929 .,
1053 899 1098 928 Et

213 958 296 990 dicat
311 959 405 988 Curia
417 953 440 994 ,'
452 951 507 996 sub
518 962 575 993 quo
581 950 647 990 fuit
658 947 866 989 Bafilonopolis
876 970 888 987 ‚
906 946 938 987 fi
955 958 1013 980 non
1028 945 1098 987 fuit

215 1011 310 1050 Regio
320 1009 355 1038 N
357 1010 437 1038 icaeae
448 1027 455 1034 .
483 1003 562 1034 sicut
574 1000 712 1037 Tattajus
727 998 760 1030 6*
771 1000 860 1029 Doris
874 1000 1016 1039 Regiones
1023 993 1098 1038 sunt

211 1055 269 1100 'sub
278 1059 387 1087 Nicaea
399 1075 410 1091 ,
428 1051 469 1092 fic
471 1050 539 1090 suit
547 1045 955 1089 antebiicssafilonopolisfiab
967 1049 1078 1079 Nicaea
1089 1069 1096 1077 .

208 1104 293 1137 -Cz'im
307 1102 394 1143 prius
410 1099 514 1142 suffit
535 1101 648 1141 Regio,
670 1096 768 1138 pfflec}
781 1100 903 1129 Civitas
926 1095 1029 1136 εἶσθα
1040 1093 1096 1135 est.

210 1156 268 1186 Ex
288 1151 342 1185 iilo
364 1147 552 1192 perspicuum
573 1147 611 1188 est
623 1146 662 1180 ab
674 1145 818 1189 Epiftopo
840 1150 967 1180 Nicaeno
989 1145 1099 1180 ibidem

211 1199 392 1245 ‘Bpifiopum
409 1199 499 1242 fuiffe
510 1199 700 1231 ordinatum:
729 1199 774 1229 Et
793 1195 887 1240 semel
910 1194 1098 1239 &Ji-cundo.

208 1255 259 1286 'Ee
267 1250 339 1295 sunt
352 1249 476 1292 epiflolae
488 1251 580 1282 Beati
584 1250 617 1293 J
619 1252 723 1280 oannis
734 1245 875 1289 Episcopi
894 1246 1100 1286 Constantino-

210 1303 338 1346 politani
359 1302 403 1332 ad
419 1295 581 1333 Nicaenubz
603 1295 802 1340 Episcopum,
827 1305 861 1330 ut
881 1301 937 1330 iret
964 1298 1099 1330 &emen-

213 1354 303 1386 daret
329 1349 486 1391 Ecclefiam
509 1372 521 1389 ‚
555 1349 714 1391 tamquam
731 1346 849 1388 sibimet
863 1354 1099 1389 competentem.

211 1402 367 1437 Affirmat
389 1400 529 1434 Nicaeno
551 1397 717 1443 Episcopo
743 1398 838 1441 super
848 1382 968 1431 nosvam
979 1396 1101 1431 Basilo-

208 1451 346 1495 nopolis
369 1450 545 1484 Ecclesiam
568 1448 747 1483 remanfiffe
765 1447 931 1491 duplicem
958 1447 1100 1491 potesta·-

209 1512 296 1537 tem:
327 1500 395 1535 Uti
407 1500 500 1534 matri
523 1500 613 1543 supet
623 1498 744 1532 filiam.
775 1498 864 1532 Nam
891 1498 926 1532 δε
947 1497 1101 1532 Parentes

209 1553 312 1587 etiam
339 1552 375 1584 in
400 1551 625 1594 emancipatos
648 1548 735 1582 filios
747 1548 869 1592 semper
889 1548 1032 1582 retinent
1043 1548 1101 1582 ali-

208 1601 292 1647 quid
314 1599 547 1637 authoritatis.
582 1598 735 1633 Affirmat
756 1598 937 1641 remansisse
958 1595 1101 1634 Ordina-

206 1654 338 1688 tionem
350 1651 505 1694 Episcopi
519 1674 531 1690 ,
557 1650 695 1693 &ipsius
708 1648 858 1684 Ecclesiae
881 1649 1099 1684 visitationem

206 1703 243 1738 ἃ
265 1701 498 1736 σοῐῐεέὶίοηειη
516 1725 523 1732 .
550 1699 727 1736 Ecclesiam
753 1698 900 1734 manfifle
918 1698 1029 1733 adhuc
1050 1699 1099 1733 illi

206 1748 451 1795 competentem
461 1775 468 1782 .
502 1750 552 1783 Ex
565 1750 682 1784 eodem
693 1750 857 1794 principio
871 1748 1100 1784 Nundinarius

204 1800 494 1838 Barchinonensis·
508 1799 689 1844 Episcopus
710 1823 722 1839 ‚
748 1802 782 1834 in
809 1800 921 1835 nescio
946 1811 1014 1844 quo
1038 1800 1099 1834 suae

204 1853 364 1887 Dioecesis
383 1850 569 1894 municipio
603 1859 729 1885 novum
754 1850 988 1895 Episcopatum
1010 1850 1098 1884 insti-

206 1911 324 1943 tuens,
347 1905 491 1947 primum
511 1900 579 1944 ejus
588 1900 787 1944 Episcopum
808 1900 964 1935 Irenaeum
987 1901 1099 1934 conse·

205 1953 332 1994 ctavit,
358 1954 394 1988 ἀ
414 1951 483 1995 ejus
502 1952 702 1999 successores
725 1959 933 1994 perrexerunt
948 1950 1035 1985 idem
1048 1949 1099 1992 jus

205 2003 403 2048 praetendere
415 2028 423 2035 .
451 2004 500 2037 lta
516 2001 617 2036 habes
637 2001 672 2035 in
683 1999 940 2036 Tarraconensis
962 2000 1098 2034 Provin-

205 2053 267 2087 tiae
279 2053 436 2087 relatione
447 2052 488 2087 ad
499 2053 652 2086 Sanctum
665 2050 788 2093 Papam
800 2051 958 2085 Hilarum
970 2075 978 2083 .
995 2048 1098 2096 Qod

207 2102 311 2136 etiam
330 2102 464 2135 Sanstus
477 2100 653 2144 Remigius
677 2100 711 2132 in
725 2100 975 2133 Laudunensem
987 2099 1099 2133 Eccle-

207 2152 287 2193 siam
302 2176 312 2192 ‚
338 2162 437 2195 quarn
449 2148 467 2184 ὲ
477 2150 533 2184 sua
546 2148 724 2183 Rhemensi
743 2147 988 2184 dismembrarat
1000 2173 1012 2189 ‚
1037 2149 1099 2182 sm·

205 2202 323 2246 gulare
331 2200 382 2242 jus
393 2200 560 2240 habuerit,
588 2200 623 2234 δι
637 2199 678 2234 ad
689 2199 764 2234 suos
780 2200 979 2234 Succeffores
999 2199 1096 2232 trans-

206 2251 331 2286 miserit
357 2273 369 2289 ,
396 2250 526 2283 testatur
549 2250 583 2282 δε
610 2257 703 2292 urget
735 2249 771 2282 in
796 2249 921 2282 famosa
946 2247 1098 2283 adversus

206 2300 434 2334 Hincmarum
456 2298 707 2333 Laudunensem
730 2298 925 2332 Antistitem
963 2297 1097 2341 epistola

205 2347 410 2383 Hincmarus
426 2348 643 2391 Metropolita
667 2346 877 2382 Rhemensis.
908 2347 1033 2382 Eadem
1059 2348 1098 2380 de

209 2400 306 2433 causa
329 2397 490 2432 Roffensis
518 2397 698 2440 Episcopus
721 2398 844 2441 semper
865 2398 927 2431 fuit
940 2400 1025 2441 quasi
1037 2398 1099 2431 Ca-

209 2449 359 2493 pelianus
383 2445 655 2490 Archi-Episcopi
685 2447 949 2481 Cantuariensis.
979 2449 1031 2481 Ex
1042 2458 1098 2481 ea-

207 2499 286 2534 dem
298 2498 429 2532 forsitan
445 2497 573 2541 Regula
586 2495 743 2531 Eusebius
757 2496 955 2540 Ancyranus
967 2497 1098 2540 Episco-

210 2560 271 2593 pus
294 2573 304 2588 ‚
332 2549 442 2591 primae
460 2547 597 2581 Galatiae
618 2546 835 2590 Metropolita
863 2571 874 2588 ,
901 2548 936 2581 in
959 2546 1098 2582 Chalce-

208 2599 343 2634 donensi
366 2598 504 2640 Synodo
521 2597 649 2632 asseruit
677 2607 776 2640 atque
798 2597 992 2632 monstravit
1004 2597 1043 2631 ad
1067 2597 1097 2632 se

208 2660 247 2683 ae
267 2649 356 2683 suam
383 2648 499 2683 Sedem
521 2649 642 2692 semper
659 2648 805 2690 spestass‘e
819 2649 1096 2682 consecrationem

209 2698 411 2744 Gangrenfis
434 2698 610 2742 Episcopi,
637 2697 858 2740 Metropolitae
886 2709 940 2742 per
954 2698 1097 2742 Paphla-

209 2749 346 2794 goniam
357 2774 364 2781 .
395 2747 499 2795 Qod
511 2758 629 2791 nempe
647 2747 844 2792 Gangrensis
856 2748 996 2783 Ecclesia
1006 2772 1016 2788 ,
1027 2759 1095 2783 non

209 2798 343 2842 quidem
363 2810 404 2832 ex
417 2798 560 2840 Ancyrae
572 2796 733 2832 Parochia
748 2821 759 2838 ,
785 2798 838 2833 sed
855 2807 965 2833 tamen
979 2798 1097 2842 exejus

206 2847 385 2884 Provincia
411 2848 551 2883 duxiflet
576 2848 761 2893 originem.
790 2847 913 2883 Eadem
936 2849 1037 2894 igitur
1055 2850 1096 2883 de

208 2899 306 2932 causa
326 2900 459 2933 Sanstus
483 2897 690 2943 Augustinus
705 2898 832 2941 aliquid
843 2900 1012 2943 potestatis
1024 2899 1096 2933 reti-

208 2945 286 2981 nuit
310 2947 400 2991 supra
422 2948 637 2983 Fussalensem
658 2948 831 2982 Ecclesiam
854 2974 861 2982 .
895 2949 989 2984 Hinc
1009 2950 1095 2984 dixit

210 2996 311 3031 istum
322 2995 549 3039 Presbyterum
561 2997 601 3033 ad
614 2999 701 3033 suam
713 3010 823 3033 curam
836 2999 995 3042 pertinere
1006 3025 1013 3032 .
1041 3000 1094 3034 Ex

207 3045 265 3081 liis
276 3047 365 3090 spero
377 3047 440 3081 esse
454 3048 661 3083 manifestum
674 3073 684 3090 ,
711 3048 799 3093 quod
814 3049 927 3084 omnia
938 3049 1006 3084 haec
1017 3061 1095 3084 con·

209 3106 261 3131 tra
290 3095 455 3134 laudatam
478 3097 772 3143 SaneiiAugustini
795 3099 988 3142 epistolam,
1014 3100 1092 3136 &in

208 3147 280 3191 ipsa
301 3148 428 3181 assertas
451 3145 682 3183 Africanorum
706 3149 904 3184 Antistitum
926 3150 1094 3186 Romanas

207 3196 447 3240 appellationes
458 3197 641 3240 excogitata
668 3206 765 3242 atque
776 3199 911 3236 adducta
927 3212 1094 3247 argumen-

212 3255 246 3282 ta
257 3247 319 3281 sint
331 3257 413 3281 vana
437 3256 476 3280 ac
494 3246 605 3281 inania
616 3257 821 3284 commenta--

316 3444 423 3487 Christ.
435 3450 514 3491 Lupi
522 3451 622 3491 Opera
632 3450 666 3481 T.
677 3451 760 3483 Vm.

1874 133 1969 180 243

1297 271 1340 317 c
1376 271 1419 318 A
1453 268 1489 316 Ρ
1522 269 1571 316 u
1605 268 1647 317 T
1729 265 1902 324 xxiv.

1161 405 1425 475 Difiutiuntur
1460 404 1665 474 novfflma
1713 411 1956 475 quorumdam
1991 411 2044 459 ad

1216 477 1417 527 laudatam
1429 483 1460 527 S
1460 477 1770 597 anglcihss‘gustini
1781 481 1987 547 Epistolam

1264 698 1326 734 lhil
1339 699 1461 735 tristius
1486 710 1543 736 aut
1554 700 1702 736 acerbius
1719 701 1764 737 est
1776 719 1789 743 ,=
1813 712 1911 746 quam
1932 702 2048 747 pretio-

1289 751 1361 785 sum
1384 761 1422 785 ac
1433 750 1646 786 irrevocabile
1668 760 1796 795 tempus
1809 753 1844 787 in
1859 753 1984 788 lucidas
1997 764 2047 788 res

1160 799 1341 843 expendere
1365 825 1372 832 .
1409 800 1569 836 Attamen
1592 803 1702 836 cuncti
1726 803 1902 838 immensas
1926 803 2048 849 gratias

1160 849 1316 884 debemus
1329 850 1463 885 Divinae
1485 849 1704 886 Providentiae
1714 876 1728 893 ,
1754 863 1823 896 quae
1833 853 1990 898 dignatur
2000 863 2049 888 et·

1163 900 1226 934 iam
1249 900 1380 943 pertale
1399 912 1483 945 opus
1508 912 1657 937 exercere
1676 901 1822 937 nostram
1835 902 2046 946 patientiam.

1161 949 1337 983 Noviffimi
1351 951 1889 997 Augustinianarum‘epistolarum
1901 954 2050 998 vulgato-

1160 1008 1209 1033 res
1232 998 1268 1031 &
1279 997 1465 1034 Scholiasta:
1477 1003 1533 1036 sua
1542 1001 1584 1037 ad
1596 1002 1761 1038 laudatam
1770 1003 1943 1047 epistolam
1951 1002 2050 1038 Scho-

1162 1047 1204 1082 lia
1217 1048 1421 1084 concludunt
1435 1049 1472 1084 in
1484 1049 1553 1086 haec
1573 1052 1670 1087 verba
1681 1066 1692 1087 .·
1718 1057 1840 1088 Notata
1854 1052 1919 1088 baec
1928 1052 1989 1095 fini
2007 1053 2054 1086 ad

1160 1097 1375 1132 conciliandam
1395 1098 1487 1141 fidem
1509 1100 1578 1136 huic
1603 1102 1727 1144 epistolae
1752 1100 2055 1146 , quam Eruditit

1162 1149 1309 1182 nonnullis
1329 1153 1363 1181 in
1376 1147 1570 1191 suspicionem
1594 1152 1702 1194 veniffe
1724 1155 1917 1196 intelligimus
1938 1178 1945 1186 .
1973 1153 2054 1188 Resd

1163 1195 1293 1243 pendeo
1312 1197 1380 1232 duo
1405 1197 1440 1232 in
1460 1197 1548 1233 hisce
1567 1199 1673 1234 verbis
1694 1200 1879 1244 displicere.
1902 1203 2053 1237 Primum

1162 1248 1209 1283 est
1226 1272 1239 1289 ,
1264 1248 1353 1291 quod
1375 1247 1418 1282 dc
1438 1247 1597 1293 legitimis
1622 1261 1661 1285 ac
1686 1249 1884 1285 authenticis
1909 1252 2054 1295 epistolae

1164 1296 1325 1333 natalibus
1338 1297 1425 1342 quafi
1437 1298 1611 1342 dubitent3
1638 1300 1729 1344 quod
1742 1300 1904 1345 intrepide
1924 1297 1995 1336 non
2006 1302 2055 1336 as-

1164 1349 1270 1383 serant
1292 1347 1356 1382 effe
1381 1348 1536 1383 veraciter
1560 1359 1599 1383 ac
1622 1349 1729 1385 lucide
1753 1349 2051 1396 Augustiniamm.

1164 1396 1295 1442 Nempe
1318 1406 1469 1432 verentur
1491 1397 1652 1443 quosdam
1675 1401 1735 1435 suae
1755 1400 1864 1446 gentis
1876 1400 2061 1438 Eruditosz,

1163 1448 1243 1483 Hoc
1266 1447 1312 1482 est
1325 1473 1338 1490 ‚
1363 1448 1511 1493 quasdam
1530 1449 1626 1484 Sacra
1648 1448 1744 1494 hujus
1764 1451 1870 1485 saeculi
1893 1451 2053 1497 ingenia,

1164 1509 1304 1544 quorum
1327 1500 1446 1534 unicus
1469 1499 1587 1544 scopus
1597 1499 1643 1534 est
1654 1501 1884 1536 sacrosanctam
1895 1500 2055 1536 Christia-

1165 1560 1213 1583 nae
1225 1547 1413 1593 Religionis
1423 1547 1654 1585 Menai-chiam
1665 1551 1927 1586 circumscribere
1938 1578 1945 1584 .
1974 1552 2055 1585 Exi·

1163 1599 1237 1633 miae
1260 1598 1448 1643 Religionis
1472 1610 1512 1634 ac
1531 1599 1739 1635 Eruditionis
1767 1602 1854 1635 viros
1879 1601 2052 1645 oportebat

1165 1648 1286 1683 imitari
1308 1649 1402 1683 istam
1417 1649 1520 1693 ipsam
1543 1650 1652 1685 Sanffi
1665 1650 1846 1696 Augustini
1858 1651 2030 1695 epistolam
2040 1677 2049 1686 .

1165 1699 1301 1734 Sanetus
1311 1698 1400 1733 enim
1413 1699 1620 1744 Augustinus
1631 1711 1688 1743 per
1701 1700 1801 1744 ipsam
1813 1702 1935 1736 receffit
1956 1701 1975 1736 a
2000 1700 2056 1737 de·

1165 1750 1222 1784 vio
1234 1749 1281 1783 sui
1293 1748 1487 1783 dilestiffimi
1502 1748 1657 1784 Primatis
1665 1749 1791 1794 judicio
1802 1775 1815 1793 ‚
1840 1751 1965 1786 malens
1984 1762 2062 1786 ma·-

1163 1809 1244 1836 num
1269 1808 1326 1833 aut
1352 1799 1488 1834 oculum
1502 1799 1651 1844 perdere,
1675 1799 2055 1847 quamlaederedignita-

1164 1859 1233 1885 tem
1242 1850 1350 1885 Sancti
1362 1849 1452 1884 Petri
1465 1850 1618 1894 Apostoli
1638 1876 1645 1883 .
1671 1850 1857 1886 Secundum
1868 1851 1914 1886 est
1927 1877 1938 1893 ,
1960 1851 2053 1896 quod

1163 1909 1218 1943 per
1230 1898 1290 1933 ista
1302 1901 1356 1933 sua
1371 1909 1484 1935 notata
1495 1901 1621 1944 sperent
1632 1901 1796 1945 epistolae,
1821 1902 1900 1937 licet
1920 1913 1990 1936 non
2001 1902 2056 1937 fir-

1162 1959 1214 1982 ma
1226 1949 1420 1984 fulcimenta
1435 1973 1446 1991 ,
1471 1959 1581 1985 tamen
1593 1951 1737 1995 aliquam
1750 1951 1848 1987 fidem
1861 1951 2057 1994 conciliare,

1165 2009 1262 2043 atque
1286 1999 1331 2034 ita
1346 2000 1485 2043 suaviter
1505 2001 1610 2045 sopire
1622 2001 1777 2043 illorum,
1803 2013 1888 2047 quos
1898 2001 2055 2038 Eruditos

1163 2057 1284 2083 vocant
1296 2072 1307 2088 ‚
1334 2048 1551 2092 suspicionem
1564 2076 1572 2084 .
1600 2051 1711 2086 Etiam
1725 2062 1840 2088 notata
1850 2054 1924 2087 sunt
1933 2052 2030 2089 devia
2041 2076 2056 2095 ,

1161 2097 1195 2131 δε
1207 2097 1365 2141 aptiffima
1377 2098 1418 2132 ab
1430 2098 1498 2133 istis
1509 2099 1749 2144 suspicionibus
1765 2102 1872 2136 danda
1882 2103 2050 2137 fomenta.

1213 2147 1268 2181 Ad
1280 2146 1346 2180 haec
1359 2149 1449 2182 enim
1459 2149 1600 2192 epistolae
1613 2150 1707 2185 verba
1728 2175 1739 2192 ,
1765 2156 1804 2184 Ut
1818 2154 1839 2185 ἃ
1861 2152 1965 2193 nostris
1977 2161 2055 2191 tem

1157 2196 1280 2239 poribus
1292 2200 1476 2239 remotifflma
1488 2210 1547 2232 non
1558 2206 1708 2243 requiram
1718 2225 1729 2242 ,
1754 2211 1886 2236 recentia
1906 2212 2049 2238 memora·

1161 2247 1218 2287 bo,
1243 2249 1323 2281 dant
1346 2247 1431 2283 hanc
1453 2259 1587 2284 notam.-
1615 2252 1733 2285 Adrem
1748 2250 1875 2295 sufficere
1890 2255 2048 2297 potuiffent

1155 2295 1340 2340 fiapertorum
1362 2306 1523 2340 temporum
1542 2302 1679 2342 exempla
1701 2310 1789 2334 extra
1801 2298 1935 2343 africam
1947 2302 2050 2347 quaefi·

1159 2355 1194 2380 ta
1207 2374 1214 2379 .
1242 2346 1529 2391 Sedpraesentiffima
1554 2348 1682 2384 habebat
1692 2362 1746 2392 ea,
1772 2363 1840 2394 quae
1852 2353 1988 2395 profert.
2010 2356 2048 2387 St

1159 2398 1302 2430 nimirum
1315 2421 1327 2437 ,
1353 2399 1433 2442 quod
1440 2398 1596 2440 verifimile
1608 2400 1647 2441 est
1660 2425 1671 2441 ,
1696 2400 1837 2444 Episcopi
1846 2404 1913 2444 illi,
1939 2401 2046 2446 utipse

1158 2457 1269 2489 quoque
1292 2450 1462 2487 Antonius,
1488 2453 1604 2489 Apiarii
1628 2451 1792 2488 Presbyteri
1808 2452 1895 2492 fado
1924 2457 2048 2493 int-irati

1158 2495 1348 2540 confugerant
1355 2494 1472 2538 pariter
1482 2499 1526 2530 ad
1535 2501 1702 2531 Romanum
1713 2499 1879 2539 antistitem
1895 2524 1907 2541 ,
1931 2511 1966 2535 ut
1975 2506 2049 2543 ejus

1157 2545 1338 2580 authoritate
1348 2553 1381 2579 in
1391 2551 1536 2591 integrum
1545 2547 1758 2588 restituerentur
1767 2574 1774 2581 .
1806 2549 1938 2586 Errores
1949 2552 2042 2587 varii.

1158 2596 1288 2630 Primus
1308 2596 1352 2630 est
1373 2619 1383 2635 ,
1408 2597 1497 2639 quod
1523 2599 1656 2632 Sanetus
1683 2597 1890 2644 Augustinus
1912 2601 1947 2635 in
1974 2602 2044 2637 istis

1157 2645 1263 2680 verbis
1273 2647 1443 2690 respexerit
1455 2659 1522 2682 non
1535 2648 1575 2682 ad
1588 2649 1653 2682 sola
1669 2650 1727 2682 suae
1744 2650 1907 2685 Asticanae
1930 2652 2044 2687 Eccle-

1156 2697 1226 2737 siae,
1254 2695 1307 2730 sed
1332 2698 1432 2731 etiam
1458 2696 1498 2730 ad
1524 2699 1659 2732 aliarum
1685 2699 1848 2735 Gentium
1875 2702 2043 2745 superiora

1156 2746 1318 2790 exempla.
1347 2747 1480 2781 Etenim
1503 2758 1708 2793 nequaquam
1731 2748 1772 2783 de
1782 2752 1955 2786 communi
1968 2752 2044 2788 Ro-

1156 2808 1260 2831 manae
1273 2797 1575 2841 appellationisjure
1586 2823 1597 2838 ,
1624 2799 1676 2832 sed
1690 2800 1796 2842 palam
1807 2801 1878 2846 agit
1897 2800 1939 2836 de
1952 2812 2040 2837 certa

1155 2846 1505 2890 dumtaxatjudicandi
1532 2860 1569 2883 ac
1581 2849 1735 2892 puniendi
1746 2851 1852 2886 forma
1865 2875 1875 2891 ,
1904 2853 2043 2895 q'uaecria

1156 2898 1318 2931 minosum
1330 2898 1526 2941 Episcopum
1541 2910 1607 2933 non
1620 2898 1815 2943 degradabat
1826 2923 1837 2940 ‚
1856 2900 1908 2935 sed
1919 2901 2040 2935 solum-

1156 2948 1258 2981 modo
1280 2948 1363 2981 intra
1381 2958 1481 2982 certas
1494 2949 1657 2991 potestatis
1681 2950 2041 2986 metaseir‘wmscribe-

1155 2998 1230 3036 bat,
1257 2998 1424 3041 praesertim
1435 3009 1505 3041 quae
1523 2998 1569 3031 illi
1582 2997 1753 3033 claudebat
1772 2998 1898 3035 aditum
1919 3000 1964 3035 ad
1983 3000 2041 3036 ad«

1155 3047 1374 3083 scendendum
1395 3048 1429 3080 in
1441 3047 1621 3082 Primatum
1644 3048 1955 3098 Provinciam-Qae
1971 3052 2037 3086 for-

1154 3108 1206 3133 ma
1218 3108 1296 3132 tunc
1321 3099 1354 3131 in
1370 3098 1459 3132 nulla
1471 3098 1618 3132 Romani
1641 3097 1774 3142 Imperii
1786 3100 1895 3136 Gente
1906 3100 2012 3145 viguit
2023 3126 2034 3141 ,

1154 3149 1212 3183 nifi
1225 3149 1257 3183 in
1270 3149 1336 3182 sola
1350 3146 1461 3181 Africa
1480 3172 1488 3181 .
1513 3147 2035 3193 Augustinusfnffirmatristiusmo·

1153 3199 1188 3233 di
1210 3199 1381 3233 sententias
1398 3197 1491 3232 fuiffe
1516 3198 1548 3232 in
1564 3199 1678 3233 Africa
1690 3201 1812 3244 semper
1822 3201 1970 3241 u'fitatas,
1995 3212 2033 3236 ac

1152 3248 1250 3284 etiam
1262 3259 1315 3294 per
1326 3248 1512 3283 Romanam
1527 3248 1702 3283 Ecclesiam
1713 3275 1723 3291 ,
1749 3250 1829 3285 dum
1850 3262 1906 3294 per
1927 3250 2035 3295 appel—-

1154 3299 1307 3334 lationem
1319 3297 1545 3332 deferebantur
1557 3298 1597 3333 ad
1609 3298 1710 3342 ipsam
1720 3324 1733 3340 ‚
1742 3300 1842 3335 'fuiffe
1853 3302 2033 3344 frequenter
2093 3332 2097 3336 .

1153 3350 1359 3384 confirmatas
1375 3372 1382 3379 .
1411 3348 1485 3381 Effe
1507 3349 1645 3391 plurima
1668 3349 1826 3385 Romanae
1847 3350 2034 3385 istiusmodi

1153 3398 1412 3436 confirmationis
1424 3398 1571 3443 exempla
1584 3411 1591 3432 ε
1601 3399 1662 3482 {a
1674 3400 1882 3435 remotiffima
1894 3423 1905 3439 ,
1930 3399 1967 3436 ὃς
1985 3409 2031 3431 re-

1684 3461 1708 3487 2
1905 3457 1977 3481 cen-
