2326 3718
76 742 142 777 L5.
162 741 234 780 04.

88 2450 241 2484 L.7.c.11.

89 2714 174 2756 Epist.
194 2726 224 2752 9.

711 160 988 210 Romanis
1022 149 1597 205 APPELL‘ATJONIBU's.

239 247 372 295 *pietatis
389 247 585 281 communione
600 244 784 291 confi-mium
800 269 811 286 ,
837 247 947 288 Greges
968 245 1126 280 concordie

254 297 369 333 vinculo
381 298 592 341 conjungamus
606 321 618 338 ,
626 298 660 331 ὁ·
667 301 874 331 contentionem
885 297 922 330 de
934 298 1071 329 Primatu
1082 296 1127 328 di-

249 354 396 383 rimamus
405 372 412 379 .
439 350 484 379 Et
493 358 560 381 cum
570 357 639 381 oves
649 347 833 380 communiter
844 345 1008 389 pascamus
1022 369 1033 386 ,
1055 356 1127 379 com·

247 407 368 430 munem
398 397 459 431 illis
484 399 542 432 rite
558 397 747 432 moderanda
778 408 882 430 curam
910 394 1103 430 adhibeamus
1114 420 1121 427 .

247 447 343 490 Quod
352 445 383 489 fi
401 449 491 482 Sedes
499 454 707 483 contentionem
712 452 813 491 gignit
824 471 835 488 ‚
861 458 910 492 ego
928 446 1004 480 banc
1013 455 1127 478 conten-

248 507 318 532 nem
334 497 457 532 conabor
485 500 506 531 ἆ
528 498 614 532 nobie
633 498 790 540 repellere.
820 501 908 531 Nam
922 504 1070 540 ponamus
1096 500 1128 528 in

248 546 304 588 ista
322 547 432 581 librum
451 548 637 591 Evangelii,
662 548 697 581 ὢ·
720 553 866 591 utrimque
888 559 941 581 nos
956 545 1125 591 sedeamus.

247 597 344 640 ,Quod
354 596 386 639 fi
392 596 453 642 ipse
460 602 549 640 prius
559 599 577 631 e*
585 602 654 630 vita
663 596 761 631 abiero
769 622 779 637 ,
809 607 843 632 tu
849 595 930 641 solur
944 606 1063 641 gregem
1075 605 1129 626 mo-

251 646 405 681 deraberis
413 660 431 690 ;
447 646 496 689 fin
511 655 612 681 autem
630 647 687 680 tibi
706 649 784 681 illud
803 653 958 692 contigerit
978 670 990 687 ,
1015 656 1065 689 ego
1085 654 1132 677 cu-

250 707 320 730 ram
338 703 467 731 omnium
482 707 605 741 geram.
631 696 682 731 Ita
703 698 842 732 affirmat
862 699 899 732 in
911 693 1131 731 Ecclefiastica

249 744 385 781 historia
397 744 650 781 Theodoretus.
674 747 770 781 Huic
780 747 851 791 paci
864 744 1013 782 adfuit&
1036 745 1131 779 inter·

249 796 339 831 venit
358 796 491 831 Sanetus
523 797 706 842 Gregorius
728 797 764 830 N
765 799 896 840 yffenus
930 796 1114 840 Episcopus
1124 818 1134 835 ,

249 846 418 891 ipsamque
429 846 539 881 laudat
551 848 588 881 in
599 848 663 882 suis
674 846 837 891 epistolis.
863 847 943 882 Erat
961 854 1135 891 germanus

252 897 350 931 frater
369 896 491 941 Magni
502 897 613 931 Bafilii
626 921 638 937 ‚
664 895 805 940 ideoque
814 898 939 932 certum
950 895 997 930 est
1009 919 1021 935 ,
1046 893 1133 938 quod

249 947 436 982 constanter
446 947 549 990 egerit
557 957 620 988 pro
628 945 770 979 Meletio
781 969 789 977 .
815 946 973 979 Hermias
984 944 1135 978 Sozome-

249 1007 313 1031 nus
324 995 415 1030 addit
424 992 651 1028 conditionem
673 993 828 1038 placuisse
836 993 1012 1035 omnibus,
1037 994 1073 1028 δι
1094 992 1136 1027 ab

248 1045 413 1085 utriusque
421 1042 653 1078 contendentis
663 1045 800 1086 persona
811 1043 847 1079 &
870 1043 971 1079 Clero
982 1044 1075 1078 fuisse
1086 1044 1136 1077 fir·

247 1100 371 1128 matam
380 1091 588 1136 jurejurando
600 1118 608 1125 .
636 1092 965 1129 Unicumobstitiffe
981 1093 1136 1128 Calarita·

247 1153 330 1178 num
341 1142 557 1177 Luciferum-¹
578 1143 684 1187 Cujus
691 1145 738 1179 rei
750 1143 832 1179 fides
844 1145 881 1180 sit
893 1156 991 1188 penes
1011 1144 1117 1188 ipsum
1127 1168 1134 1175 .

246 1191 314 1227 Rei
325 1193 429 1238 igitur
439 1192 534 1227 series
540 1193 606 1227 fuit
615 1194 709 1228 missa
720 1194 866 1229 Romam
878 1205 932 1239 per
943 1194 1137 1228 Petronium

247 1241 384 1277 Paulini
405 1242 637 1286 Presbyterum
650 1267 662 1284 ‚
686 1244 720 1278 δε
741 1243 954 1279 Dorotheum
966 1244 1138 1287 Presbyte-

246 1301 324 1326 rum
344 1291 501 1334 Meletii‚
524 1292 602 1327 &a
614 1294 762 1329 Damaso
780 1294 995 1330 confirmata.
1026 1294 1108 1328 Non
1120 1294 1137 1329 a

249 1341 396 1388 generali
418 1342 579 1378 concilio
590 1366 613 1383 ,.
629 1343 682 1378 sed
702 1344 721 1377 a
741 1343 812 1379 solo
823 1345 988 1379 Damaso.

300 1392 435 1427 sanstus
455 1391 647 1427 Bonifacius
668 1392 750 1428 reste
771 1394 912 1429 affirmat
923 1393 1038 1429 duram
1053 1392 1138 1428 hanc

250 1440 347 1477 'litem
357 1453 428 1477 nou
439 1440 549 1477 solum
559 1442 619 1478 sub
628 1443 773 1478 Meletio
784 1468 795 1484 ,
808 1447 810 1449 ’
822 1442 876 1479 sed
889 1444 990 1479 etiam
1002 1443 1061 1479 sub
1070 1444 1138 1488 ejus

252 1492 440 1526 Sueeessore
449 1491 611 1527 Flaviano
631 1493 724 1527 fuisse
735 1494 915 1536 judicatam
936 1495 970 1527 &
980 1494 1137 1537 composi-

254 1550 323 1576 tam
335 1540 354 1575 a
366 1536 448 1576 Sede
459 1540 654 1585 Apostolica
663 1568 671 1575 .
684 1543 819 1577 Etenim
828 1543 900 1586 post
912 1542 1044 1577 Meletii
1056 1553 1139 1577 mor·

253 1600 324 1626 tem
335 1601 450 1626 neutra
469 1602 540 1634 pars
552 1592 690 1626 servavit
709 1594 875 1635 pass-'orum
887 1592 985 1627 fidem
1000 1619 1007 1625 .
1033 1592 1141 1626 Pauli·

255 1650 335 1680 nus,
363 1641 442 1674 dum
463 1642 497 1674 se
517 1639 648 1674 admitti
670 1651 709 1674 ac
718 1641 839 1675 firmari
863 1642 1004 1684 postulat
1018 1643 1050 1675 in
1066 1641 1141 1676 soli>-

253 1688 337 1724 dum
351 1688 553 1733 Episcopum
563 1704 578 1730 ·,
593 1688 745 1732 'rejicitur
754 1690 772 1724 a
785 1690 913 1725 Meletii
923 1690 1120 1725 Fautoribus
1129 1714 1139 1730 ,

255 1750 294 1773 ac
317 1738 376 1782 ipsi
402 1739 671 1783 superordinatur
696 1740 874 1775 Flavianus
895 1764 906 1781 ,
942 1740 962 1774 a
988 1741 1140 1775 Diodoro

256 1787 723 1834 TharsenfiumsMetropolita
736 1815 747 1831 ‚
775 1802 813 1825 ac
835 1790 963 1825 Aeacio
978 1791 1141 1835 Episcopo

257 1837 518 1874 Berrheenfium.
545 1840 727 1875 Flavianus
747 1840 780 1874 &
794 1841 966 1875 Diodorus
986 1866 997 1882 ‚
1024 1840 1141 1875 Antio-

255 1888 369 1924 chenae
394 1890 546 1926 Eccleiiae
571 1891 654 1925 olim
681 1889 947 1935 compresbyteri
971 1915 982 1931 ,
1021 1892 1142 1934 semper

254 1940 386 1975 fuerant
399 1940 544 1976 Paulino
567 1940 774 1984 pertinaciter
791 1941 965 1976 adversati.
994 1941 1038 1975 Et
1049 1941 1141 1974 istam

255 1989 410 2033 injuriam
434 2003 503 2026 non
529 1992 683 2026 sufferens
694 1990 854 2026 Paulinus
876 1989 1054 2026 sibiadhuc
1068 1991 1142 2024 vivo

255 2041 475 2075 Succefforem
504 2041 671 2076 ordinavit
701 2042 882 2085 Evagrium
906 2067 913 2074 .
939 2042 983 2075 Et
1009 2041 1141 2085 quidem

258 2089 360 2123 solus.
384 2090 433 2124 Ita
444 2092 479 2124 in
492 2090 712 2124 Eccleliastica
727 2091 873 2124 Historia
887 2090 1019 2126 testatur
1028 2090 1144 2124 Theo-

258 2138 409 2173 doretus.
439 2139 509 2173 Alii
522 2149 632 2174 tamen
647 2140 811 2174 affirmant
825 2151 892 2174 non
908 2141 965 2173 nifi
979 2141 1049 2183 post
1061 2140 1144 2173 Pau-

258 2188 321 2222 lini
333 2197 470 2223 mortem
483 2190 577 2224 fuisse
596 2192 758 2224 evectum.
788 2188 881 2224 Utut
894 2190 933 2224 fit
955 2215 966 2230 ,
992 2199 1048 2224 aut
1063 2189 1144 2223 Pau-

258 2234 347 2271 linus
357 2262 368 2278 ,
380 2247 438 2271 aut
446 2238 515 2280 ejus
527 2241 725 2273 communio
736 2240 805 2284 egit
816 2251 859 2273 ex
873 2240 995 2274 vetusta
1009 2239 1121 2283 regula
1133 2252 1145 2272 .-

259 2290 426 2330 Frangenti
442 2287 536 2330 fidem
554 2286 632 2328 fides
648 2288 821 2331 frangatur
845 2290 941 2322 eidem
960 2312 967 2320 .
999 2287 1043 2322 Et
1066 2287 1144 2322 hinc

258 2337 452 2371 Flavianum
473 2361 483 2376 ‚
519 2339 632 2381 utpote
658 2338 830 2373 manifeste
856 2339 1020 2383 perjurum
1047 2348 1145 2382 atque

257 2386 418 2420 intrusum
432 2411 442 2427 ,
468 2386 591 2431 semper
602 2398 640 2421 ac
650 2388 765 2423 merito
790 2389 933 2423 aversata
946 2388 1010 2422 fuit
1023 2388 1145 2423 Roma-

258 2449 301 2470 na
315 2437 454 2470 Ecclesia
467 2461 474 2467 .
502 2437 597 2484 Qin
625 2438 657 2471 δε
670 2438 861 2472 Diodorum
873 2448 969 2480 atque
982 2436 1142 2472 Acacium

260 2496 318 2529 pro
329 2488 623 2521 excommunicatis
642 2485 759 2521 habuit
772 2512 779 2519 .
807 2488 856 2521 Ita
869 2487 979 2522 scribit
990 2487 1144 2522 Hermias

258 2537 476 2571 sozomenus.
504 2537 597 2570 Hinc
619 2549 713 2570 novae
733 2548 832 2580 atque
855 2536 1021 2572 horrendae
1048 2538 1144 2580 lites,

258 2586 300 2621 de
322 2584 439 2629 quibus
461 2585 500 2619 ad
524 2586 756 2630 Theophilum
781 2587 990 2621 Alexandriae
1010 2587 1143 2622 Patriar-

257 2635 353 2670 cham
367 2636 484 2679 scripsit
497 2637 631 2671 Sanstus
643 2637 852 2671 Ambrosius:
880 2642 964 2671 Inter
986 2636 1039 2670 bos
1050 2639 1144 2680 duos‚·

260 2687 442 2730 Evagrium
454 2686 486 2719 &
499 2687 692 2720 Flavianum
707 2712 717 2728 ‚
744 2687 910 2730 nihilquod
920 2689 964 2720 ad
973 2686 1144 2731 Christipo-

259 2747 320 2770 cem
328 2742 479 2777 pertineat
498 2737 635 2780 eligentes
646 2761 656 2777 ‚
677 2744 788 2780 gravis
809 2747 870 2771 toto
882 2738 961 2771 Orbe
972 2737 1076 2777 stabat
1099 2741 1143 2772 di-

255 2785 390 2830 scordia.
420 2790 478 2818 Cui
498 2786 581 2819 bonae
598 2792 685 2828 pacis
709 2787 866 2832 naufragio
888 2788 998 2821 sandla
1012 2790 1142 2827 synodus

261 2834 418 2879 Capuenst‘s
436 2837 559 2869 tandem
581 2837 723 2870 obtulerat
743 2847 866 2880 portum
887 2839 1119 2882 tranquillitatis
1132 2864 1142 2879 ,

264 2895 297 2918 ut
307 2885 439 2919 omnibus
446 2895 503 2928 per
514 2896 609 2920 totum
622 2887 729 2920 Orbem
740 2890 864 2922 daretur
876 2896 1035 2922 communio
1045 2889 1142 2922 catho-

265 2936 350 2968 licam
359 2948 409 2970 con
410 2935 560 2978 fitentibut
566 2937 660 2980 fidem
670 2963 680 2978 ‚
709 2939 742 2971 (ν
752 2938 863 2971 duobus
886 2939 946 2978 istis
958 2948 1017 2972 tuae
1029 2939 1143 2972 sanai„

266 2989 342 3017 ratis
361 2997 484 3019 examen
503 2993 727 3029 impartiretur.
756 2989 810 3022 Ad
825 2989 1033 3033 quaestionem
1057 2988 1141 3023 deci-

267 3032 405 3069 dendam
418 3036 548 3071 Siricius
561 3036 717 3072 Pontifex
739 3039 862 3074 indixit
883 3039 1072 3082 Capuanam
1085 3041 1142 3082 Sy·

267 3083 392 3118 nodum
404 3108 414 3124 ,
438 3086 471 3119 &
484 3098 657 3132 utrumque
668 3088 753 3123 male
762 3089 948 3124 ordinatum
959 3089 1046 3132 juffit
1057 3088 1142 3123 ades-

266 3135 316 3167 se.
345 3133 468 3167 Adfuit
479 3136 563 3170 solus
578 3138 751 3183 Evagrius.
782 3141 877 3173 Hinc
901 3138 1053 3182 Synodus
1063 3151 1142 3173 cau-

267 3184 334 3217 sam
355 3183 517 3227 delegavit
527 3185 724 3231 Theophilo
745 3201 782 3223 ac
791 3190 858 3233 ejus
869 3190 1007 3233 Synodo
1022 3202 1029 3222 :
1056 3192 1142 3233 ,Quia

267 3231 318 3266 boc
339 3243 451 3275 verum*
456 3235 603 3274 judicium
622 3238 758 3278 futurum
769 3241 911 3273 arbitrati
917 3239 1038 3283 sumus,
1065 3241 1151 3283 quoa*

268 3288 368 3317 neutri
382 3288 466 3324 parti
471 3282 781 3326 sociatacommunione
791 3292 888 3333 aliquo
893 3289 1005 3333 favore
1010 3298 1142 3332 propen-

268 3334 369 3366 deret.
396 3332 549 3367 Romana
564 3335 702 3370 Ecclesia
717 3361 727 3377 ,
753 3340 828 3374 licet
840 3343 983 3374 neutrius
993 3341 1141 3383 probaret

267 3384 418 3422 mnsam,
444 3384 663 3429 &utrumque
685 3398 753 3420 non
777 3392 913 3432 propriis
925 3390 1063 3430 meritis,
1090 3388 1142 3423 sed

265 3433 383 3469 alienis
393 3433 564 3469 dumtaxat
578 3436 667 3469 vitiis
678 3437 800 3470 videret
810 3441 893 3480 niti,
920 3441 1023 3485 magis
1033 3451 1140 3475 tamen

369 3481 474 3524 Christ.
490 3488 568 3528 Lupi
579 3490 675 3528 Opera
687 3490 717 3519 T.
729 3490 788 3520 VH
791 3491 809 3520 1.

1186 240 1410 288 propendebat
1432 240 1468 276 in
1480 241 1659 286 Evagrium
1674 255 1684 278 ε

1186 295 1238 329 sor
1261 293 1295 328 δε
1306 302 1451 327 creatura
1464 292 1563 331 effer,
1589 290 1726 336 &quod
1748 296 1854 337 ipsum
1868 295 2014 332 imitatus
2028 296 2075 330 in-

1897 175 1917 207 1

1711 240 1818 294 Qod
1841 176 1988 282 Pauli-iri3
1996 246 2074 281 Suc-

1188 352 1320 380 vocaret
1342 343 1501 377 auxilium
1523 340 1618 377 sedis
1643 341 1859 385 Apostolicae.
1887 346 1982 382 Hinc
1998 345 2075 379 Siri-

1189 395 1278 430 cium
1290 393 1467 428 Flavianus
1487 393 1666 436 suspectum
1689 389 1805 425 habuit
1816 417 1828 432 ,
1852 395 1889 429 &
1899 395 2008 431 noluit
2017 394 2078 430 ad„-

1191 444 1300 479 venire
1311 443 1462 488 Capuam
1474 468 1482 476 .
1503 442 1552 477 At
1561 439 1639 477 vero
1652 439 1864 485 Theophilus
1876 445 1982 479 neutri
1991 444 2078 489 parti

1191 494 1366 530 adhaeserat
1376 504 1432 538 per
1441 492 1713 528 communionem
1722 516 1733 534 ‚
1755 500 1812 526 aut
1824 493 1942 527 favoris
1952 496 2080 529 fomen-

1192 544 1412 589 tapraebuerat
1426 569 1434 577 .
1461 543 1555 578 Hinc
1566 542 1725 587 Capuana
1737 540 1892 586 Synodus
1909 544 1940 577 ei
1951 543 2078 589 delega-

1193 595 1240 630 vit
1262 595 1392 630 causam
1405 618 1415 629 .
1441 593 1509 629 Sub
1529 593 1588 628 ista
1605 602 1716 629 tamen
1735 592 1953 633 conditione,
1980 604 2080 636 quam

1194 645 1243 678 illi
1263 645 1356 688 plene
1380 642 1620 678 observandam
1645 642 1825 678 inculcavit
1845 643 1981 679 sanstus
2002 641 2083 676 Am-

1195 694 1336 729 brofius:
1362 695 1439 728 Sam?
1459 694 1648 736 referendum
1669 694 1854 728 arbitramur
1876 694 1921 727 aa
1939 692 2084 727 sanatam

1196 747 1339 778 Fratrem
1351 744 1476 785 nostrum
1486 747 1631 778 Romana
1643 745 1831 779 sacerdotem
1842 742 1977 785 Ecclefiae
1986 767 1997 784 ,
2018 752 2085 786 quo-

1196 798 1279 828 niam
1288 793 1497 837 praesumimus
1509 805 1546 829 ea
1555 802 1586 827 te
1590 796 1802 835 judicaturum
1813 818 1824 835 ‚
1848 804 1918 836 quae
1937 799 2029 827 etiam
2039 791 2087 827 ila

1196 843 1347 888 displicere
1356 853 1522 888 nequeant.
1549 848 1601 878 Ita
1610 849 1690 877 enim
1701 853 1762 878 tuae
1774 841 1935 887 consultum
1955 848 2015 878 erit
2021 840 2091 886 sen-

1195 901 1320 936 tentiae,
1347 902 1394 928 ita
1416 900 1505 937 pacis
1527 895 1683 938 &quiem
1697 892 1872 937 securitas,
1891 892 1920 935 fi
1935 895 1973 928 id
1989 891 2089 933 vestro

1196 944 1344 983 statuatur
1353 946 1482 978 Concilio
1496 968 1509 986 ,
1532 946 1615 988 quod
1630 948 1824 978 communioni
1834 942 1939 984 n'ostrae
1948 941 2088 986 diffenfio-

1199 1005 1265 1027 nem
1276 1005 1333 1027 non
1354 994 1478 1033 adferat
1488 1018 1500 1034 ,
1525 1003 1560 1028 ut
1571 1006 1625 1029 nos
1646 992 1759 1038 quoque
1781 1002 1916 1038 accepta
1927 991 2089 1032 vestrorum

1194 1042 1272 1087 serie
1291 1045 1477 1076 statutorum
1489 1066 1501 1082 ‚
1526 1053 1592 1076 cum
1613 1045 1651 1077 id
1664 1044 1776 1089 gestam
1799 1043 1853 1087 effe
1862 1047 2088 1088 cognoverimus

1197 1093 1279 1136 quod
1287 1091 1416 1134 Ecclefia
1425 1095 1561 1126 Romana
1571 1091 1655 1125 baud
1661 1095 1749 1128 dubie
1758 1093 1995 1137 comprobaverit
2005 1117 2017 1134 ,
2038 1093 2091 1126 iae·

1198 1149 1223 1177 ti
1224 1142 1366 1186 frudum
1378 1141 1548 1185 hujusmodi
1566 1147 1719 1175 examinis
1740 1142 1943 1185 adipiscamur
1954 1169 1961 1176 .
1988 1141 2093 1178 Dele-

1181 1231 1184 1235 ,
1197 1193 1290 1239 gatio
1303 1194 1382 1227 fasta
1393 1192 1438 1226 est
1450 1190 1507 1225 sub
1520 1189 1728 1235 obligatione
1738 1191 1861 1234 praeviae
1871 1193 2040 1228 relationis
2049 1189 2093 1227 ad

1198 1244 1392 1278 Romanum
1418 1241 1621 1277 Pontificem
1641 1265 1652 1281 ‚
1678 1241 1714 1275 δε
1733 1239 1776 1274 ab
1801 1240 1873 1284 ipso
1894 1241 2095 1284 accipiendo

1199 1290 1483 1337 comprobationis
1496 1301 1574 1325 ante
1586 1291 1809 1334 prolationem
1823 1290 2008 1326 sententiae.
2038 1290 2094 1324 Ex

1201 1354 1268 1387 quo
1279 1343 1366 1377 lucet
1377 1339 1503 1376 caduco
1523 1340 1742 1375 fundamento
1756 1340 1819 1391 niti
1831 1340 1994 1383 Ioannem
2007 1339 2097 1374 Lau·

1203 1392 1339 1436 nojum,
1364 1391 1444 1426 dum
1455 1403 1496 1426 ex
1517 1391 1796 1435 istadelegatione
1820 1390 1939 1429 nititur
1952 1390 2093 1431 elicere,

1204 1441 1294 1487 quod
1306 1443 1481 1478 Romanus
1493 1440 1653 1477 Pontifex
1674 1441 1758 1476 olim
1768 1439 1927 1477 subfuerit
1947 1437 2096 1487 generali

1206 1493 1365 1528 Concilio
1378 1517 1386 1525 .
1508 1501 1510 1504 ·
1535 1503 1537 1505 “

1256 1541 1439 1589 Qiomodo
1461 1552 1572 1578 autem
1592 1542 1772 1578 Flavianus
1790 1540 1870 1578 huic
1891 1535 2098 1588 delegatioui

1207 1591 1477 1636 obtemperaverit
1490 1617 1504 1635 ‚
1528 1593 1666 1635 exponit
1678 1592 1766 1626 idem
1778 1591 1992 1627 Ambrosius:
2018 1595 2099 1624 Cum

1206 1654 1245 1677 ex
1266 1641 1315 1675 bis
1327 1643 1495 1685 aequiffimae
1504 1643 1610 1680 synodi
1621 1641 1793 1682 constitutis
1814 1640 2006 1685 speraremus
2023 1642 2097 1681 jam

1207 1692 1369 1725 remedium
1379 1693 1505 1730 datum,
1527 1690 1676 1732 finemque
1687 1691 1824 1724 oblatam
1830 1690 1986 1734 disi-*ordire
2000 1716 2011 1731 ‚
2024 1688 2098 1733 scri-

1207 1741 1252 1775 bit
1260 1742 1280 1773 5
1282 1740 1412 1773 amitas
1425 1749 1478 1773 tua
1488 1741 1597 1773 iteri'tm
1608 1744 1749 1773 Fratrem
1766 1739 1894 1779 nostrum
1905 1741 2098 1772 Flavianum

1207 1791 1251 1824 ad
1254 1799 1379 1833 precum
1386 1790 1504 1823 auxilia
1511 1805 1524 1831 5
1547 1791 1582 1824 (9⁸
1588 1789 1797 1832 Imperialium
1806 1787 2025 1832 Rescrip'tomm
2033 1787 2099 1832 suf-

1201 1841 1311 1885 fragia
1330 1840 1515 1883 remeaviffe.
1546 1839 1674 1880 Frustra
1695 1843 1763 1883 ergo
1785 1848 1938 1872 tantorum
1951 1840 2099 1873 *Sacerdo-

1207 1889 1364 1933 tumfusus
1375 1890 1482 1930 labor,
1509 1891 1616 1924 itertim
1627 1891 1671 1923 ad
1680 1889 1769 1932 hujus
1787 1888 1888 1933 saeculi
1899 1890 2023 1930 judicia
2043 1900 2098 1923 re-

1207 1942 1406 1975 vertendum.
1433 1942 1547 1974 lteram
1558 1942 1604 1974 ad
1612 1938 1787 1983 Rescripta,
1813 1940 1921 1973 iterim
1945 1939 2098 1973 vexabun-

1207 2000 1257 2024 tur
1267 1992 1437 2025 Sacerdotes
1445 1989 1533 2033 sene:
1547 2014 1559 2030 ,
1584 1989 1831 2033 transfretabunt
1842 1994 1942 2023 maria
1954 2013 1966 2030 ‚
1986 1990 2098 2024 iterum

1207 2043 1338 2075 invalidi
1359 2049 1473 2082 corpore
1494 2043 1638 2074 Patriam
1656 2045 1815 2085 peregrino
1834 2039 1994 2074 mutabunt
2006 2038 2073 2084 solo
2084 2063 2097 2080 ,

1208 2093 1315 2124 iterr'tm
1333 2089 1522 2133 sacrosanc'la
1543 2091 1664 2123 AltarIa
1673 2089 1863 2132 deserentur,
1889 2098 1923 2123 ut
1934 2095 1967 2123 in
1984 2091 2098 2134 longin-

1207 2151 1267 2182 qua
1276 2139 1495 2183 proficisi-amur
1507 2152 1518 2173 :
1545 2140 1656 2173 timim
1661 2147 1831 2182 pauperum
1852 2149 1962 2173 turmae
1977 2139 2098 2184 Episco-

1204 2198 1309 2231 porum
1318 2215 1328 2230 ‚
1355 2188 1460 2231 quibus
1470 2198 1542 2223 ante
1553 2188 1672 2233 onerosa
1678 2190 1845 2233 paupertar
1858 2201 1916 2223 non
1933 2199 2016 2232 erat,
2044 2202 2099 2224 ex-

1207 2248 1302 2272 ternae
1312 2245 1374 2280 opis
1384 2248 1501 2283 egente:
1511 2241 1719 2282 compellentur
1730 2246 1862 2282 inopiam
1880 2251 1996 2284 gemere
2006 2263 2016 2279 ,
2042 2246 2097 2274 aut

1207 2291 1283 2322 certe
1295 2289 1408 2322 vic‘lum
1427 2295 1543 2330 inopem
1566 2294 1687 2323 itineris
1697 2287 1840 2332 usurpare
1851 2314 1859 2321 .
1887 2292 2005 2324 Interea
2014 2288 2098 2332 solue

1207 2341 1296 2372 exlex
1309 2339 1485 2372 Flavianus
1497 2363 1507 2379 ,
1533 2347 1566 2371 ut
1577 2340 1623 2371 illi
1633 2340 1757 2372 videtur
1771 2363 1781 2379 ,
1800 2350 1859 2372 non
1874 2344 1960 2372 venit
1971 2364 1982 2379 ,
2003 2350 2100 2381 quan·

1206 2389 1244 2420 do
1253 2400 1352 2422 omnes
1375 2393 1567 2422 convenimus
1582 2414 1589 2420 .
1617 2388 1794 2423 Flavianus
1812 2389 1973 2424 recusavit
1995 2389 2098 2425 etiam

1207 2437 1393 2480 Theophili
1404 2437 1569 2475 Tribunal
1581 2463 1592 2478 ‚
1618 2439 1653 2471 δε
1664 2438 1706 2473 ab
1727 2439 1792 2472 isto
1803 2440 1970 2482 Capuanae
1981 2441 2098 2482 Syno-

1207 2488 1240 2521 di
1264 2488 1396 2521 Statuto
1418 2487 1595 2530 appellavit
1620 2485 1661 2520 ad
1686 2488 1872 2531 generalem
1899 2489 1934 2521 in
1956 2490 2097 2524 Oriente

1207 2537 1435 2572 celebrandam
1448 2535 1624 2579 synodum
1635 2560 1647 2577 ,
1677 2526 1778 2578 ipsam
1795 2537 1970 2580 postulavit
1982 2538 2024 2573 ab
2034 2538 2097 2574 Im-

1208 2597 1354 2632 peratore
1365 2586 1586 2626 Theodosio,
1610 2585 1786 2620 &videtur
1808 2588 1990 2631 impetrasse
2003 2612 2011 2620 .
2037 2588 2095 2624 Ab

1209 2638 1402 2683 Apostolica
1414 2636 1495 2671 Sede
1508 2636 1700 2680 provocavit
1715 2636 1756 2671 ad
1768 2636 1958 2680 Synodum.
1989 2638 2096 2685 Qod

1208 2688 1242 2722 in
1272 2689 1411 2722 Oriente
1434 2685 1658 2721 celebrandam
1679 2687 1918 2730 postulaverit,
1951 2688 2094 2724 demon·

1208 2739 1307 2773 strant
1331 2736 1498 2772 Ambrosii
1526 2736 1621 2771 verba
1648 2750 1660 2771 .-
1687 2737 1948 2779 Transfretabunt
1973 2744 2092 2772 maria.

1207 2788 1289 2823 Non
1313 2788 1426 2830 utique
1452 2786 1558 2821 Graeci
1580 2812 1591 2827 ,
1617 2785 1670 2821 sed
1694 2797 1755 2821 nos
1774 2788 1890 2822 Latini
1913 2788 2068 2833 Episcopi
2082 2813 2092 2823 .

1206 2838 1300 2872 Hinc
1310 2837 1473 2873 subditur:
1503 2842 1541 2870 Ut
1553 2842 1585 2870 in
1601 2837 1757 2881 longinqua
1763 2836 1990 2882 proficiftamur.

1258 2888 1318 2923 Sed
1331 2889 1461 2932 qualem
1474 2888 1509 2922 &
1519 2897 1675 2932 quantam
1688 2890 1909 2922 rever-entiam·
1918 2889 1970 2922 isti
1985 2889 2093 2932 appel·

1206 2939 1324 2973 lationi
1334 2938 1485 2972 detulerit
1495 2938 1630 2972 Siricius
1640 2963 1652 2979 ,
1677 2938 1847 2974 audiamus
1864 2938 1883 2972 a
1894 2937 2092 2974 Theodore-

1206 3002 1243 3024 ιο
1266 3014 1278 3030 ,
1304 2990 1433 3023 summo
1455 2988 1665 3023 Encomiaste
1690 2999 1729 3022 ac
1749 2987 1897 3023 Patrono
1918 2988 2086 3023 Flaviani.

1207 3040 1375 3083 Exponit,
1401 3039 1477 3072 licet
1499 3049 1568 3072 non
1592 3038 1686 3082 plena
1707 3036 1797 3078 fide,
1822 3038 1871 3073 rei
1887 3039 2023 3080 seriem,
2049 3051 2089 3074 ac

1206 3089 1429 3134 prosequitur:
1455 3092 1584 3121 Romani
1605 3087 1682 3120 nibil
1701 3086 1804 3121 horum
1820 3086 1898 3131 scire
1913 3094 2086 3131 cupientes,

1205 3145 1339 3184 Evagrii
1357 3143 1583 3173 communionem
1603 3136 1673 3179 fient
1694 3139 1862 3180 amplexati
1872 3164 1889 3181 ‚-
1910 3151 1946 3173 ae
1956 3143 2087 3182 Impera-

1203 3197 1276 3224 toris
1290 3194 1423 3223 animum
1435 3197 1537 3221 contra
1548 3188 1732 3222 Flavianum
1743 3194 1870 3223 incitare
1888 3188 2065 3233 studuerunt
2077 3215 2084 3223 .

1204 3246 1292 3275 Nam
1299 3251 1366 3275 cum
1378 3242 1550 3279 Imperatori
1571 3238 1660 3271 nimir
1683 3244 1791 3273 acriter
1808 3238 1943 3278 instando
1959 3242 2085 3274 multum

1189 3288 1280 3335 ssepe*
1290 3287 1625 3331 exbibuiffenamolestiae
1636 3313 1647 3329 ‚
1671 3288 1785 3329 accerfit
1803 3301 1867 3323 eum
1879 3290 2083 3330 Constantino-

1200 3343 1292 3383 polim
1313 3364 1323 3379 ,
1348 3342 1382 3373 6·
1403 3342 1527 3371 Romam
1540 3337 1685 3382 proficisci
1704 3340 1791 3381 jubet
1813 3365 1821 3372 .
1848 3344 1889 3373 At
1910 3341 2080 3374 Flavianus

1203 3390 1357 3435 respondet
1365 3388 1491 3427 hyemem
1497 3391 1567 3430 jam
1577 3389 1629 3432 effi’
1644 3415 1651 3422 .
1669 3395 1772 3432 ltaque
1779 3391 1929 3432 pollicitus
1935 3388 1970 3432 se
1980 3396 2079 3422 ineun-

1205 3449 1233 3477 te
1257 3452 1328 3475 vere
1345 3445 1496 3483 imperata
1511 3437 1667 3480 faciurum
1688 3464 1699 3481 ,
1727 3446 1760 3473 in
1778 3446 1912 3482 patriam
1932 3442 2079 3471 revertit.

1706 3489 1747 3522 M
1979 3488 1998 3519 5
1999 3486 2038 3520 ed

2106 3121 2259 3157 [4023.
