2326 3718
98 2713 216 2791 {22:52⁴-
230 2739 303 2772 -stus
325 2738 385 2773 lvo
405 2739 616 2774 Carnutenfis
639 2739 817 2783 Episcopus
840 2753 847 2773 :
884 2745 921 2774 in
943 2747 1114 2774 memoriam

690 111 825 156 Rom
845 119 976 154 Ams
1011 107 1586 153 Appertmxomnus.

220 208 270 243 ⁴pe
280 224 290 241 ,
313 199 483 247 potestatem
494 198 603 234 babeat
617 210 763 234 recurrere
771 199 816 231 ad
825 199 955 240 Majores
975 195 1106 229 Catholi-

231 261 275 284 cae
295 248 426 291 Ecclefiae'
453 253 604 293 Principes
617 276 627 291 ‚
653 249 722 291 idest
745 273 757 289 ,
775 247 906 291 summos
929 247 1085 290 Pontifices
1102 271 1109 279 .

232 300 338 334 Addit
348 301 583 343 compendium
593 300 860 339 effeobscurum‚
885 299 919 332 &
943 308 998 342 per
1018 299 1109 330 sum·-

229 359 300 383 mos
313 349 837 397 PontificesintelligiEpiscopos
860 349 951 383 istius
974 347 1109 381 Provin-

226 398 286 432 cia:
304 424 311 431 .
341 399 541 445 Respondeo
564 401 628 436 hoc
650 400 738 445 poffe
761 400 891 433 transue
913 422 921 431 .
948 396 996 432 At
1019 394 1108 439 quod

227 447 349 483 Canon
362 449 577 486 Provincialis
586 450 714 495 Synodi
733 450 774 484 de
796 450 929 484 Clerico
950 446 1109 491 judicium

228 497 351 535 sanciat
360 501 660 536 effeinconcuffum
686 496 1041 545 atqueinappellabile,
1063 496 1108 529 est

227 548 404 584 ridiculum
418 575 430 591 ‚
457 551 657 595 paradoxum
668 573 679 590 ‚
691 551 867 596 indignum
881 558 975 584 tanto
986 547 1108 582 Dosto-

227 610 263 633 re
281 611 320 633 ac
332 599 506 636 Antistite.
534 601 669 635 Etenim
680 601 720 635 fic
731 601 915 634 excluderet
927 599 1027 633 etiam
1039 607 1108 639 pro·

227 649 439 686 vocationem
459 650 580 685 Clerici
601 651 642 685 ab
665 650 723 684 ista
744 651 880 693 Synodo
902 649 943 683 ad
965 644 1109 682 Pati-iar·-

227 698 345 734 cham.
371 700 474 747 Qod
487 701 597 736 nullus
607 700 706 735 etiam
721 700 920 734 Eusebianus
944 707 1001 731 aut
1020 695 1109 730 Pho-

227 749 532 786 tianusadmiserit.
560 750 677 796 Longe
688 751 796 784 minus
817 747 966 784 excludit
986 746 1108 781 Roma-

227 810 289 833 nas
304 802 572 844 provocationes.
600 800 753 845 Synodus
774 800 932 834 convenit
953 797 993 831 ad
1014 808 1109 831 retra-

224 850 381 884 &andam
405 852 514 885 Sanffi
551 849 744 885 Patriarchae
768 848 889 895 Ignatii
918 848 1108 884 Romanam

228 898 499 942 Appellationem
511 924 523 941 ,
547 902 582 934 &
594 900 635 934 ad
646 899 828 933 Photianas
842 908 955 932 contra
980 896 1109 931 Roma*

227 960 277 982 11ae
288 948 434 983 Ecclefiae
442 949 617 994 privilegia
629 948 843 982 contumelias
853 944 1108 990 proscribendas:

223 994 317 1043 Quis
339 997 450 1033 credat
473 998 565 1041 quod
591 998 703 1041 &ipsa
716 998 784 1031 istis
794 997 982 1042 Privilegiis
1001 996 1111 1040 plagas

225 1045 384 1081 inflixerit
395 1047 410 1080 ἒ
428 1046 532 1081 Aliud
542 1046 588 1082 est
599 1047 771 1083 Romanas
783 1047 1031 1091 Appellationes
1041 1058 1108 1080 non

220 1096 392 1140 exprimi,
414 1106 474 1131 aut
496 1108 565 1132 non
588 1098 712 1132 laudari
734 1110 788 1142 per
801 1099 997 1138 Canonem‚
1022 1096 1111 1130 aliud

224 1144 391 1190 prohiberi
404 1170 413 1179 .
437 1147 608 1182 Dominus
628 1147 926 1192 Archi-Episcopus
947 1148 966 1182 a
987 1147 1112 1181 cunctis

226 1195 426 1231 Canonibus
436 1221 448 1238 ,
474 1197 531 1242 qui
542 1197 582 1232 ad
593 1197 775 1233 Provinciae
788 1198 962 1241 Synodum
975 1197 1112 1240 appella-

226 1245 256 1280 ti
268 1247 461 1290 permittunt
471 1271 483 1288 ‚
506 1248 542 1282 ἀ
554 1247 713 1284 Romanae
727 1247 972 1293 Appellationis
982 1247 1113 1281 faculta-

227 1305 298 1331 tem
310 1294 452 1341 expresse
463 1307 531 1332 non
541 1297 745 1343 adjungunt,
773 1298 883 1333 scribit
895 1297 952 1333 has
974 1296 1112 1342 appella-

224 1346 339 1381 tiones
363 1345 549 1391 prohiberi.
577 1347 675 1383 Certe
696 1347 878 1383 admodum
895 1347 1114 1382 inconcinne.

227 1394 335 1433 Porro
365 1396 456 1440 quod
476 1396 573 1441 hujus
607 1398 735 1443 Synodi
759 1397 917 1433 Canones
941 1397 1115 1432 Gallicana

227 1454 311 1481 tunc
333 1444 474 1482 Ecclelia
496 1458 565 1481 non
587 1448 751 1483 admiserit
773 1472 785 1489 ,
812 1449 891 1484 fecit
914 1448 1116 1483 Hincmarus

229 1494 421 1530 Remenfis:
446 1497 552 1543 Qod
572 1498 678 1530 varios
689 1497 757 1539 ejus
767 1498 910 1530 excessus
932 1497 983 1529 isti
1006 1497 1117 1530 Cano-

228 1555 289 1579 nes
312 1544 518 1581 damnarint.
545 1545 613 1582 Eos
638 1543 817 1591 postmodo
841 1544 969 1580 admisit
984 1543 1117 1586 Gallia,

229 1603 329 1636 atque
338 1594 385 1626 est
397 1604 549 1627 venerata
557 1619 567 1628 .

279 1640 379 1675 Certe
388 1640 548 1681 adsertio,
577 1652 649 1686 quae
659 1640 788 1676 suadere
801 1652 927 1684 tentat,
955 1642 1045 1686 quod
1058 1642 1116 1676 Ca-

227 1689 338 1727 rolina
350 1689 699 1726 Christianiffimorum
711 1692 843 1737 Regum
854 1693 1026 1738 progenies
1038 1691 1118 1725 infe-

229 1741 351 1776 riorem
359 1740 493 1776 Clerurn
506 1741 525 1774 ὲ
534 1741 698 1777 Romanis
707 1742 997 1786 Appellationibus
1007 1741 1118 1776 exclu-

230 1791 309 1826 serit
320 1815 332 1832 ,
356 1800 455 1836 atque
467 1791 512 1826 ita
525 1792 633 1827 Sanffl
644 1791 799 1837 Apostoli
813 1792 902 1828 Petri
914 1793 1039 1827 Divina
1051 1791 1119 1826 Pri·

229 1840 350 1886 vilegia
369 1853 439 1876 non
452 1841 582 1877 modice
593 1842 794 1877 mutilaverit
805 1867 817 1884 ,
842 1844 887 1878 est
904 1842 996 1877 distis
1019 1842 1119 1887 Regi-

231 1890 294 1926 bus
305 1915 317 1932 ,
342 1891 377 1926 &
387 1891 511 1926 cunctis
524 1893 667 1936 ipsorum
679 1893 816 1936 Populis
827 1918 838 1934 ,
864 1893 984 1928 nostris
998 1891 1118 1937 Proge-

230 1940 417 1983 nitoribus,
443 1941 543 1987 longe
563 1943 800 1987 injuriofiffima
813 1968 821 1976 .
850 1943 984 1979 Etenim
994 1943 1036 1977 de
1054 1942 1116 1976 avi-

230 1998 267 2025 (a
279 1993 463 2027 nostrorum
475 1992 643 2036 Majorum
655 1994 690 2027 in
705 1993 932 2038 Apostolicam
945 1993 1061 2029 Sedem
1071 2003 1118 2027 re·

231 2042 378 2076 verentia
397 2042 553 2077 veraciter
573 2044 693 2087 scripfit
715 2044 824 2079 noster
844 2055 924 2079 tunc
938 2042 1116 2088 Apostolus

232 2090 367 2125 sanstus
379 2091 569 2126 Bonifacius
581 2107 591 2126 :
619 2096 737 2126 Revera
748 2103 838 2127 tanta
860 2099 1031 2128 reverentia
1053 2097 1115 2134 api-

231 2151 293 2174 cem
305 2140 470 2182 Apostolicae
485 2144 505 2175 5
505 2143 569 2175 edis
580 2153 677 2175 omnes
685 2141 853 2186 suspiciunt
862 2168 874 2185 ,
899 2152 933 2177 ut
944 2143 1116 2176 nonnullam

233 2188 399 2230 sanderum
411 2195 568 2225 Canonum
576 2190 766 2234 disciplinam
777 2217 788 2233 ,
815 2195 849 2227 Θ
859 2198 1019 2236 antiquam
1029 2191 1117 2225 Chri-

223 2238 337 2280 flianae
348 2240 511 2284 Religionis
522 2240 727 2281 institutionem
737 2247 836 2286 magis
845 2242 884 2275 ab
907 2254 955 2276 ore
967 2241 1114 2284 Praeceffii-

231 2294 278 2322 ris
297 2291 364 2330 ejus
374 2314 386 2331 ,
411 2301 502 2332 quam
519 2293 541 2323 ἃ
558 2292 656 2324 sacris
667 2294 792 2335 Paginis
817 2293 997 2334 &paternis
1011 2292 1114 2324 Tradi-

228 2338 363 2372 tionibus
384 2347 530 2382 expetant
540 2365 548 2372 .
574 2342 661 2377 Illius,
678 2343 755 2375 velle
765 2366 776 2383 ,
800 2343 883 2376 illius
909 2344 983 2376 nolle
996 2342 1114 2375 tantum

232 2390 394 2430 explorant
406 2413 415 2428 ‚
438 2398 472 2422 ut
491 2391 536 2422 ad
551 2393 616 2431 ejus
637 2391 798 2425 arbitrium
816 2391 905 2435 suam
926 2390 1114 2435 conversatio·

228 2449 301 2472 nem
330 2440 364 2472 (a
380 2438 435 2481 ipſs
451 2445 607 2473 remittant
633 2449 686 2474 aut
708 2443 869 2474 intendant
890 2465 897 2473 .
923 2440 1024 2487 Qod
1046 2441 1116 2474 Ma-

233 2499 319 2533 gnus
328 2486 470 2523 Carolus
481 2513 492 2529 ,
519 2490 597 2524 licet
606 2490 648 2523 de
659 2490 762 2524 nimia
776 2491 1008 2525 Romanorum
1030 2489 1116 2526 Pon·

232 2538 361 2572 cificum
372 2538 406 2572 in
417 2538 613 2574 criminosos
624 2539 770 2574 Clericos
790 2541 995 2586 indulgentia
1018 2541 1114 2575 fuerit

231 2587 379 2631 questus,
406 2589 575 2624 Romanas
586 2591 728 2632 ipsorum
740 2590 988 2634 Appellationes
1000 2590 1033 2624 in
1045 2591 1115 2625 nul-

227 2639 269 2672 lo
294 2638 423 2682 penitus
444 2639 555 2674 laeserit
565 2664 576 2680 ,
602 2639 710 2674 lucide
732 2639 934 2675 demonstrat
955 2641 1113 2675 eximium

230 2687 302 2730 ejus
312 2688 504 2732 Capitulum
518 2714 529 2730 ‚
553 2690 643 2733 quod
655 2690 712 2724 suo
725 2690 868 2725 Decreto
885 2691 1018 2725 inseruit
1030 2692 1114 2726 San-

234 2790 324 2822 Beati
333 2792 416 2833 Petri
428 2789 552 2832 Apostoli
563 2789 733 2823 honoremus
739 2789 878 2834 sanblam
887 2795 1057 2825 Romanam
1080 2794 1114 2826 eb·

235 2838 421 2880 apostoticam
438 2841 543 2873 Sedem
565 2865 574 2880 ‚
602 2848 636 2874 ut
656 2852 724 2882 quae
746 2841 833 2874 nobis
858 2843 1054 2876 sacerdotalis
1076 2841 1114 2882 est

237 2896 332 2922 mater
348 2891 529 2933 dignitatis,
555 2890 607 2932 effe
627 2891 734 2924 debeat
753 2890 892 2935 magistra
912 2890 1114 2932 Eccleli'asticae

238 2942 380 2972 rationis.
406 2943 513 2983 ,Quare
528 2938 681 2983 servanda
690 2940 729 2981 est
736 2952 805 2974 cum
818 2940 1042 2985 mansuetudine
1064 2940 1113 2974 hu-

237 2987 365 3020 militas.
392 2993 438 3023 Et
454 2992 521 3024 licet
541 2996 599 3024 vix
613 2990 776 3032 ferendum
785 2992 826 3024 ah
845 2992 900 3025 illa
915 2991 1024 3035 sant‘la
1041 2992 1115 3026 sede

238 3040 405 3078 imponatur
420 3042 550 3084 jugum,
567 3040 733 3083 feramus,
758 3044 856 3085 &pia
875 3044 1028 3076 devotione
1049 3043 1114 3076 tole-

238 3095 355 3119 remus.
386 3090 516 3131 sivero,
540 3092 621 3133 quod
634 3102 693 3125 non
702 3092 806 3134 decet,
831 3092 976 3135 quilibet,
994 3091 1060 3134 five
1075 3092 1115 3134 fit

241 3135 413 3176 Plesbtteh
434 3138 495 3179 five
516 3144 685 3181 Diaconus,
710 3144 844 3186 aquuam
862 3142 1114 3185 perturbationem

239 3184 459 3228 machinando,
486 3190 519 3224 et
539 3191 629 3231 nostro
649 3192 807 3232 ministerio
824 3193 993 3234 insidiando
1011 3195 1113 3227 redar-

233 3243 347 3280 guatur
352 3234 425 3279 fals
419 3249 468 3269 am
490 3236 529 3270 ab
549 3241 701 3281 Apostolica
711 3244 785 3278 Sede
794 3245 925 3287 detuliffe
942 3243 1092 3287 epistolam
1103 3268 1113 3284 ,

238 3285 293 3318 vel
300 3286 386 3318 aliud
395 3288 473 3328 quod
482 3288 552 3321 inde
570 3300 626 3322 non
639 3299 776 3335 venerit,
796 3292 891 3338 salva
907 3293 968 3336 fide
979 3318 989 3334 ,
1014 3296 1050 3328 6·
1071 3299 1111 3326 in·

237 3345 323 3378 tegra
332 3342 410 3370 circa
421 3336 604 3379 apostolicum
614 3337 777 3377 bumilitate
789 3369 799 3384 ,
820 3353 916 3386 penes
935 3342 1113 3387 Episcopum

229 3383 274 3427 fit
286 3385 415 3430 potestas
428 3411 440 3430 ‚
465 3388 563 3422 utrum
592 3400 660 3424 eum
680 3395 713 3424 in
721 3403 861 3428 carcerem
871 3418 884 3436 ,
908 3403 960 3429 aut
980 3400 1012 3429 in
1023 3395 1113 3427 aliam

1919 110 1976 155 81

1168 193 1309 228 detrudat
1318 191 1498 234 custodiam,
1522 192 1667 237 usquequo
1674 203 1727 238 per
1737 195 1902 239 epistolam,
1925 206 1981 231 aut
1989 206 2045 239 per

1170 247 1284 278 idoneos
1290 242 1356 287 suae
1361 249 1462 286 partis
1478 246 1607 286 Legatos
1621 245 1806 286 Apifiolicam
1819 248 1986 290 interpellet
1996 250 2045 280 Su-

1170 296 1348 329 blimitatem
1361 318 1372 335 ‚
1397 302 1432 327 ut
1448 294 1625 337 pottffimum
1638 292 1698 336 sua
1709 293 1815 335 sanHa
1825 300 1982 341 Legatione
2003 299 2048 331 di-

1165 355 1275 391 gnetur
1296 346 1469 385 decernere,
1490 345 1570 386 quid
1587 344 1627 377 de
1645 342 1757 376 talibus
1774 346 1852 385 justo
1868 349 1969 383 ordine
1981 351 2048 383 Lex

1171 400 1306 430 Romana
1326 394 1442 434 statuat
1450 394 1594 438 definire,
1618 402 1654 427 ut
1680 395 1715 427 ό·
1732 397 1760 425 is
1770 400 1948 438 corrigatur,
1972 398 2049 432 &tn

1168 451 1281 480 caeteris
1304 446 1407 479 modus
1428 451 1616 488 imponatutk.
1642 442 1755 478 Verba
1776 467 1789 484 ‚
1815 444 1976 485 Epistolam
2000 448 2052 481 vel

1169 498 1273 537 aliud,
1297 497 1379 538 quod
1397 497 1467 529 inde
1486 507 1544 528 non
1559 499 1697 536 venerit,
1723 494 1852 527 faciunt
1874 493 1963 529 hunc
1984 498 2050 530 sen-

1171 548 1260 580 sum:
1287 547 1383 590 ,Quod
1401 547 1470 579 inde
1480 553 1586 579 venire
1606 556 1663 578 non
1672 543 1827 578 debuerit.
1856 543 1989 586 Verba,
2015 550 2052 578 In

1172 602 1339 630 memoriam
1350 599 1442 630 Beati
1456 599 1542 630 Petri
1560 595 1681 637 Apostoli
1699 594 1872 628 honoremus
1884 617 1895 634 ,
1919 595 2052 628 manife-

1172 646 1215 678 stc
1225 646 1359 680 laudant
1373 658 1411 680 ac
1422 646 1554 681 firmant
1567 644 1770 680 Sardicenses
1780 644 1822 679 de
1832 645 1985 679 Romana
1997 657 2053 688 ap-

1172 696 1348 739 pellatione
1359 696 1515 730 Canones
1524 708 1534 728 ι
1561 696 1699 730 Carolus
1708 695 1903 730 lamentatur
1913 718 1924 735 ,
1936 695 2056 730 &cum

1173 745 1327 789 patientia
1352 757 1391 779 ac
1411 746 1588 780 devotione
1614 746 1722 780 suffert
1749 744 1925 780 hominum
1951 744 2057 786 vitia,

1172 796 1280 830 datam
1305 795 1395 830 illisa
1407 797 1483 831 Deo
1495 795 1685 840 potestatem
1697 795 1837 830 honorat
1863 807 1901 830 ac
1925 806 2056 830 venera-

1173 856 1244 880 tur.
1272 845 1350 880 Hoc
1371 846 1417 880 est
1437 847 1500 880 effe
1512 846 1696 889 Principem
1716 844 1979 886 orthodoxum,
2005 855 2059 880 ve·

1174 907 1308 941 rumque
1330 895 1512 931 Catholicae
1533 896 1651 931 Matris
1661 895 1789 931 filium:
1816 899 1889 928 Non
1909 896 1999 930 verbo
2022 896 2058 930 θ

1172 947 1297 990 lingua,
1316 945 1378 989 sed
1398 955 1483 989 opere
1507 948 1542 981 θ
1562 952 1709 982 veritate.

1229 997 1282 1029 Ex
1303 996 1427 1029 cunctis
1440 996 1605 1033 Carolinis
1615 996 1765 1042 Regibus
1775 1006 1861 1032 unus
1881 996 1949 1032 fere
1958 994 2061 1030 Caro-

1175 1045 1225 1080 lus
1238 1044 1385 1085 Calvus,
1409 1045 1429 1078 32
1453 1043 1629 1079 Rhemenfi
1654 1048 1843 1082 Hincmaro
1862 1047 2062 1081 circumscri-

1175 1105 1269 1140 ptus,
1295 1095 1364 1140 egit
1378 1095 1412 1128 in
1424 1093 1499 1128 istas
1507 1092 1775 1138 Appellationes.
1804 1097 1897 1132 Hinc
1906 1096 2064 1140 post-mo-

1176 1146 1221 1181 do
1241 1155 1319 1180 nata
1340 1145 1426 1179 inter
1445 1144 1551 1188 ipsum
1577 1155 1616 1178 ac
1627 1144 1751 1178 dietum
1771 1145 1993 1181 Hine-marum
2014 1144 2066 1180 di-

1178 1196 1303 1231 scordia
1316 1195 1441 1239 aperuit
1453 1195 1500 1228 illi
1512 1195 1649 1234 oculos,
1676 1193 1807 1236 adjutos
1826 1192 1870 1227 ab
1881 1196 2065 1230 ambitione

1178 1245 1404 1282 Occidentalis
1415 1244 1562 1289 Imperii.
1591 1243 1725 1279 Etenim
1743 1241 1876 1278 tandem
1897 1245 1932 1276 in
1956 1242 2066 1277 Ludo-

1179 1296 1244 1332 vici
1255 1296 1297 1331 11.
1309 1295 1519 1340 Imperatoris
1530 1319 1542 1335 ,
1569 1295 1618 1328 sui
1629 1306 1669 1329 ex
1682 1294 1779 1328 fratre
1791 1293 1920 1337 nepotis
1931 1317 1943 1335 ‚
1955 1292 2067 1327 Thro-

1179 1358 1259 1381 num
1281 1345 1398 1380 electus
1407 1345 1452 1380 est
1472 1346 1490 1380 a
1510 1345 1636 1390 Joanne
1646 1343 1740 1379 V111.
1752 1343 1917 1380 Pontifice
1943 1355 1981 1377 ac
2003 1344 2067 1378 lta-

1181 1398 1229 1431 iiae
1249 1396 1419 1441 Episcopis
1432 1419 1443 1437 ,
1469 1407 1507 1430 ea
1531 1405 1642 1430 tamen
1661 1395 1756 1439 lege,
1780 1404 1818 1429 ut
1840 1394 1874 1428 in
1892 1393 2067 1429 Ticinenfi

1179 1448 1361 1482 Conventa
1381 1446 1500 1480 faceret
1519 1445 1607 1479 hanc
1629 1444 1876 1489 professionern:
1904 1448 1944 1478 Ut
1955 1443 2068 1477 saneta

1180 1502 1318 1531 Romana
1339 1495 1486 1538 Ecclefia,
1507 1494 1578 1539 ficut
1594 1495 1632 1536 est
1652 1499 1754 1539 Caput
1775 1501 1905 1530 omniunt
1927 1493 2070 1536 Ecclefia·

1181 1557 1272 1586 rum,
1295 1552 1342 1579 ita
1361 1547 1401 1579 ab
1411 1546 1548 1579 omnibus
1572 1546 1729 1580 honoretur
1754 1557 1788 1580 ac
1797 1555 1975 1580 veneretur.
2002 1549 2071 1578 Ne-

1181 1606 1237 1637 que
1259 1594 1416 1639 quisquam
1433 1603 1537 1628 contra
1542 1596 1598 1636 jus
1624 1593 1932 1636 &potestatemipfius
1952 1593 2069 1635 aliquid

1179 1645 1287 1684 injuste
1298 1656 1386 1686 agere
1393 1642 1559 1687 prasumat
1570 1667 1581 1682 ,
1602 1642 1661 1686 sed
1669 1645 1755 1677 liceat
1766 1649 1793 1677 ei
1814 1644 1947 1677 debitum
1966 1651 2069 1676 tenere

1182 1698 1336 1736 vigorem,
1361 1692 1397 1725 ⁴&
1402 1699 1459 1733 pro
1468 1690 1633 1734 universali
1644 1691 1770 1732 Ecclesia
1789 1692 1968 1731 pastoralem
1985 1691 2070 1724 exhi-

1182 1742 1250 1776 bere
1261 1751 1381 1781 curam,
1404 1749 1497 1783 atque
1504 1741 1607 1774 sacris
1622 1739 1763 1783 precibu:
1781 1746 1913 1773 omnium
1930 1747 1987 1781 pro
2009 1751 2070 1773 om-

1183 1792 1270 1826 nibus
1292 1789 1481 1832 interpellare
1499 1788 1654 1824 authorem
1672 1814 1682 1824 .
1706 1793 1747 1825 Ut
1767 1789 1859 1823 bonor
1882 1794 2006 1824 Domino
2033 1792 2069 1824 <w

1177 1841 1332 1886 spirituali
1345 1844 1435 1874 Patri
1455 1839 1546 1880 nostro
1558 1864 1568 1879 ,
1587 1844 1620 1886 J
1621 1846 1714 1874 oanni
1721 1839 1836 1884 fitmmo
1848 1840 2006 1883 Pontifici,
2033 1842 2070 1875 ὁ·

1183 1891 1349 1926 venerabili
1361 1889 1523 1935 universali
1535 1893 1630 1932 Papae
1641 1914 1654 1931 ‚
1677 1891 1717 1924 ab
1726 1891 1863 1924 omnibus
1872 1889 2068 1935 conservetur:

1185 1945 1232 1976 Et
1241 1939 1472 1986 qua-secundum
1483 1942 1603 1974 sacrum
1623 1939 1814 1981 ministerium
1828 1939 1918 1985 suum
1938 1939 2068 1973 authori.

1184 2002 1247 2027 tate
1271 1991 1428 2035 apostolica
1446 1991 1634 2031 decreverit,
1656 2002 1723 2025 cum
1736 1988 1858 2034 summa
1876 1996 2068 2025 veneratione

1182 2043 1222 2076 ab
1244 2042 1376 2076 omnibus
1392 2039 1594 2084 suscipiantur
1608 2064 1617 2074 .
1641 2043 1689 2075 Et
1710 2041 1814 2075 debita
1834 2042 1880 2075 illi
1899 2040 2067 2076 obedientia

1183 2092 1224 2126 ab
1247 2092 1383 2126 omnibus
1402 2089 1588 2134 conservetur
1609 2115 1618 2124 .
1643 2090 1744 2125 Certe
1766 2090 1919 2134 profeffio
1937 2091 2068 2126 videtur

1181 2143 1348 2186 desumpta
1359 2152 1402 2175 ex
1413 2140 1543 2175 novella
1554 2140 1628 2185 lege
1638 2139 1869 2175 Valentiniani
1881 2140 1937 2176 111.
1958 2141 2069 2189 Qid·

1181 2192 1261 2236 quid
1274 2192 1312 2226 fit
1324 2217 1335 2233 ,
1361 2191 1463 2235 ipsam
1475 2189 1616 2225 Carolus
1625 2191 1778 2235 repetivit
1790 2191 1823 2225 in
1837 2191 2070 2236 pontigonen-

1183 2243 1205 2276 s1
1231 2241 1370 2285 Synodo
1395 2251 1506 2274 coram
1532 2241 1668 2285 Legatis
1692 2239 1833 2283 ejusdem
1868 2240 2068 2282 pontificis,

1183 2302 1266 2336 aque
1279 2292 1326 2326 ita
1338 2290 1406 2334 ejus
1420 2287 1569 2333 Augusta
1581 2291 1695 2324 electio
1718 2291 1781 2325 fuit
1790 2291 2003 2334 comprobata
2028 2302 2069 2326 ac

1180 2342 1314 2377 admiffa
1325 2340 1428 2375 etiam
1440 2340 1458 2373 ὲ
1470 2339 1652 2374 Gallicanis
1668 2340 1837 2383 Episcopis
1849 2365 1856 2373 .
1883 2340 1989 2384 Ipsam
2000 2351 2071 2374 om·

1181 2393 1262 2427 nino
1274 2390 1350 2426 fecit
1363 2400 1478 2425 contra
1491 2389 1632 2434 impetus
1643 2414 1654 2431 ‚
1680 2390 1799 2434 quibus
1810 2391 1980 2425 Romanas
2003 2390 2073 2435 Ap-

1184 2442 1373 2486 pellationes
1392 2440 1553 2475 invaserat
1567 2465 1575 2472 .
1603 2440 1647 2474 Et
1665 2441 1870 2475 Clericorum
1892 2440 1994 2476 etiam
2014 2452 2070 2484 ap-

1181 2491 1372 2537 pellationes
1385 2487 1542 2523 Pontifex
1554 2488 1712 2523 stabilitas
1725 2490 1847 2524 voluit.
1874 2489 1967 2524 Hinc
1977 2489 2068 2524 enim

1188 2544 1222 2576 in
1249 2539 1491 2584 Pontigonenfi
1516 2538 1655 2582 Synodo
1675 2537 1835 2573 habemus
1852 2538 1951 2574 etiam
1978 2538 2069 2575 hunc

1179 2591 1390 2626 Articulum:
1415 2590 1532 2632 ,Quinto
1549 2600 1642 2621 nonas
1653 2590 1743 2633 Julii
1763 2599 1961 2623 convenerunt
1987 2593 2065 2631 Epi-

1171 2641 1253 2686 scopi
1258 2641 1321 2682 fine
1334 2645 1511 2681 Imperatore
1521 2663 1528 2671 .
1556 2641 1602 2671 Et
1613 2637 1804 2684 babitaesunt
1812 2645 2010 2673 contentiones
2023 2640 2066 2674 de

1181 2692 1363 2731 Presbyteris
1384 2700 1422 2723 ex
1442 2686 1567 2730 diverfis
1589 2688 1743 2722 parochiis
1761 2714 1775 2731 ,
1797 2690 1999 2723 clamantibus
2019 2690 2065 2723 ad

1179 2747 1307 2787 Legatos
1330 2739 1499 2783 apostolicos
1511 2764 1520 2771 .
1547 2741 1593 2771 Et
1598 2738 1638 2780 fic
1651 2737 1750 2782 soluta
1769 2740 1810 2781 est
1820 2741 1949 2780 synodus
1968 2745 2002 2773 in
2014 2739 2065 2772 illo

1176 2795 1228 2828 die
1253 2818 1260 2826 .
1288 2791 1382 2827 Citra
1403 2789 1572 2823 causarum
1594 2787 1826 2825 definitionem
1846 2815 1852 2822 .
1879 2789 2065 2824 Postmodo

1181 2855 1290 2879 autem
1312 2841 1479 2876 revestitus
1497 2839 1542 2873 est
1565 2837 1781 2884 Adalgaudus
1798 2840 1990 2882 Presbyter,
2018 2850 2065 2874 re-

1178 2892 1366 2930 trasta'torio
1387 2890 1519 2933 Judicio
1537 2889 1642 2924 dilato
1666 2890 1710 2925 ad
1735 2900 1879 2934 quatuor
1914 2889 2063 2923 Menses.

1180 2944 1235 2979 Est
1250 2942 1415 2977 revestitus
1426 2951 1494 2974 non
1520 2951 1576 2983 pet
1590 2940 1769 2983 Episcopus
1782 2963 1793 2980 ,
1818 2940 1872 2974 sed
1895 2951 1952 2983 per
1972 2937 2063 2982 Apo-

1180 2994 1312 3029 stolicos
1334 2991 1493 3036 Legatos.
1520 2990 1570 3024 Ita
1593 2990 1748 3024 Romana
1769 2989 1976 3026 Clericorum
1994 2987 2063 3033 Ap·

1177 3044 1312 3091 pellatio
1331 3041 1377 3077 est
1390 3041 1461 3075 istic
1471 3039 1567 3085 plene
1578 3039 1735 3075 stabilita.

1158 2919 1163 2958 Ι

1835 3439 2012 3477 CAPUT
2078 3480 2082 3485 ,
