2326 3718
673 128 960 175 RoMAms
994 125 1581 171 Attumne-smnus.

355 265 735 319 CAPUT-
785 267 955 312 XXIV.

218 386 482 456 Dg'ftutiuntur
504 385 677 454 exempla
702 382 868 431 addueia
882 402 950 453 per
964 386 1096 431 Domi-

402 478 490 507 num
503 464 656 505 Petrum
674 454 717 503 de
730 461 881 503 Marca
895 492 908 503 .

315 569 459 604 Ominus
471 565 767 610 Archi-Episcopus
783 568 920 602 affirmat
931 567 984 599 sua
995 564 1099 598 Com·

339 629 449 654 menta
462 617 649 651 confirmati
661 617 808 659 plurimis
818 615 988 659 exemplis.
1016 613 1096 647 Hoc

217 672 266 705 est
290 671 449 715 primum:
475 671 611 701 Primum
636 671 736 708 itaque
756 667 923 708 exemplum
939 670 1055 707 petitur
1076 665 1096 696 ἃ

217 722 346 754 Concilio
354 716 519 759 sardicensi
526 742 535 757 ,
545 718 626 760 quod
638 718 675 750 de
677 719 711 761 J
713 718 818 750 udiciis
828 718 850 749 ἃ
860 716 979 754 synodis
992 717 1077 752 Tyria
1085 740 1095 756 ,

216 770 417 809 Antiocheno,
445 771 479 803 &
491 767 815 808 constantinopolitana
834 766 983 799 adversas
1006 763 1097 797 Atha-

214 818 327 862 nafium
337 818 514 862 Episcopum
526 818 761 851 Alexandrinum
772 840 783 857 ,
808 817 843 851 (tr
855 816 1026 849 Marcellum
1038 819 1098 848 An-

213 880 353 910 vyranum
362 870 435 903 latis
443 873 579 912 cognovit
586 867 722 910 permiffu
732 871 947 908 Imperatorum
954 869 982 899 C
984 864 1097 904 onstan-

217 926 257 954 m
272 922 308 954 (v
320 918 491 959 constantis
502 942 514 958 ,
539 923 591 959 qui
601 927 700 949 eorum
717 914 836 957 causam
855 916 1014 948 retrudari
1032 925 1097 947 con-

217 970 372 1014 cefferant.
405 968 534 1010 lagenae
542 966 577 997 id
581 964 701 1005 fatetur
713 963 783 1005 ipsa
793 965 921 1003 synodus
933 969 966 997 in
978 962 1097 1005 epistola

217 1019 357 1058 synodica
375 1016 420 1048 ad
419 1019 454 1062 J
455 1015 547 1048 ulium
559 1017 679 1056 Papam
694 1011 831 1058 scripta:
860 1014 944 1048 Tria
963 1015 1097 1048 fuerunt

214 1078 288 1111 quae
307 1064 471 1100 trastanda
481 1072 589 1099 erant.
616 1063 706 1097 Nam
728 1064 829 1108 &ipsi
851 1064 1097 1110 Religiofiffimi

215 1117 430 1161 Imperatores
441 1114 652 1158 permiserunt
664 1138 676 1154 ‚
701 1122 736 1147 ut
746 1114 788 1148 de
808 1115 940 1159 integro
952 1115 1099 1149 universa

214 1166 354 1203 discuffit
364 1165 602 1208 disputarentur
609 1189 617 1197 .
644 1167 692 1197 Eo
701 1169 915 1206 Imperatorum
922 1165 1059 1208 permiffu
1067 1163 1101 1208 fir

215 1218 343 1256 synodus
363 1213 542 1256 Sardicenfit
567 1213 708 1248 ruebatur
727 1213 876 1249 adversus
902 1216 1101 1250 Orientalium

206 1265 442 1309 ·¹conquestionem
453 1288 464 1305 ,
489 1270 542 1308 qui
551 1264 679 1305 ajebant
691 1266 842 1306 judiciati
854 1263 920 1308 suis
933 1263 1103 1307 Praedeces-

212 1314 526 1361 [oribusfatofum‘lis
540 1314 631 1356 falla
642 1326 701 1348 non
716 1315 794 1358 poffe
814 1315 991 1350 retrudari.
1020 1315 1101 1349 Non

217 1374 287 1402 etat
295 1365 342 1400 fas
350 1375 463 1400 eorum
474 1389 486 1405 ,
511 1364 568 1408 qui
580 1363 646 1407 jam
658 1376 736 1399 cum
749 1366 827 1400 Deo
851 1366 926 1400 suut
937 1389 948 1406 ,
974 1366 1101 1400 senten-

218 1417 301 1455 tiam
321 1414 492 1455 refricare,
517 1424 552 1448 ut
576 1419 715 1457 inquiunt
727 1417 895 1453 orientales
916 1414 1102 1458 insuasyno·

219 1468 291 1500 dica
301 1464 420 1508 epistola
432 1490 442 1500 ,
470 1468 526 1497 Ex
536 1476 572 1499 ea
587 1467 675 1507 porro
687 1465 805 1506 epistola
813 1467 906 1508 colligi
913 1465 1006 1507 potest
1017 1464 1084 1508 usus
1093 1491 1104 1507 ,

220 1520 274 1558 qui
285 1522 349 1548 tum
365 1515 449 1556 apud
462 1513 621 1556 Episcopo:
644 1516 816 1548 invaluerat
825 1538 838 1554 ,
864 1516 1008 1547 auxilium
1019 1518 1106 1547 Prin-

222 1570 323 1607 cipum
342 1565 524 1606 implorandi
551 1563 702 1598 adversus
716 1565 852 1608 Judicia
874 1562 1086 1606 Episcoporum
1098 1587 1106 1596 .

222 1616 314 1648 Nam
330 1623 398 1645 cum
417 1611 654 1645 occidentalibus
678 1612 842 1654 obtuliffem
859 1611 1040 1655 consenfieros
1053 1613 1086 1655 se
1097 1637 1107 1653 ‚

219 1671 262 1697 ut
271 1671 313 1695 ex
322 1669 460 1703 utroque
472 1659 630 1693 Concilio
642 1662 749 1703 Legati
761 1666 794 1694 in
805 1663 972 1704 AEgyptum
982 1667 1105 1694 mittan·

220 1721 276 1746 tur
285 1711 330 1744 ad
339 1707 484 1754 noscenda
493 1707 644 1751 Athanasii
653 1714 779 1745 crimina
792 1735 803 1750 ,
828 1722 894 1743 eam
913 1712 1107 1745 conditionem

222 1762 364 1800 addunt,
379 1758 579 1804 consentirese
592 1761 777 1793 damnationi
783 1759 850 1803 suae
863 1784 873 1800 ‚
893 1760 925 1802 fi
929 1763 1108 1802 calumniam

222 1810 423 1852 eiimpae‘lam
437 1809 527 1853 fuiffe
546 1809 700 1849 constiterit
712 1834 723 1850 ‚
750 1822 785 1844 ac
801 1819 949 1852 praeterea
960 1836 972 1852 ,
998 1810 1108 1854 utipfi's

217 1861 429 1905 praecludatur
452 1864 546 1892 omnis
569 1865 624 1893 via
634 1861 815 1902 implorandi
834 1860 1005 1904 praefidium
1016 1866 1110 1903 Impe-

220 1920 355 1945 ratorum
364 1934 376 1951 ,
401 1918 453 1945 aut
483 1912 606 1944 concilii
621 1934 633 1951 ‚
658 1920 712 1944 aut
732 1916 823 1946 etiam
843 1909 1009 1954 cujuspIam
1032 1914 1110 1954 Epi-

218 1960 318 2006 scopi.

273 2006 474 2054 Respondet>
491 2008 558 2045 haec
568 2010 680 2045 omnia
693 2021 762 2045 non
775 2011 913 2055 spectare
924 2008 966 2046 ad
979 2012 1112 2055 praesen-

220 2068 293 2095 cem
310 2060 563 2094 controversiam
579 2084 590 2101 ,
615 2071 653 2094 ac
666 2061 793 2104 insuper
806 2063 926 2095 scatere
948 2061 1112 2095 erroribus

223 2120 325 2152 atque
335 2109 659 2144 exceffibus.Etenim
671 2121 729 2144 nos
743 2110 796 2147 hie
808 2111 972 2153 querimus
981 2109 1021 2144 de
1034 2111 1112 2144 Pro-

218 2158 413 2193 ·vincialium
425 2158 638 2202 synodorum
660 2157 878 2200 authoritate,
905 2170 947 2194 an
967 2161 1111 2203 suprema

215 2210 262 2243 {it
275 2232 286 2248 ,
313 2219 382 2251 quae
392 2218 452 2242 nec
465 2219 520 2251 pet
535 2210 722 2243 Romanam
735 2209 1003 2252 Appellationem
1016 2209 1109 2253 poffic

219 2258 377 2293 tenenti:
406 2256 454 2291 At
465 2256 543 2291 vero
555 2258 661 2301 Tyria
675 2282 686 2298 ,
709 2258 924 2293 Antiochena
938 2283 949 2298 ‚
975 2260 1009 2293 ὅ(
1022 2259 1111 2293 Con-

220 2307 521 2351 (tantinopolitana
543 2305 670 2351 Synodi
692 2309 824 2343 fuerunt
845 2307 1083 2343 Patriarchales
1097 2333 1107 2349 ‚

221 2357 366 2401 ideoque
389 2357 521 2391 alterius
541 2358 652 2392 forma:
674 2357 800 2392 &fori.
828 2359 873 2393 Et
887 2369 998 2393 tamen
1010 2359 1110 2393 etiam

227 2407 303 2451 ipsae
314 2406 442 2441 fuerunt
467 2418 519 2450 pet
530 2407 717 2441 Romanam
738 2407 1005 2452 Appellationem
1026 2420 1111 2442 con·-

222 2458 318 2491 cuffae
329 2482 336 2489 .
363 2457 508 2492 Fuerunt
521 2456 625 2499 primo
637 2468 691 2501 per
703 2457 825 2500 Julium
835 2458 1032 2492 Pontificem
1044 2459 1111 2492 suc-

225 2507 296 2541 cisae
313 2506 348 2540 &
360 2506 630 2550 circumscriptae,
655 2518 692 2540 ac
707 2507 840 2541 tandem
864 2519 918 2551 per
937 2508 1111 2542 Sardicen-

225 2558 292 2591 sem
307 2555 483 2599 Synodum
494 2555 721 2590 circumductae
739 2569 777 2592 ac
787 2557 963 2592 exsufflatae
974 2583 981 2590 .
1008 2558 1110 2601 quue

223 2606 404 2641 secundum
429 2605 639 2649 Apostolicos
659 2606 814 2641 Canones
827 2631 838 2647 ,
864 2618 963 2651 atque
1005 2609 1110 2642 Nicae-

226 2667 289 2690 nos
299 2681 306 2688 .
328 2656 473 2689 Proinde
485 2655 677 2699 Apostolica
688 2656 783 2691 Sedes
794 2658 931 2692 eandem
944 2658 1043 2702 longe
1054 2670 1110 2701 po-

224 2706 303 2741 &lori
317 2706 391 2750 Jure
403 2706 594 2749 potestatem
618 2705 714 2741 habet
735 2707 769 2740 in
783 2707 909 2750 Judicia
925 2707 1112 2742 Provincia·

228 2757 309 2790 lium
317 2756 529 2798 Synodorum
541 2782 548 2789 .
576 2756 681 2803 Qod
705 2767 812 2797 error,
841 2757 897 2801 qui
918 2758 1111 2793 Provincia-

226 2806 311 2840 lium
336 2806 548 2849 synodorum
575 2806 610 2839 in
633 2805 826 2851 degradatos
853 2807 1033 2852 Episcopos
1053 2818 1109 2843 aut

222 2855 376 2890 Clericos
398 2855 516 2898 judicia
533 2857 672 2891 affirmat
684 2858 828 2900 suprema
853 2858 1110 2901 acinappellabi·

231 2903 298 2944 lia,
321 2905 356 2939 fit
367 2906 486 2948 quinto
510 2907 649 2941 Nicaeno
670 2907 801 2942 Canoni
828 2907 1084 2950 iniuriofiffimus
1098 2933 1108 2950 ,

230 2963 271 2986 ac
283 2953 462 2991 Eusebiano
476 2981 486 2996 ,
513 2957 658 3001 itemque
670 2956 840 2992 Photiano
865 2957 1044 2993 Schismate
1056 2970 1109 3003 pe-

234 3002 303 3046 jor,
330 3004 404 3038 licet
417 3007 538 3040 cunstis
558 3008 762 3050 exploratum
775 3008 979 3052 fit‚expedit
1001 3009 1110 3052 paucis

233 3052 380 3086 ostendi.
392 3056 567 3100 Utriusque
578 3058 678 3102 igitur
688 3055 878 3093 Schismatis
889 3059 1039 3102 pertinax
1050 3059 1109 3093 Se-

232 3104 338 3136 ssator
348 3102 545 3141 Theodorus
566 3107 738 3143 Balsamon
752 3132 762 3148 ,
790 3120 829 3143 ac
850 3109 885 3142 in
908 3108 979 3153 ipso
992 3109 1110 3144 Antio-

233 3149 359 3185 chenus
371 3151 553 3191 Patriarcha
565 3157 763 3193 sardicenses
776 3158 931 3193 Canones
941 3170 1109 3203 exponens

233 3200 347 3235 scribit
368 3203 408 3236 ad
430 3205 580 3240 tertium.-
611 3210 690 3251 ,ραι
710 3219 811 3244 autem
828 3211 865 3242 de
879 3212 966 3251 Papa
985 3202 1109 3252 definita

230 3250 305 3294 sunt
315 3276 325 3292 ,
350 3253 450 3285 eadem
462 3254 500 3286 de
511 3256 689 3292 Patriarcba
701 3259 1021 3302 Constantinopolitano
1035 3259 1109 3304 sunt

234 3302 426 3344 intelligenda
437 3327 448 3344 ,
470 3305 548 3345 quod
557 3309 584 3336 is
596 3306 615 3336 ἃ
624 3308 742 3350 diverfis
754 3309 925 3344 Canonibus
930 3309 1066 3352 similiter
1075 3321 1109 3344 ac

238 3353 326 3394 Papa
337 3350 376 3393 fit
395 3359 428 3385 in
441 3353 574 3386 omnibus
589 3353 744 3391 honoratus
755 3385 763 3392 .
792 3361 842 3394 Ex
863 3361 910 3394 sui
922 3360 1108 3396 Schismatis

235 3400 348 3448 regula
357 3404 463 3440 censet
476 3404 668 3442 Romanum
687 3406 883 3445 Pontificem
902 3411 936 3446 &
945 3411 1103 3446 Constan-

1895 141 1957 184 93

1157 206 1417 252 tinopolitanum
1428 205 1649 241 Patriarcham
1660 210 1723 244 effe
1734 219 1823 254 pares
1832 219 1870 245 ac
1880 210 2035 253 aequales,

1159 258 1298 303 ideoque
1321 258 1362 291 ad
1382 266 1556 299 utrumque
1578 257 1793 299 pariformiter
1809 259 1827 293 ὲ
1846 261 1971 295 cunctis
1982 271 2036 294 eo-

1158 320 1230 343 rum
1251 307 1390 342 subditis
1411 331 1423 348 ,
1448 306 1621 350 Epist-opis
1643 330 1655 347 ‚
1682 307 1818 343 Clericis
1843 322 1880 344 ac
1902 310 2035 351 Laicis,

1157 359 1329 394 adversum
1360 357 1543 402 Synodales
1575 355 1827 392 provinciarum
1860 361 2036 396 sententias

1131 439 1134 442 .
1158 409 1245 454 poste
1265 409 1434 453 provocari
1459 433 1467 441 .
1494 405 1617 442 Eadem
1643 408 1759 450 repetit
1784 407 1819 441 in
1839 405 1974 446 Scholio
1995 412 2038 446 ad

1157 461 1311 504 quintum
1336 459 1510 495 Canonem
1523 472 1535 492 :
1559 457 1646 501 ,Quia
1663 464 1697 491 in
1702 457 1853 500 prioribus
1866 462 2038 495 Canonibus

1158 512 1290 544 diximus
1302 522 1361 544 non
1372 513 1423 553 effe
1434 533 1445 549 ,
1471 520 1536 551 quae
1548 510 1585 542 de
1597 510 1686 550 Papa
1694 508 1852 549 constituta
1859 507 1935 551 sunt
1945 536 1955 550 ,
1972 510 2040 553 spe-

1157 562 1246 594 cialia
1266 564 1330 604 ejus
1353 563 1388 595 (9⁴
1403 557 1495 602 solius
1518 560 1685 602 Privilegia
1706 584 1717 600 ,
1743 568 1779 592 ut
1800 557 1914 602 necesse
1933 559 2040 593 habeat

1158 616 1260 652 quivis
1281 612 1495 645 condemnatus
1508 609 1670 653 Episcopus
1692 610 1736 642 ad
1743 611 1849 643 Sedem
1873 612 2042 642 Romanam

1158 662 1292 695 accedere
1303 686 1315 703 ,
1334 660 1392 704 sed
1413 666 1504 694 etiam
1525 661 1612 703 apud
1627 661 1732 694 Sedem
1745 659 2042 702 Constantinopolita-

1159 721 1230 743 nam
1241 713 1402 752 exaudiri,
1426 712 1531 744 eadem
1540 722 1653 753 quoque
1672 711 1791 744 rursum
1801 712 1929 744 dicimus
1943 735 1951 743 .
1979 709 2046 745 Eo·

1158 760 1232 794 dem
1241 762 1341 796 modo
1352 761 1555 797 sardicenses
1568 761 1726 795 Canones
1739 762 1879 805 exponit
1901 761 2045 803 Joannes

1158 811 1304 845 Zonaras
1318 826 1329 846 .-
1355 813 1455 854 Hujus
1474 810 1653 852 Sardicenfis
1663 816 1797 844 Canonis
1812 809 2046 854 Decretosummi

1160 862 1328 896 Sacerdotes
1347 868 1481 904 antiquae
1505 864 1608 894 Romae
1634 867 1667 893 in
1689 872 1868 903 quacumque
1895 860 1984 904 causa
2003 860 2045 896 ab

1159 909 1313 954 Episcopis
1330 917 1574 954 provocationem
1594 912 1640 944 ad
1659 910 1738 954 ipsos
1763 910 1981 952 darijaffl‘ant,
2008 921 2045 946 ac

1159 963 1286 995 eundem
1307 967 1339 995 in
1354 969 1459 1003 prima
1471 967 1604 995 Nicaena
1615 961 1804 997 OEcumenica
1827 963 1937 1000 synodo
1950 962 2046 995 condi-

1159 1010 1315 1053 tumfuiffe
1332 1010 1420 1051 falso
1443 1014 1612 1052 affirmant.
1639 1014 1732 1056 ‚Quod
1739 1013 1860 1054 quidem
1880 1023 1946 1045 cum
1958 1016 1990 1044 in
2001 1013 2048 1050 sy-

1161 1061 1234 1094 nodo
1244 1059 1476 1104 Cartbaginenfi
1490 1061 1665 1102 propofitam
1679 1062 1806 1106 suffer,
1831 1063 1954 1097 minime
1977 1072 2047 1096 cum

1160 1115 1288 1145 veritate
1309 1109 1468 1153 consentire
1483 1110 1645 1152 probatum
1670 1111 1726 1148 est.
1754 1117 1862 1155 Neque
1882 1118 1974 1156 igitur
1999 1111 2048 1144 bic

1162 1165 1268 1194 Canon
1279 1162 1300 1194 a*
1311 1165 1444 1194 Nicaena
1455 1163 1475 1193 5
1471 1162 1563 1198 ,nodo
1571 1161 1670 1193 editus
1679 1159 1771 1206 fuit,
1796 1172 1889 1202 neque
1898 1162 1942 1196 ad
1950 1160 2050 1205 ipsum

1162 1215 1328 1245 Romanum
1340 1210 1509 1253 Pontificem
1527 1215 1751 1252 provocationes
1779 1209 1817 1242 ab
1827 1211 1962 1243 omnibus
1974 1215 2054 1253 Epi.

1159 1261 1276 1305 scopis,
1296 1259 1355 1304 sed
1375 1261 1464 1294 abiis
1486 1261 1691 1294 tantummodo
1705 1284 1716 1301 ,
1740 1264 1792 1302 qui
1813 1260 1907 1292 eidem
1924 1258 2053 1302 subjee‘lt

1163 1321 1272 1351 erant,
1299 1312 1371 1344 dari
1390 1319 1521 1353 oportere
1542 1313 1686 1345 decernit.
1717 1314 1863 1343 Romanae
1883 1319 1983 1343 autem
1993 1312 2053 1342 Ee-

1163 1361 1251 1404 clefiae
1262 1362 1370 1394 ditioni
1386 1373 1416 1395 eo
1427 1369 1556 1404 tempore
1577 1371 1677 1394 omnes
1693 1360 1763 1402 fere
1772 1362 1940 1394 Occidentis
1953 1360 2055 1393 Eccle-

1158 1412 1212 1456 fiae
1224 1410 1474 1455 subjiciebantur:
1490 1413 1674 1446 Macedoniae
1687 1412 1829 1445 nimirum
1841 1434 1852 1451 ,
1878 1409 2054 1452 Thessalico,

1166 1463 1293 1506 Illyrici,
1319 1465 1468 1502 Graeciae,
1495 1460 1838 1503 Peloponnefi,·&e‚ius
1856 1471 1923 1504 quae
1933 1463 2055 1503 Epirus

1167 1514 1277 1546 dicnur
1287 1535 1298 1551 ‚
1322 1511 1496 1555 quaepostea
1510 1518 1546 1546 in
1557 1511 1959 1554 Constantinopolitan1Jura
1968 1519 2056 1544 tran-

1161 1561 1292 1603 fierunt.
1320 1562 1473 1595 Affirmat
1497 1563 1605 1604 plura.
1630 1560 1767 1600 Primo,
1792 1559 1882 1604 quod
1905 1559 2056 1595 Romani

1169 1610 1347 1645 Pontifices
1361 1610 1560 1654 praetendant
1578 1609 1636 1644 fibi
1657 1621 1712 1653 per
1722 1611 1925 1644 Sardicenses
1945 1610 2058 1644 Cano-

1168 1672 1225 1694 nes
1234 1660 1411 1693 adscribere
1422 1660 1658 1702 appellationes
1666 1660 1817 1693 omnium
1832 1658 1890 1693 sub
1902 1658 1988 1693 coelo
1998 1659 2059 1695 Ec·

1167 1710 1355 1744 clefiarum.
1383 1707 1560 1747 Secundo,
1586 1709 1677 1751 quod
1692 1709 1776 1750 ipsos
1799 1709 1912 1742 dicant
1922 1710 1984 1741 effe
1994 1708 2059 1742 Ni·

1169 1769 1289 1795 caenos.
1304 1756 1443 1799 Tettio,
1456 1757 1547 1799 quod
1558 1767 1733 1800 utrumque
1747 1757 1783 1790 fit
1797 1757 1931 1791 falsum.
1951 1757 2061 1803 Qar-

1170 1811 1206 1844 τὸ
1218 1834 1230 1850 ,
1254 1808 1344 1852 quod
1358 1808 1542 1852 posterioris
1553 1807 1670 1842 falsitas
1686 1816 1794 1850 pateat
1817 1806 1958 1847 exiliis,
1985 1817 2058 1850 quas

1170 1859 1326 1894 Zozimus
1339 1858 1498 1893 Pontifex
1513 1858 1596 1892 olim
1608 1858 1677 1903 egit
1688 1869 1767 1892 cum
1779 1855 1934 1891 Africana
1946 1855 2059 1892 Eccle-

1171 1911 1213 1944 fia
1226 1934 1234 1942 .
1262 1909 1307 1943 Et
1330 1908 1366 1942 in
1380 1907 1431 1942 his
1452 1919 1594 1951 quatuor
1614 1907 1771 1942 convenit
1791 1919 1869 1942 cum
1891 1906 2058 1942 modernis

1171 1957 1396 1994 Novatoribus
1408 1983 1416 1992 .
1442 1958 1576 2005 Quinto
1594 1959 1735 1992 affirmat
1748 1981 1759 1998 ‚
1784 1957 1875 2000 quod
1893 1956 2060 1991 Sardicen-

1171 2011 1211 2044 fis
1232 2009 1384 2053 Synodus
1396 2020 1512 2044 omnes
1535 2009 1664 2043 &solas
1682 2008 1830 2042 Romani
1851 2005 2058 2042 patriarcha-

1173 2070 1224 2093 tus
1234 2059 1468 2103 appellationes
1482 2058 1639 2093 attribuat
1655 2056 1817 2093 Romanis
1827 2057 2057 2092 Pontificibus.

1172 2110 1253 2142 Hoc
1273 2108 1378 2142 libens
1403 2109 1590 2152 profitetur.
1619 2109 1663 2142 Et
1688 2107 1838 2152 adjungit
1863 2107 2058 2142 Romanum

1173 2156 1433 2193 patriarchatum
1455 2159 1548 2193 fuisse
1567 2167 1649 2192 tunc
1667 2158 1898 2193 vastiffimum:
1924 2157 2058 2202 Nempe

1172 2218 1250 2243 ante
1259 2209 1386 2252 rapinas
1397 2220 1434 2242 ac
1444 2207 1616 2242 violentias
1626 2207 1833 2251 Imperatoris
1842 2208 1964 2242 Leonis
1973 2208 2059 2242 Isau-

1173 2259 1197 2292 ri
1212 2284 1219 2291 .
1233 2258 1380 2292 Eandem
1396 2258 1567 2292 veritatem
1580 2259 1614 2291 in
1627 2257 1850 2300 Alphabetico
1863 2259 2059 2302 syntagma-

1172 2318 1204 2343 te
1217 2308 1388 2350 profitetur
1410 2306 1582 2350 Mattheus
1602 2307 1776 2342 Blastares.
1804 2308 1847 2341 Et
1870 2319 1986 2342 omnes
1998 2308 2058 2342 alii

1171 2359 1346 2392 Sestatores
1358 2358 1447 2392 istius
1458 2355 1638 2392 schismatis
1650 2383 1657 2390 .
1685 2360 1719 2393 O
1733 2356 1977 2391 lamentabilem
1991 2358 2058 2391 mi·-

1170 2409 1283 2442 seriam
1296 2407 1481 2443 nostrorum
1503 2412 1709 2451 temporum!
1736 2407 1798 2442 Per
1809 2407 1887 2441 talia
1908 2407 2059 2441 testimo·-

1169 2459 1223 2491 nia
1240 2458 1471 2500 compellimur
1490 2457 1527 2490 in
1550 2457 1761 2492 Orthodoxis
1772 2457 1974 2491 Dostoribus
1993 2459 2059 2493 frae·

1173 2518 1248 2541 nare
1260 2517 1378 2540 vocum
1390 2506 1568 2540 novitates.

1218 2557 1346 2591 Primus
1371 2554 1466 2600 porro
1487 2566 1575 2589 error
1585 2555 1652 2596 est,
1678 2555 1768 2600 quod
1794 2556 1986 2596 Sardicenfis
2000 2558 2059 2601 Sy.

1170 2607 1278 2643 nodus
1286 2606 1505 2643 Orientalium
1518 2605 1728 2646 synodorum
1739 2630 1749 2646 ‚
1769 2617 1806 2640 ac
1818 2607 2055 2650 appellantium

1171 2659 1408 2702 Episcoporum
1420 2657 1548 2690 causam
1560 2656 1775 2690 retractaverit
1785 2668 1827 2691 ex
1843 2657 2055 2701 delegatione

1168 2708 1381 2750 Principum.
1409 2706 1544 2740 Etenim
1557 2706 1622 2750 ipsa
1644 2706 1798 2748 Synodus
1815 2706 1933 2741 diserte
1944 2706 2055 2741 scribit

1170 2760 1200 2793 se
1220 2769 1261 2793 ex
1283 2757 1354 2792 solo
1373 2755 1563 2799 Principum
1595 2756 1744 2799 permissu
1766 2758 1886 2802 egiffe,
1916 2768 1984 2791 non
2011 2769 2054 2792 ex

1169 2809 1311 2852 ipsorum
1335 2806 1544 2851 delegatione
1553 2816 1608 2839 aut
1623 2805 1779 2848 juffione.
1807 2808 1977 2842 Generalis
1993 2809 2053 2851 Sy·

1171 2858 1275 2892 nodus
1286 2857 1329 2891 est
1345 2881 1357 2897 ‚
1383 2868 1452 2891 non
1466 2856 1566 2892 solius
1579 2856 1747 2898 Ecclefiae,
1774 2859 1826 2892 sed
1837 2858 1936 2892 etiam
1950 2858 2054 2891 totius

1170 2907 1371 2951 Reipublicae
1390 2907 1595 2942 commotio:
1624 2907 1716 2941 Hinc
1736 2908 1803 2942 fine
1826 2907 1889 2941 isto
1901 2906 2052 2951 permiffu

1168 2958 1235 2993 fieri
1257 2968 1425 3000 nunquam
1448 2957 1576 3001 potuit.
1604 2955 1780 2991 Praesertim
1804 2956 1871 2991 istis
1897 2958 2052 3001 tempori-

1169 3008 1228 3043 bus
1247 3033 1259 3050 ,
1283 3007 1426 3051 quibus,
1453 3016 1488 3041 ut
1510 3007 1643 3042 Sanetus
1663 3009 1806 3051 Optatus
1831 3006 2050 3041 Milevitanus

1169 3060 1214 3093 ait
1225 3084 1235 3099 ‚
1262 3069 1329 3091 non
1347 3057 1522 3101 Imperium
1534 3057 1568 3089 in
1581 3056 1718 3091 Ecclesia
1729 3081 1740 3098 ,
1766 3057 1819 3092 sed
1831 3057 1969 3092 Ecclesia
1982 3066 2050 3091 erat

1170 3110 1203 3143 in
1228 3108 1369 3152 Imperio
1393 3132 1400 3140 .
1426 3107 1587 3141 Pontifex
1619 3107 1791 3149 Synodum
1821 3106 2049 3151 concipiebat,

1168 3159 1234 3202 ejus
1255 3160 1366 3193 causas
1395 3156 1581 3201 exponebat
1601 3155 1746 3204 Principi
1759 3182 1770 3198 ,
1797 3157 1892 3201 ipfius
1912 3157 2049 3202 postula-

1170 3209 1223 3244 bat
1235 3209 1439 3253 permissum,
1464 3207 1596 3250 ipsoque
1606 3206 1745 3244 obtento
1767 3208 1933 3243 indicebat
1943 3211 2048 3251 syno-

1169 3259 1247 3295 dum
1261 3284 1267 3294 .
1294 3259 1342 3293 lta
1355 3259 1473 3292 fastum
1484 3256 1662 3292 Sardicenfi
1675 3258 1812 3301 Synodo
1821 3283 1832 3300 ,
1859 3259 1965 3302 palam
1978 3258 2048 3292 scri-

1169 3310 1216 3345 bit
1237 3311 1369 3346 Sanstus
1383 3305 1622 3342 Athanafiusin
1634 3308 1770 3352 epistola
1788 3310 1829 3344 ad
1841 3311 1915 3344 suos
1926 3305 2047 3343 Mona-

1168 3360 1268 3396 chos:
1294 3364 1395 3392 Romae
1404 3364 1572 3402 congregati
1584 3357 1724 3402 Episcopi
1746 3363 1840 3403 prope
1851 3366 2046 3404 quinquaglm

1168 3421 1222 3454 ta,
1250 3408 1453 3454 Eusebianos,
1478 3418 1512 3443 ut
1528 3407 1679 3453 suspec‘los
1690 3422 1726 3446 ac
1745 3417 1881 3447 timentes
1888 3409 1923 3455 se
1925 3409 2042 3451 fistere.

1937 3467 1996 3492 non
