2326 3718
56 2712 120 2745 Lib.
146 2723 174 2748 7.

56 2752 143 2791 Epist.
165 2763 191 2788 7.

317 116 383 181 40

737 113 824 159 De
862 111 1229 157 Gnttlcnulc
1279 109 1589 160 Ecctesrffl

251 210 288 236 ut
301 201 371 245 ejus
389 197 563 235 innovatio
586 206 755 240 nunquam
775 198 923 234 debuerit
936 198 1096 243 postulari
1114 198 1133 233 a
1193 195 1335 232 terceffit.
1357 197 1409 234 Et
1414 198 1547 235 tandem
1558 197 1687 232 causam
1699 194 1835 232 deduxit
1846 195 1886 232 ad
1897 199 2068 242 synodum

250 246 421 295 Principe.
449 250 528 295 Quo
542 244 644 292 igitur
655 247 732 281 fuco
746 246 810 283 dici
829 249 922 294 poffit
943 250 1036 286 fuisse
1046 249 1132 284 limi·

247 308 313 337 tata
324 299 365 336 ad
375 300 544 345 personam
557 296 656 332 solius
668 297 832 333 Damasi?

354 405 594 411 .....-—.-—-⁴---
887 409 1018 416 L-q-0
1033 412 1038 417 ,
1078 413 1115 417 -

383 469 789 529 ‘CAPUT
868 486 925 528 x.

248 604 532 656 Examinantur
559 600 638 649 alia
666 604 928 658 Romanarum
960 601 1129 655 &Gallia

417 670 719 740 Appellationum
731 671 926 747 Exempla
938 709 952 721 .

318 792 488 829 Aschafius
558 792 721 828 uesnellus
757 792 824 827 haec
850 793 966 828 iterum
994 795 1124 831 scribit:

342 845 468 885 Major-is
481 849 619 879 momenti
641 843 677 884 est
691 845 808 879 Proculi
821 844 993 887 Maffllienfis
1006 846 1125 892 Episco-

239 899 273 935 pi
283 892 370 936 causa
379 916 390 933 ,
415 896 496 935 cuius
508 892 590 937 adse
600 895 721 938 traxisse
743 899 833 929 etiam
843 900 978 936 pritnam
988 904 1120 940 cognitio-

240 954 308 976 nem
317 946 460 978 zozimus
473 943 616 986 Pontifex
627 946 737 980 dicitur
769 945 897 985 instante
909 947 1042 984 Patroclo
1056 952 1129 980 Are-

240 992 363 1035 latenfi‚
389 996 477 1037 cujus
504 995 643 1034 &studio
660 994 797 1037 depositus
811 995 849 1034 est
860 1020 867 1027 .
897 1003 958 1031 Hoc
977 996 1123 1041 Illustrff—

239 1053 306 1076 mus
319 1046 428 1078 Petrus
444 1046 481 1079 de
493 1048 598 1079 Marta
607 1047 680 1078 dicit
691 1045 791 1084 adum
803 1045 854 1087 effi·
863 1046 964 1081 Romae
971 1045 1035 1088 post
1047 1050 1120 1080 Gra-

237 1098 320 1126 nani
338 1096 428 1138 legem
447 1095 668 1140 promulgatam
690 1110 701 1134 ·,
724 1104 795 1135 quae
818 1096 944 1128 Romani
967 1097 1119 1139 Pontificis

230 1142 349 1183 ,iudicio
368 1143 548 1187 commiserat
562 1144 821 1183 uetropolnams.
848 1144 1012 1194 ,Quidquid
1023 1146 1062 1188 fit
1085 1150 1121 1181 de

236 1190 291 1225 bac
299 1194 380 1236 lege,
392 1206 448 1228 non
459 1193 497 1229 est
508 1201 557 1224 cur
568 1203 620 1224 nos
634 1195 753 1232 Zozimi
767 1202 887 1228 conatus
897 1190 948 1238 iste
954 1198 1118 1238 plurimum

235 1239 389 1284 sollicitet.
422 1242 557 1278 Primum
579 1248 658 1276 enim
668 1243 774 1287 exsblo
783 1245 877 1282 FatVo
891 1248 948 1287 jus
961 1246 1041 1290 nasci
1061 1255 1119 1281 cui·

235 1302 326 1333 quam
337 1302 394 1325 non
400 1291 494 1334 potest
504 1316 514 1333 ,
538 1291 708 1336 presertim
717 1305 781 1328 cum
791 1304 992 1339 repugnantes
1013 1299 1047 1335 ὀ·
1056 1309 1117 1331 con-

232 1342 416 1375 tradicentes
438 1341 671 1387 habetadversae
692 1351 793 1387 partis
808 1349 953 1379 Patronos
965 1372 973 1380 .
1000 1350 1118 1386 Deinde

234 1390 354 1426 zozimi
375 1392 504 1429 Padum
516 1395 753 1435 appellationum
770 1397 827 1436 jus
847 1407 1032 1440 nequaquam
1043 1404 1113 1432 atti·

199 1484 201 1486 v
230 1451 285 1476 net
295 1465 306 1482 ‚
333 1452 427 1485 neque
435 1454 474 1477 ex
484 1444 701 1486 sardicensibus
726 1441 898 1480 Canonibur
914 1454 1116 1490 patrocinium

229 1491 352 1525 trabere
361 1492 452 1536 potest
463 1520 470 1527 .
499 1499 541 1529 Hi
554 1500 632 1527 enim
643 1507 693 1529 nec
703 1497 740 1530 de
745 1501 847 1537 prima
858 1504 1017 1540 cognitione
1027 1523 1038 1540 ,
1063 1510 1118 1534 nec>

228 1542 267 1576 de
278 1544 482 1584 appellatione
495 1546 658 1591 quidquam.
671 1545 783 1583 babent
793 1571 804 1590 ‚
825 1545 884 1590 sed
892 1549 928 1583 de
943 1546 1007 1593 jola
1020 1561 1072 1581 cau
1069 1548 1116 1591 [α
1143 1577 1145 1579 ,

227 1596 263 1626 itt
279 1594 443 1627 Provincia
452 1593 521 1636 ipsa
532 1595 742 1631 retrat‘latione
753 1598 946 1636 procuranda
955 1618 963 1628 .
992 1600 1114 1636 Tertio,

225 1639 417 1680 etlt'nolumus
450 1642 699 1682 epistoiinzozimi
711 1642 801 1685 fidem
821 1644 962 1688 derogare
973 1669 985 1684 ,
1011 1645 1113 1678 nihilo

224 1695 323 1725 minus
331 1696 420 1723 totius
433 1689 515 1730 istius
528 1696 635 1731 negotii
644 1697 721 1723 ratio
730 1703 788 1722 nott
803 1691 883 1731 satis
893 1691 1046 1733 perspecqa
1060 1692 1114 1725 ha-

224 1740 310 1773 betur
323 1761 335 1778 ,
359 1749 427 1779 quae
437 1748 496 1771 non
516 1736 575 1779 nisi
581 1748 626 1772 etr.
642 1737 689 1773 bit
701 1737 825 1779 epistolis
836 1738 988 1783 innotescit
1003 1766 1011 1773 .
1037 1745 1114 1774 Cum

224 1793 305 1824 enim
314 1786 509 1823 authoritatis
521 1790 541 1821 5
542 1788 607 1821 edis
614 1785 681 1830 sure
690 1788 910 1831 amplificandae
929 1790 1028 1831 studio
1045 1792 1116 1834 plu-

225 1839 336 1877 rimum
343 1837 482 1881 labor-affe
495 1843 687 1871 convincatur
696 1850 734 1875 ex
748 1838 899 1882 Africanis.
913 1846 1113 1882 monimentis,

226 1900 285 1922 non
295 1889 452 1924 temerarie*
461 1890 632 1929 conjicimus
650 1890 774 1922 eandem
788 1889 946 1935 Repulsam
953 1893 1069 1935 paffum
1081 1899 1112 1927 in

227 1940 338 1973 Galliis
364 1941 522 1974 zozimum
535 1963 548 1980 2
571 1951 663 1983 quam
684 1945 717 1972 in
731 1938 833 1981 Africa
846 1965 853 1972 .
883 1941 1037 1976 Honorat
1051 1944 1113 1977 Zo-

226 1989 348 2024 zimum
361 2012 374 2029 2
400 1989 448 2023 uti
472 1990 563 2032 supra
578 1989 754 2027 honoravit.
767 1991 929 2035 Magnum
942 1991 1088 2027 Leonem
1103 2008 1112 2026 :

226 2039 379 2074 Affirmat
390 2040 446 2084 ipsi
459 2040 543 2074 circa
555 2038 755 2084 Apostolicae
766 2041 859 2075 Sedis
868 2041 935 2084 jura
959 2054 1028 2077 non
1052 2045 1114 2077 esse

227 2089 424 2126 credendum
438 2114 446 2123 .
474 2089 517 2125 Et
526 2091 696 2126 Romanas
707 2092 941 2136 appellationes
952 2101 1030 2128 tunc
1041 2105 1109 2128 non

229 2141 365 2186 uiguisse
390 2140 423 2173 in
436 2141 544 2174 Gallia
558 2166 567 2175 .
597 2144 605 2153 ‘

280 2190 342 2224 Rei
356 2191 498 2226 seriesest
514 2192 624 2235 paucis
634 2191 846 2237 exponenda.
875 2194 1021 2230 Solidam
1034 2194 1113 2229 Nar-

230 2240 324 2274 bonae
335 2240 547 2277 Provinciam
564 2243 711 2288 Magnus
724 2244 962 2279 Constantinus
987 2246 1113 2279 videtur

230 2290 364 2325 divisisse
377 2291 409 2324 in
423 2291 647 2327 Viennensem
674 2294 708 2329 &
724 2293 972 2328 Narbonensem
984 2319 991 2327 .
1021 2294 1113 2329 Prio-

229 2352 298 2375 rem
320 2340 467 2384 Magnus
492 2341 703 2376 Theodofius
715 2366 726 2381 ,
753 2354 807 2377 aut
829 2343 898 2385 ejus
924 2345 1113 2382 Antecefl'or

230 2390 407 2425 Gratianus
417 2391 556 2423 creditur
569 2392 756 2426 subsecuisse
779 2394 813 2427 in
830 2392 1053 2429 Viennensem
1080 2396 1113 2429 &

230 2439 405 2475 secundam
418 2440 666 2476 Narbonensem
680 2467 688 2475 .
714 2443 841 2477 Eodem
854 2455 999 2489 tempore
1015 2457 1112 2479 emer·

231 2491 340 2524 serunt
353 2489 596 2526 Maritimarum
607 2492 745 2535 Alpium
758 2493 933 2528 Provincia
947 2517 958 2534 ,
984 2496 1019 2528 ἀ
1039 2494 1113 2528 Pro-

232 2541 340 2574 vincia
370 2540 510 2584 Alpium
528 2541 715 2584 Grajarum.
746 2543 788 2575 Et
800 2543 842 2577 fic
855 2543 994 2577 Manilia
1015 2545 1113 2580 evafit

232 2590 269 2624 in
290 2589 521 2635 Metropolim.
550 2591 732 2625 Rationem
743 2591 875 2626 adducit
898 2595 930 2626 in
946 2594 1061 2628 litteris
1071 2595 1112 2628 ad

233 2639 381 2676 Graecum
392 2640 626 2675 Maffiliensem
640 2641 837 2685 Episcopum
849 2641 1049 2685 Apollinaris
1069 2645 1114 2679 Si·
1135 2663 1138 2670 =

233 2689 354 2725 donius
367 2704 380 2723 .-
400 2691 480 2734 Jam
489 2701 549 2724 non
557 2695 647 2733 primi
657 2715 667 2730 ,
695 2692 807 2734 utique
819 2702 876 2725 vos
889 2692 1116 2734 Massilienses,

233 2742 534 2782 Comprovinct'alium
546 2740 667 2783 coepistis
677 2740 728 2783 effe
735 2765 748 2782 ,
768 2740 826 2784 sed
834 2743 947 2775 ultimi.
974 2743 1114 2777 Maffiiia

233 2799 311 2823 ante
324 2790 417 2825 islam
430 2790 878 2826 Provinciarumdivifionem
900 2793 1001 2827 fuerat
1016 2793 1114 2827 Vien-

234 2839 339 2873 nensis
350 2839 531 2874 Provinciae
547 2841 647 2883 prima
657 2841 773 2876 civitas
784 2866 795 2880 ,
822 2842 924 2886 prima
942 2843 1115 2888 Episcopa-

234 2888 273 2922 lis
284 2890 383 2925 Sedes
394 2915 405 2931 ‚
418 2890 539 2934 primus
549 2890 708 2926 Thronus
720 2916 729 2923 .
754 2892 847 2926 Hinc
858 2904 912 2936 per
925 2893 1112 2928 divisionem

234 2940 370 2982 profecit
396 2941 429 2975 in
452 2940 668 2985 Metropolim
680 2966 691 2982 ‚
717 2941 855 2986 ideoque
867 2942 1025 2978 Proculus
1041 2945 1114 2988 Epi-

234 2988 348 3031 scopus
361 2992 391 3023 se
405 2992 569 3033 praetendit
581 3003 618 3027 ac
629 2992 720 3037 geffit
732 2992 982 3035 Metropolitam
998 3018 1005 3025 .
1034 2993 1113 3029 1²1ae-

235 3037 341 3071 tendit
352 3039 518 3073 civitatem
529 3043 618 3076 suam
636 3054 676 3077 ex
701 3042 757 3077 ista
771 3042 931 3077 divisione
947 3045 1114 3087 profecisse

235 3098 305 3121 non
317 3087 488 3122 dumtaxat
501 3089 534 3122 in
549 3091 678 3126 civilem
691 3092 904 3136 Metropolim
919 3117 929 3133 ‚
957 3093 1009 3127 sed
1032 3094 1113 3128 insu·

224 3148 291 3220 {gr
304 3137 338 3170 in
355 3137 607 3172 Ecclefiassicam
619 3163 626 3170 .
655 3142 726 3175 Nec
737 3142 863 3177 carebat
874 3143 1091 3178 fundamento
1103 3169 1111 3179 .

226 3194 230 3198 “
274 3197 312 3220 ac
323 3187 413 3220 enim
426 3187 477 3220 via
490 3188 589 3223 etiam
604 3188 783 3224 Turonum
799 3217 809 3232 ,
836 3195 1001 3227 Senonum
1014 3218 1025 3233 ,
1052 3194 1113 3228 Re-

236 3237 391 3273 mensium
404 3260 415 3277 ‚
441 3237 474 3270 δε
488 3239 591 3282 plures
604 3239 687 3273 intra
698 3239 800 3284 ipsam
812 3244 954 3277 Galliam
967 3244 1112 3279 civitates

237 3287 281 3321 ita
306 3287 510 3330 profecerunt
535 3312 542 3319 .
579 3287 703 3323 Verl1m
730 3288 924 3326 Arelatensis
951 3293 1112 3334 Eccleiia,

236 3334 368 3382 antiqua
379 3337 480 3372 notius
488 3335 649 3373 Narbonae
662 3339 859 3383 Metropolis
868 3364 880 3382 ‚
907 3353 1053 3385 potenter
1066 3344 1112 3379 in-

1192 246 1442 291 ‘saur-inensem,
1451 252 1470 288 ὲ
1483 260 1546 294 qua
1555 247 1718 282 emanavit
1729 246 1795 285 hcc
1802 248 1973 283 sententia.
1991 253 2070 283 Cum

1193 304 1242 331 vir
1262 296 1548 334 Samius-Proculus
1560 322 1570 339 ,
1598 296 1768 342 Mafflltenfis
1786 303 1924 333 civitatis
1947 299 2068 343 Episco-

1188 357 1247 390 pus
1260 372 1270 388 ,
1292 346 1747 390 setanqmuetropolitanum
1766 346 1918 389 Ecclefiis,
1944 361 2011 394 quae
2035 356 2068 384 in

1187 396 1317 440 secunda
1330 398 1487 434 Provincia
1498 404 1532 438 N
1534 397 1686 441 arbonensi
1688 396 1787 440 pofitae
1798 398 1999 441 videbantur,
2021 402 2071 434 di·

1191 457 1266 482 ceret
1271 449 1390 492 praeeffe
1401 449 1503 488 debere
1511 473 1522 490 ,
1548 459 1635 492 atque
1642 456 1696 490 per
1704 447 1730 491 s
1724 460 1738 481 e
1749 448 1958 484 Ordinationes
1967 457 2000 484 in
2009 462 2069 485 me·

1190 507 1304 534 motata
1320 501 1479 534 Provincia
1484 499 1662 544 summorum
1670 499 1739 542 fieri
1749 499 1959 539 sacerdotum,
1981 498 2069 542 ᾖφα-

1189 549 1258 581 dem
1279 547 1426 592 adsereret
1450 548 1565 592 easdem
1578 548 1719 592 Ecclefias
1746 549 1798 582 vel
1800 546 1875 595 suas
1876 546 1990 592 suffe,
2016 550 2070 584 vel

1188 595 1346 642 Episcopus
1365 601 1384 631 a
1391 598 1424 643 fi·
1435 605 1467 633 in
1477 599 1583 643 eisdem
1595 598 1726 639 Ecclefiis
1738 601 1890 634 ordinatos
1901 610 1910 641 3
1938 599 1972 633 <5
1994 599 2011 633 ἓ
2022 599 2067 632 di-

1190 648 1273 693 verso
1288 649 1420 693 «ejusdem
1433 654 1569 694 Regionis
1581 649 1739 692 Episcopi,
1765 650 1878 694 utique
1890 650 2067 692 spectantes

1186 699 1220 732 ὅτ.
1231 696 1454 743 permanentes
1465 700 1506 735 ad
1524 699 1742 734 Arelatensem
1755 699 1951 735 Cathedram
1965 699 2070 737 ,aiud

1185 749 1374 795 defensarent
1387 775 1397 792 ,
1423 762 1458 785 ac
1473 750 1529 794 fibi
1546 752 1670 783 alterius
1691 750 1860 785 Provinciae
1881 751 2066 785 Sacerdotem

1181 794 1291 844 ptetffe
1316 813 1373 835 non
1395 801 1498 838 debere
1512 800 1720 834 contenderent
1733 821 1743 838 ‚
1769 800 1975 840 injudicatum
1985 798 2022 839 est
2043 801 2064 831 ᾶ

1185 850 1294 883 Sant‘la
1316 852 1441 891 synodo,
1469 851 1713 892 contemplatione
1730 853 2064 892 perci-ratqueconcoe·

1185 901 1244 933 diae
1259 924 1271 940 ,
1295 910 1328 935 ut
1351 913 1409 937 non
1419 911 1485 934 tam
1501 906 1620 935 civitati
1645 900 1711 940 eJ'us
1722 920 1733 936 ‚
1758 908 1826 939 quae
1838 901 1870 929 in
1884 900 1981 931 altera
1994 902 2066 933 Pro·

1178 955 1285 988 vincia
1296 949 1355 991 fita
1378 951 1416 991 est
1442 975 1453 991 ‚
1478 952 1560 993 cujus
1585 948 1820 992 magnitudinem
1857 945 2031 990 nesciremus·
2053 971 2066 987 ,

1178 990 1275 1041 JquAm
1293 997 1732 1045 ipfipotifflmumdefirretur,
1757 1006 1791 1030 ut
1802 1005 1949 1038 tanquam
1971 999 2065 1030 Pater

1185 1050 1274 1088 Finis
1283 1049 1387 1085 honore
1400 1054 1556 1084 Primam:
1571 1047 1717 1090 adsisteret
1728 1071 1736 1080 .
1764 1049 1896 1091 DIgnum
1918 1052 1996 1079 enim
2019 1050 2066 1080 ὐἰ-

1176 1098 1247 1146 sum
1256 1100 1295 1143 est
1305 1125 1315 1141 ‚
1336 1111 1369 1135 ut
1382 1106 1525 1144 quamvis
1536 1106 1652 1135 unitate
1664 1101 1830 1132 Provincia
1844 1098 1964 1129 minime
1985 1106 2063 1129 tene-

1181 1159 1305 1190 rentur,
1324 1150 1584 1195 constringerentur
1595 1159 1696 1182 tamen
1701 1152 1828 1190 pretatis
1849 1146 1972 1188 affinia.
2003 1151 2064 1186 Hec

1180 1205 1272 1246 igitur
1298 1199 1477 1242 ipfitantum
1498 1206 1531 1233 in
1554 1199 1655 1232 diebus
1666 1204 1742 1234 oitae
1754 1207 1817 1238 ejus
1821 1196 1926 1239 forma
1931 1195 2065 1239 firrvabt

1180 1259 1252 1291 tur,
1281 1256 1358 1283 utin
1371 1248 1505 1293 Ecclefiis
1520 1245 1833 1291 Provinciaesecundae
1844 1245 2040 1288 Narbonensis
2050 1269 2063 1285 ‚

1179 1310 1254 1343 quas
1281 1298 1409 1342 velsuas
1424 1299 1609 1339 parochias,
1634 1295 1760 1340 velsuos
1781 1293 1946 1338 Discipulo:
1965 1294 2063 1336 consti·

1177 1356 1248 1386 terit
1263 1349 1352 1395 fuiffe
1363 1353 1514 1383 ordinator
1527 1372 1537 1389 ‚
1566 1352 1720 1384 Primatus
1743 1345 1852 1379 babeat
1863 1346 2062 1389 dignitatem.

1178 1400 1257 1437 Fuit
1279 1401 1528 1439 interlocutoria
1539 1398 1716 1436 sententia:
1743 1397 1825 1432 Lata
1846 1394 1888 1430 ab
1902 1395 2067 1429 extraneis

1175 1450 1363 1494 Judicibus.

1229 1500 1310 1536 Haec
1320 1501 1471 1543 Synodus
1478 1501 1589 1543 paffim
1598 1499 1739 1535 creditur
1747 1496 1908 1533 celebrata
1918 1495 1961 1532 ad
1969 1507 2062 1541 quar-

1174 1550 1202 1580 ti
1217 1548 1331 1580 samii
1343 1557 1468 1580 annum
1483 1549 1731 1591 nonagefimum
1743 1548 1916 1590 septimum
1930 1569 1942 1584 ,
1965 1552 2069 1588 atquo

1179 1596 1224 1631 ita
1237 1596 1418 1630 Arelatensi
1435 1595 1584 1631 Eccleiiae
1604 1607 1682 1630 tunc
1705 1594 1887 1636 praefidebat
1902 1594 2063 1627 Constan-

1176 1646 1263 1677 tius.
1293 1645 1336 1677 Et
1349 1644 1412 1678 una
1434 1655 1510 1679 cum
1522 1642 1663 1677 Proculo
1684 1641 1779 1686 poffit
1789 1640 1926 1683 Synodo
1937 1640 2064 1676 adfuis-

1175 1693 1224 1726 se.
1248 1691 1426 1741 Qidquid
1439 1694 1490 1734 sit,
1500 1704 1662 1737 acquievit
1675 1692 1850 1724 sententiae.
1878 1691 2062 1737 Aequievit

1175 1742 1386 1778 &Successor
1408 1744 1535 1778 Heros
1566 1742 1691 1777 Verum
1717 1741 1813 1784 hujus
1826 1741 1991 1775 Succeffor
2003 1741 2062 1776 Pa·

1179 1793 1300 1827 troclus
1324 1794 1499 1837 appellavit
1525 1793 1564 1827 ad
1578 1793 1757 1829 Zozimum
1777 1790 1998 1831 Pontificem,
2025 1792 2061 1827 ὅτ,

1178 1844 1321 1878 Romam
1347 1844 1473 1877 accessit
1490 1868 1496 1875 .
1523 1843 1647 1879 Lucet·
1647 1855 1687 1877 ex
1707 1842 1819 1886 quinta
1831 1840 2002 1875 Pontificis
2018 1840 2060 1875 ad

1178 1894 1283 1937 ipsum
1306 1894 1464 1937 epistola:
1492 1895 1579 1939 ,Quid
1597 1895 1633 1928 de
1647 1893 1764 1929 Proculi
1784 1893 1977 1925 danmatione
1995 1902 2069 1925 cem

1171 1943 1282 1987 fuerim
1303 1968 1314 1986 ,
1341 1955 1422 1978 tenet
1445 1943 1618 1987 conscientia
1641 1953 1715 1983 tua,
1743 1954 1806 1977 cum
1827 1954 1889 1975 meo
1909 1942 2059 1985 interefflu

1177 2000 1329 2027 examini.
1360 2000 1424 2028 Nec
1446 2005 1476 2028 te
1489 1994 1635 2035 Gestorum
1655 1994 1812 2035 nostrorum
1822 1991 1992 2026 authoritas
2002 1993 2058 2026 ln·-

1177 2053 1241 2084 tet,
1268 2047 1321 2079 vel
1328 2047 1528 2088 Scriptorum,
1556 2057 1624 2089 quae
1643 2046 1680 2079 de
1693 2042 1778 2088 ipfius
1800 2045 1992 2077 damnatione
1998 2052 2058 2085 per

1175 2103 1323 2129 terrarum
1336 2094 1458 2140 diversa
1478 2098 1539 2131 loca
1549 2098 1715 2130 direximus
1727 2119 1738 2128 2
1762 2094 1937 2129 Patroclus
1956 2104 2058 2128 arma·

1177 2145 1270 2179 batur
1285 2144 1484 2180 authoritate
1506 2142 1939 2188 Constantiilmperatoris:
1967 2144 2058 2177 Nam

1178 2207 1230 2238 per
1245 2197 1349 2238 ipsum
1361 2219 1371 2235 ,
1396 2195 1503 2231 adhuc
1515 2193 1712 2241 Magistrum
1724 2195 1867 2228 militum
1880 2192 1914 2227 in
1926 2193 2034 2227 Gallia
2045 2215 2058 2230 ‚

1178 2245 1316 2279 intrusus
1326 2247 1427 2281 fuerat
1441 2247 1473 2279 in
1490 2247 1711 2280 Arelatensem
1728 2241 1942 2278 Cathedram.
1961 2243 2055 2276 Hinc

1177 2297 1192 2327 a
1205 2295 1344 2328 Zozimo
1360 2296 1544 2338 impetravit
1557 2299 1642 2329 varia
1653 2321 1660 2327 .
1689 2293 1802 2328 Primo
1823 2294 2056 2327 evocationem
2071 2302 2075 2313 ’-

1177 2344 1309 2379 Proculi
1331 2345 1370 2379 ad
1394 2346 1523 2380 Urbem
1546 2370 1553 2378 .
1582 2347 1685 2381 Lucet
1705 2356 1746 2378 ex
1769 2343 1862 2377 tertia
1884 2342 2056 2378 Pontificis

1177 2396 1312 2437 epistola
1335 2408 1342 2427 :
1370 2396 1467 2429 Multa
1487 2398 1587 2429 contra
1610 2405 1740 2429 veterem
1758 2394 1891 2435 formam
1915 2394 2055 2426 Proculus

1176 2444 1320 2488 usurpasse
1330 2446 1460 2480 detectus
1482 2446 1563 2486 estin
1581 2445 1825 2479 Ordinationibus
1851 2444 2052 2476 nonnullorum

1176 2495 1308 2529 indebite
1326 2496 1513 2534 celebrandi,
1538 2508 1615 2538 quas
1642 2496 1777 2538 proxime
1797 2491 1949 2535 numerosa
1957 2498 2053 2536 cogni-

1175 2550 1253 2578 tione
1275 2544 1473 2589 discuffimut,
1500 2547 1566 2579 licet
1589 2544 1649 2587 ipse
1660 2545 1711 2576 diu
1732 2541 1943 2592 exspellams,
1964 2541 2053 2582 fasti-

1176 2596 1256 2629 diosc
1259 2595 1364 2637 ferens
1374 2594 1428 2636 sbi
1440 2597 1576 2628 inducias
1587 2594 1778 2631 attributas,
1804 2596 1960 2624 convenire
1980 2591 2052 2631 diffi-

1175 2646 1283 2678 mulet.
1312 2645 1468 2679 Proculus
1481 2644 1558 2690 ergo
1574 2645 1670 2678 etiam
1683 2643 1751 2686 post
1765 2641 2053 2685 impetratasindu·

1176 2696 1241 2729 cias
1253 2705 1319 2728 non
1333 2695 1533 2738 comparuit
1561 2695 1652 2728 Hinc
1665 2692 1834 2730 Patroclus
1846 2689 1987 2725 secundo
1996 2689 2052 2724 ob-

1175 2744 1276 2779 tinuit
1301 2745 1507 2778 cassationem
1533 2743 1746 2778 Taurinenfis
1775 2741 1911 2786 Judicii.
1940 2740 2053 2785 Pergit

1176 2794 1265 2828 enim
1290 2794 1475 2828 Pontifex
1468 2806 1501 2828 in
1523 2792 1634 2828 eadem
1657 2793 1806 2837 epistola:
1835 2796 1976 2824 Attamen
1997 2790 2051 2823 illa

1172 2842 1364 2886 praesumptio
1385 2855 1437 2878 nor
1463 2846 1622 2877 admodum
1647 2849 1740 2876 movit
1754 2866 1765 2883 ,
1789 2842 1869 2885 quod
1887 2847 1919 2873 in
1944 2841 2051 2880 synoda

1175 2892 1362 2936 Taurinensi‘‚
1391 2905 1455 2927 cum
1474 2896 1559 2938 longe
1569 2895 1816 2937 aliudageretut,
1846 2896 1878 2923 i'n
1888 2889 2051 2932 apostolica

1175 2944 1261 2978 Sedis
1272 2942 1645 2987 injuriamsubripiendum
1658 2946 1801 2986 putavit,
1826 2940 1917 2982 utfibi
1928 2941 2051 2973 concilii

1175 2993 1252 3027 iliius
1274 2995 1460 3028 emendicata
1481 2994 1608 3036 obreptio
1623 2993 1780 3036 praestaret
1799 2992 2051 3030 ordinandorum,
2074 3003 2077 3006 ·

1175 3045 1271 3077 veluti
1281 3046 1504 3086 Metropolitano
1514 3068 1526 3084 ,
1553 3049 1585 3077 in
1596 3041 1785 3084 Narbonensi
1785 3040 1916 3084 secunda
1928 3044 2052 3075 Provin-

1174 3099 1219 3126 cia
1228 3093 1415 3135 potestatem.
1447 3094 1615 3128 Patroclus
1626 3092 1720 3127 tertio
1735 3093 1919 3135 impetravit
1933 3092 2050 3126 suaeSe-

1174 3143 1206 3177 di
1230 3144 1394 3178 restaurari
1418 3145 1550 3189 plenum
1572 3143 1859 3186 Metropoliticum
1878 3142 1925 3184 jus
1947 3143 1982 3176 in
2002 3150 2050 3173 to·

1175 3203 1241 3227 tam
1254 3217 1265 3234 ,
1293 3204 1388 3236 prout
1405 3195 1487 3228 olim
1499 3193 1621 3232 fuerat,
1647 3192 1812 3228 Narbonae
1824 3192 2045 3226 Provinciam.

1177 3243 1280 3277 Lucet
1290 3254 1331 3277 ex
1345 3244 1446 3286 prima
1460 3244 1588 3278 Zozimi
1611 3243 1762 3287 epistola·
1783 3244 2047 3288 Juffimurpraeci-

1172 3301 1286 3335 picam,
1306 3292 1389 3335 ficati
1396 3292 1511 3335 semper
1524 3293 1653 3334 babuit,
1680 3294 1916 3334 Metropolitanus
1928 3286 2048 3331 Episco-

1172 3352 1228 3386 pus
1241 3342 1448 3385 Arelatensium
1458 3349 1597 3379 civitatis
1616 3350 1648 3377 in
1659 3344 1835 3377 ordinandis
1844 3339 2046 3374 sacerdotibus

1900 3398 1998 3423 teneat
