2326 3718
638 114 919 163 ROMAms
955 119 1514 158 APPELLATIONIBUS.

174 198 230 231 bac
243 196 351 233 abillis
362 194 533 240 responsione
543 196 677 241 repulsus
689 197 726 238 est
737 223 745 230 .
771 196 846 231 Nos
857 219 869 235 ‚
894 200 1045 238 inquiunt,

174 248 293 292 injussu
304 246 474 284 venerandi
483 246 587 282 Patris
598 250 646 282 tui
656 249 759 289 facere
780 246 863 281 illud
887 258 955 280 non
975 247 1046 290 pos·

171 299 300 333 sumus.
329 297 412 332 Una
431 297 589 341 siquidem
610 297 708 339 fides,
732 298 959 332 &animorum
982 306 1046 329 una

172 347 357 383 consenfio.
386 347 505 392 Neque
523 358 638 384 contra
658 347 916 392 spestatiffimum
939 346 1047 381 Colle-

171 407 247 443 gam
259 420 270 437 ,
297 395 426 432 Patrem
437 408 530 433 tuum
542 399 718 443 quidquam
729 399 841 432 moliri
862 397 1045 442 possumus.

170 452 221 483 Ita
231 448 338 481 Clerici
347 451 473 482 Romani
484 474 496 490 ,
520 453 649 483 seniores
662 473 673 489 ‚
698 448 737 482 ab
752 448 943 491 Apostolorum
954 444 1046 488 Dis&-

166 498 249 541 pulis
268 497 379 539 edom,
405 507 438 532 ut
449 505 494 532 ait
522 498 735 541 Epiphanius,
761 501 953 533 traditionem
974 499 1046 538 Apo-

166 547 296 589 stolatam
318 550 431 583 violare
440 548 527 591 nefas
536 549 696 583 ducebant.
726 549 848 585 Rursus
869 545 1045 591 respondeo

168 595 238 632 haec
258 598 322 632 effe
348 598 494 643 ipfiffima
515 598 835 644 Philippo-politam
861 596 1048 633 Eusebianae

166 647 335 682 Fastionis
346 649 500 694 dogmata
511 674 519 682 .
546 649 679 685 Etenim
690 650 842 686 scelerata
851 647 964 683 Fanio
978 656 1047 680 non

166 696 213 732 ob
235 697 337 733 alium
355 699 502 734 criminis
512 700 624 736 fucum
636 700 827 745 pratsumpfit
847 699 883 733 in
895 697 1047 732 Sanctum

166 748 293 792 julium
311 748 508 784 Pontificem
531 772 542 789 ‚
580 762 618 785 ac
644 747 797 787 Sanctum
822 748 1048 782 Maximinum

165 798 406 833 Treverensem
439 799 640 844 Episcopum
663 825 675 842 ,
700 797 986 844 splendidiffimam
1011 808 1049 831 ac

167 848 384 883 firmiffimam
402 850 531 890 totius,
557 852 740 887 Gallicanae
759 850 930 893 praesertim
953 873 966 890 ‚
991 846 1048 880 Ec·

167 898 268 933 clet‘iae
287 899 479 934 columnam
497 924 510 940 ‚
534 900 651 935 latrare
670 897 914 943 degradationis
937 898 1050 932 convi-

168 948 279 989 tium,
304 948 401 992 quarn
411 949 500 991 quod
511 949 588 990 ille,
613 948 770 992 quintum
787 948 962 982 Nicaenum
984 947 1046 981 Ca-

165 1008 294 1033 nouem
317 997 538 1040 praevaricatus
562 1022 575 1038 ,
615 998 810 1032 damnatum
829 997 848 1032 a
873 997 984 1040 Tyria
1010 1008 1048 1031 ac

164 1043 385 1082 Antiochen
415 1047 554 1090 Synodo
574 1046 792 1083 Athanafium
818 1047 991 1082 admisisset
1012 1046 1046 1081 in

164 1098 259 1132 suam
280 1097 572 1139 communionem,
597 1097 653 1133 hic
674 1097 750 1134 vero
760 1098 850 1133 istius
872 1098 1050 1144 praevarica-

166 1145 271 1181 tionis
290 1147 398 1181 fuisset
420 1148 591 1183 consultor
614 1149 874 1193 atqueincentor
896 1174 903 1181 .
941 1148 1051 1183 Immo

167 1197 243 1230 sunt
262 1196 371 1239 ampla
394 1196 532 1232 istorum
552 1198 748 1245 dogmatum
769 1207 945 1244 augmenta
961 1224 968 1231 .
996 1199 1049 1233 Et-

165 1245 259 1280 enim
268 1245 428 1282 Romano
438 1246 597 1283 Pontifici
614 1261 683 1284 non
696 1250 868 1284 dumtaxat
888 1250 924 1284 in
944 1250 1052 1293 Syno-

165 1294 256 1331 dalia
265 1295 407 1330 aliorum
418 1296 678 1335 patriarcharum
687 1299 808 1343 judicia
818 1298 1052 1334 authoritatem

167 1345 337 1390 abnegant
353 1370 365 1387 ,
393 1347 449 1381 sed
470 1348 572 1383 etiam
594 1348 630 1383 in
651 1350 876 1385 Provinciales
898 1349 1054 1394 Synodos

167 1397 300 1431 suarum
310 1396 512 1432 Dioecefium
523 1423 531 1432 .

222 1445 372 1480 Romani
393 1447 485 1482 Cleri
505 1449 540 1483 in
562 1449 773 1486 Marcionem
791 1462 874 1496 opus
894 1450 941 1485 est
952 1449 1055 1485 discu-

171 1493 323 1528 tiendum
335 1520 344 1529 .
373 1494 569 1533 Audiendus
577 1500 622 1532 est
634 1511 676 1533 ex
687 1502 818 1543 integro
834 1501 970 1533 Sanetus
981 1500 1059 1541 Epi·

171 1540 315 1587 phanius
328 1557 340 1576 .·
366 1548 498 1579 Marcion
502 1546 569 1588 fuit
575 1558 684 1591 genere
696 1551 835 1582 Ponticus
845 1571 856 1588 ‚
882 1558 921 1580 ex
940 1558 976 1581 ea
986 1555 1057 1592 par-

170 1600 205 1625 ·te
226 1603 296 1633 quae
314 1595 550 1626 Heleno-Pontus
559 1598 670 1628 dicitur
681 1618 693 1634 ,
717 1599 823 1637 oppido
842 1599 964 1636 Sinope.
992 1598 1058 1638 ,Qui

171 1644 261 1673 initio
270 1645 347 1672 vitae
358 1639 595 1684 castitatemprae
601 1641 633 1685 se
643 1642 744 1684 ferens
753 1668 764 1684 ,
792 1643 1000 1677 monachorum
1008 1647 1058 1676 In-

168 1689 278 1729 stituta
295 1686 440 1733 professus
462 1690 522 1731 est:
550 1694 682 1727 Parente
692 1701 783 1726 natus
795 1692 959 1727 Catholicae
988 1703 1059 1727 com·

174 1744 325 1774 munionis
337 1736 498 1783 Episcopo·
526 1741 629 1781 Postea
638 1755 704 1776 cam
725 1748 877 1788 Virginem
897 1744 1059 1786 quamdam

175 1788 359 1834 adamasset,
384 1802 418 1824 ac
422 1791 593 1833 fraudibus
601 1794 761 1837 pellexisset
771 1818 783 1834 ,
813 1797 833 1828 ᾶ
845 1793 959 1834 coelestis
982 1799 1059 1831 vitae

171 1838 229 1883 spe
240 1841 426 1881 iilamjuxta
449 1841 681 1886 acj'emetipsum
691 1845 798 1886 dejecit
812 1868 819 1877 .
845 1842 891 1877 ob
912 1842 988 1877 bunc
1006 1848 1059 1887 igi·

175 1898 228 1924 tur
236 1889 383 1931 incaestum
393 1892 432 1925 ab
442 1889 505 1935 ipso
518 1895 647 1928 Parente
657 1893 695 1935 est
703 1892 808 1937 pulfits
829 1892 958 1936 Ecclefia
970 1908 980 1927 .-
1007 1898 1038 1927 V
1036 1900 1061 1926 i-

174 1950 211 1974 ro
228 1946 396 1983 comprimis
420 1941 564 1987 Religioso
574 1968 586 1984 ,
611 1955 647 1978 ac
669 1950 813 1978 veritatis
825 1956 924 1979 amore
930 1944 1060 1988 flagran-

176 1990 299 2032 3¹ff¹m02
324 1992 402 2026 &in
412 1993 468 2027 bac
477 1992 666 2038 Episcopaelis
679 2001 809 2029 muneris
829 1994 1060 2034 administratio-

173 2039 396 2082 mepraestanti.
421 2047 558 2077 cuicum
567 2048 702 2078 Marcion
723 2045 776 2078 diu
796 2045 975 2087 multumque
992 2042 1059 2087 sup·

176 2090 307 2132 plicasset
318 2115 329 2131 ‚
355 2103 389 2124 ac
400 2099 607 2134 poenitentiam
615 2094 780 2137 postulasset
792 2118 803 2134 ,
830 2094 906 2127 banc
926 2096 947 2127 ἃ
966 2097 1060 2128 Patre

174 2139 313 2181 precibus
326 2141 414 2174 nullis
424 2141 548 2176 obtinuit
561 2169 569 2176 .
595 2142 946 2186 Vehementemfiquidem
965 2155 1004 2177 ex
1025 2155 1061 2177 ea

175 2198 213 2222 re
233 2190 356 2222 dolorem
378 2198 508 2233 optimus
547 2191 643 2236 senex
678 2195 713 2228 &t
738 2192 902 2237 Episcopus
925 2201 1062 2236 ceperat,

177 2237 260 2280 quod
268 2238 483 2283 nonillefhlicm
493 2241 665 2285 excidisset,
685 2240 743 2285 J'ed
765 2245 800 2276 ό·
820 2247 1010 2286 ignominiam
1024 2242 1063 2284 ss·-

177 2288 211 2321 bi
236 2298 270 2321 ac
279 2288 403 2322 dedecus
415 2289 587 2335 impofisffl‘et
600 2316 607 2323 .
631 2295 715 2337 Ergo
726 2292 776 2326 ubi
799 2291 833 2336 se
844 2293 932 2326 nullis
943 2290 1060 2326 artibus

179 2338 326 2372 eblandiri
342 2340 419 2383 posse
441 2341 520 2383 quod
540 2350 657 2384 cuperet
667 2344 912 2384 animadvertit,
937 2344 1062 2385 Popula-

179 2391 259 2421 'rium
265 2385 382 2429 ficorum
389 2391 502 2431 probra
525 2403 560 2425 ac
572 2392 704 2426 ludibria
726 2405 784 2426 non
791 2391 961 2436 sustinens,
986 2392 1061 2427 clam

179 2438 220 2470 ab
231 2438 339 2479 oppido
343 2437 450 2481 secefft
466 2465 477 2482 ,
501 2452 535 2474 ac
545 2446 670 2474 Romam
678 2443 741 2485 post
754 2448 863 2485 Hygini
886 2446 984 2485 Papae
1004 2441 1063 2476 obi-

176 2496 245 2520 cum
261 2484 325 2530 sese
344 2493 478 2524 contulit.
507 2493 556 2524 Εὸ
576 2490 676 2533 (latim
700 2503 736 2525 ae
752 2492 883 2524 Marcion
897 2499 1060 2535 pervenit,

178 2548 214 2570 ac
235 2539 367 2570 Seniores
387 2541 497 2572 adiens
519 2564 530 2580 ,
555 2547 607 2583 qui
629 2541 667 2573 ab
688 2540 880 2582 Apostolorum
904 2540 1064 2584 Discipulis

179 2586 276 2621 edocit
288 2587 383 2621 adbuc
388 2587 567 2631 supererant
577 2615 589 2632 ,
614 2596 688 2625 utin
706 2597 935 2626 communionem
955 2593 1065 2626 admit-

179 2645 291 2671 teretur
312 2637 350 2669 ab
362 2638 523 2680 iisfruflra
537 2646 648 2683 petiit.
674 2642 878 2686 ,Quamobrem
900 2641 1065 2682 exstimula-

180 2693 231 2720 ‘tus
243 2688 364 2720 invidia
375 2712 387 2728 ,
412 2691 493 2731 quod
503 2702 560 2724 non
581 2693 751 2734 Principem
772 2692 833 2725 illic
844 2694 935 2727 iocum
947 2717 958 2734 ,
983 2704 1018 2726 ac
1029 2703 1065 2726 ne

181 2735 311 2778 Ecclefiae
332 2738 452 2779 quidem
472 2741 591 2774 aditum
613 2743 791 2785 impetrasset
804 2768 815 2784 ,
840 2745 886 2777 ad
905 2742 1064 2785 impostam

178 2787 328 2820 Cerdonis
342 2786 471 2831 baerefim
493 2790 644 2835 confugere
654 2793 778 2826 induxit
802 2798 991 2827 inanimum.
1020 2792 1064 2827 Et

184 2834 267 2870 infra
277 2849 289 2870 .-
315 2840 449 2872 Marcion
454 2843 562 2882 palam
573 2845 706 2875 seniores
717 2843 866 2885 alloquens
876 2849 991 2886 inquit,
1002 2847 1065 2877 Cur

184 2895 233 2917 me
249 2892 374 2929 recipere
398 2890 548 2930 noluistis?
573 2891 796 2936 Responderunt
819 2894 884 2927 illi:
909 2894 1009 2927 Nobis
1021 2900 1065 2927 in-

181 2934 259 2976 jussu
266 2942 430 2973 venerandi
443 2944 549 2976 Patris
557 2947 600 2975 tui
609 2942 714 2984 facere
724 2942 803 2984 illud
819 2945 954 2977 nonlicet
965 2970 973 2977 .
996 2948 1066 2977 Una

184 2982 408 3029 fiquidemfidcs
420 2989 478 3033 est,
503 2994 716 3026 &animorum
738 3005 800 3027 una
819 2992 975 3038 consensio.
1003 2998 1066 3027 Ne-

187 3044 245 3076 que
254 3045 354 3069 contra
361 3037 595 3082 speHaetiffi'mum
605 3044 757 3088 Collegam
770 3046 894 3079 Patrem
904 3051 987 3079 tuum
1009 3056 1067 3077 mo·

187 3083 242 3117 1¹7²
253 3086 408 3127 quidpiam
422 3090 568 3134 possumus
580 3118 587 3125 .
614 3098 653 3127 At
672 3094 722 3128 ille
735 3093 938 3129 vehementius
959 3105 1066 3127 excan-

189 3132 310 3176 d‘’sc‘ms
333 3159 343 3176 2
370 3147 402 3169 ac
421 3137 558 3183 superbia
586 3145 621 3178 ὁ·
640 3146 762 3178 invidia
783 3151 916 3187 percitus
934 3143 1067 3189 Schisma

190 3182 336 3226 conflavit
347 3210 358 3226 ,
371 3197 406 3219 ac
412 3195 567 3229 privatam
578 3192 706 3235 baeressm
716 3195 753 3235 est
763 3194 973 3230 architectatus
987 3220 994 3228 .
1023 3198 1051 3231 Ε
1053 3203 1067 3229 t

189 3237 239 3266 ⁶¹²
252 3247 264 3267 ··
291 3235 448 3277 Ecclesiam
468 3241 590 3275 vetitam
611 3256 662 3288 ego
683 3245 856 3289 dissociabo,
884 3258 920 3281 ac
940 3252 974 3281 in
1000 3256 1067 3280 eam

191 3282 322 3326 Schisma
334 3283 548 3329 sempiternum
565 3297 722 3329 immittam
735 3321 742 3328 ,

215 3381 225 3391 .
242 3332 369 3370 Verum
379 3337 480 3382 longe
491 3339 554 3373 alia
565 3339 598 3373 in
611 3341 889 3390 Praescriptionum
903 3346 988 3382 libro
998 3346 1071 3381 scri·

188 3380 242 3422 bit
262 3382 491 3423 Tertullianus
509 3402 521 3423 .·
547 3389 669 3432 Constat
680 3397 858 3431 Marcionem
882 3408 918 3431 ac
940 3397 1070 3432 Valenti-

1734 100 1797 151 ξιξ(
1856 124 1888 171 7
1900 127 1917 156 t

1110 203 1179 227 num
1189 204 1281 236 neque
1289 192 1362 224 adea
1373 190 1441 224 oiim
1450 189 1558 233 suiffe,
1582 194 1724 228 Antonini
1735 193 1807 237 fer?
1826 195 1982 237 Principa-

1110 252 1143 277 tu
1154 267 1167 284 ,
1192 245 1227 278 (zr
1248 249 1281 276 in
1305 240 1465 275 Catholicae
1482 242 1579 283 primo
1600 242 1763 278 dodanam
1772 245 1887 289 crediffe
1898 245 1985 288 apud

1111 292 1267 334 Ecclefiam
1287 290 1501 335 Romanensem
1513 315 1525 332 ,
1545 288 1603 334 sub
1624 291 1804 334 Episcopatu
1827 295 1983 329 Eleutheri

1111 344 1285 378 BenediAE'i.
1312 347 1409 376 Donec
1418 342 1453 376 ob
1463 347 1627 385 inquietam
1630 339 1746 384 semper
1757 354 1851 377 eorum
1871 345 1983 388 curiofi-
2005 347 2077 385 Cap.
2096 353 2143 382 30·

1110 403 1221 435 taem,
1246 406 1307 438 qua
1310 393 1432 436 fratres
1445 403 1555 436 quoque
1564 391 1718 426 vitiabant
1732 415 1743 431 ,
1765 391 1858 434 semel
1880 397 1913 428 (tr
1933 402 1985 431 ite-

1110 457 1176 478 rum
1183 444 1267 486 ejecti
1277 469 1288 485 ,
1315 448 1447 478 Marcion
1457 444 1579 487 quidem
1590 453 1655 476 cum
1677 443 1808 475 ducentis
1820 442 1961 481 Sestertiis
1973 470 1984 486 ‚

1110 506 1176 537 quae
1188 494 1319 538 Ecclefiae
1329 495 1472 528 intulerat
1484 518 1495 535 ,
1519 493 1665 534 noviffime*
1676 497 1894 535 inperpetuum
1905 493 1988 535 disci-

1110 547 1194 578 dium
1203 547 1324 591 relegati
1335 570 1347 586 ,
1371 555 1491 579 venena
1510 544 1711 578 doctrinarum
1726 541 1851 587 suarum
1867 543 1989 585 diffinii-

1111 606 1263 630 naverunt
1280 621 1287 629 .
1329 595 1513 636 Postmodum
1531 596 1612 628 idem
1633 597 1766 628 Marcion
1782 597 1990 635 poenitentiam

1110 645 1272 688 confeffus,
1296 657 1361 680 cum
1369 648 1527 679 conditioni
1530 644 1588 688 fibi
1598 644 1684 678 datae
1694 650 1819 678 occurrit
1830 667 1841 683 ,
1867 647 1912 675 ita
1926 645 1987 675 Pa-

1111 705 1173 728 cem
1182 704 1370 739 recepturus,
1389 694 1562 738 ficaeteros,
1587 706 1660 739 quos
1668 696 1831 737 perditioni
1841 693 1991 735 erudisset,

1110 743 1246 786 Ecclefiae
1267 746 1425 788 restitueret
1437 771 1449 787 ,
1473 754 1565 779 morte
1582 746 1763 787 preventus
1772 744 1811 785 es}
1824 769 1833 776 .
1860 744 1992 778 Notan-

1111 795 1153 830 da
1163 795 1209 829 est
1222 806 1290 829 vox
1300 820 1312 836 ,
1336 795 1475 836 Constat.
1500 794 1660 829 Potentes
1680 795 1792 829 suadet
1810 793 1899 828 hanc
1910 793 1993 827 Ter·

1111 845 1243 879 tulliani
1253 844 1295 880 de
1305 845 1479 882 Marcione
1488 846 1682 880 relationem
1693 845 1755 878 effe
1766 843 1991 879 authenticam

1106 895 1144 929 &
1159 906 1267 930 veram
1277 919 1284 928 .
1312 896 1356 930 Et
1366 896 1450 931 certe
1459 895 1688 932 Tertullianus
1699 894 1763 929 fuit
1782 893 1995 929 vieiniffimus

1111 944 1180 979 istis
1197 946 1415 989 temporibus.

1162 994 1317 1030 Affirmat
1335 995 1464 1038 primo,
1489 995 1581 1038 quod
1606 995 1761 1032 Marcion
1771 993 1858 1038 apud
1869 993 1996 1028 Roma-

1112 1056 1188 1080 nam
1213 1044 1392 1080 Ecclefiam
1415 1044 1609 1085 crediderit,
1634 1044 1782 1088 adeoque
1807 1043 1997 1088 &baptiza-

1112 1106 1164 1131 tus
1175 1096 1289 1130 fuerit.
1315 1094 1489 1136 Secundo,
1513 1093 1752 1137 quodingenio
1771 1095 1937 1139 inquietus
1957 1094 1997 1128 fit

1113 1146 1220 1190 lapsus
1238 1146 1273 1180 in
1290 1142 1435 1179 haeresim
1449 1167 1457 1175 .
1486 1143 1621 1188 Utique
1638 1142 1801 1177 Cerdonis
1813 1169 1821 1177 .
1848 1144 1972 1179 Tertio
1984 1166 1998 1184 ,

1114 1196 1203 1242 quod
1224 1196 1317 1231 istius
1335 1194 1450 1231 erroris
1470 1193 1605 1229 tandem
1625 1192 1756 1226 Dostor
1775 1193 1933 1232 evaserit,
1959 1205 1999 1228 ac

1113 1247 1236 1282 multos
1248 1245 1373 1281 vitiarit
1385 1271 1393 1279 .
1420 1243 1556 1288 Utique
1569 1242 1640 1288 post
1651 1240 1830 1277 secundum
1851 1242 1976 1284 lapsum
1989 1266 1998 1273 .

1116 1296 1266 1346 Qarto,
1295 1296 1385 1339 quod
1405 1294 1503 1329 semel
1527 1295 1562 1329 δε
1584 1294 1703 1329 iterum
1722 1293 1821 1328 fuerit
1841 1291 1958 1336 ejectus
1982 1290 2004 1325 ὲ

1112 1346 1353 1384 communione
1364 1345 1536 1386 Ecclesiae,
1560 1355 1598 1379 ac
1622 1343 1672 1378 bis
1694 1354 1751 1388 per
1772 1341 2004 1388 poenitentiam

1114 1408 1261 1442 receptus
1274 1398 1310 1431 in
1321 1394 1567 1431 Sacramentalis
1578 1393 1692 1435 Pacis,
1719 1395 1775 1428 seu
1798 1392 2005 1427 Reconcilia-

1115 1449 1218 1484 tionis
1235 1447 1394 1493 gratiam.
1420 1445 1578 1495 Qinto,
1604 1445 1694 1489 quod
1718 1444 1763 1478 ob
1782 1444 1918 1478 tertium
1940 1442 2008 1486 lap·

1115 1501 1187 1533 sum
1196 1498 1234 1533 fit
1245 1498 1408 1545 relegatus
1419 1498 1453 1531 in
1471 1506 1662 1540 perpetuum
1673 1494 1846 1530 discidium
1857 1518 1864 1526 .
1891 1494 2008 1532 Sexto,

1097 1586 1099 1591 y
1117 1546 1207 1590 quod
1226 1549 1326 1581 etiam
1350 1558 1430 1582 tunc
1451 1546 1684 1589 poenitentiam
1695 1544 1798 1590 egerit
1810 1569 1822 1585 ,
1847 1555 1887 1579 ac
1908 1543 2007 1577 fuerit

1118 1595 1322 1639 recipiendus
1335 1595 1370 1629 in
1382 1597 1544 1638 praefatam
1557 1596 1696 1638 gratiam
1709 1619 1716 1626 .
1743 1595 1792 1628 Ea
1803 1604 1914 1628 tamen
1928 1604 2008 1628 con-

1118 1644 1270 1684 ditione,
1291 1645 1474 1685 ficaeteros‚
1500 1654 1572 1686 quos
1579 1645 1742 1685 perditioni
1765 1644 1936 1683 erudierat,
1962 1653 2010 1674 re-

1112 1692 1246 1731 stitueret
1265 1692 1400 1733 Ecclefiae
1423 1716 1431 1724 .
1457 1692 1605 1733 Septimo
1629 1712 1639 1729 ‚
1663 1692 1754 1734 quod
1775 1692 2008 1725 conditionem

1123 1742 1340 1786 acceptaverit
1351 1765 1365 1780 ,
1390 1740 1444 1775 sed
1456 1739 1499 1776 ab
1508 1740 1577 1784 ipsa
1586 1738 1748 1783 explenda
1760 1739 1857 1773 fuerit
1869 1751 2012 1782 praeven-

1121 1802 1176 1828 tus
1198 1803 1254 1835 per
1275 1801 1438 1828 mortem.
1467 1789 1524 1824 Est
1546 1789 1648 1836 igitur
1669 1789 1840 1824 defunctus
1851 1789 1886 1823 in
1906 1790 2010 1833 poeni-

1124 1842 1247 1877 tentia.

1174 1890 1332 1927 Notanda
1356 1892 1431 1926 sunt
1444 1890 1511 1925 haec
1525 1890 1639 1927 verba:
1665 1893 1799 1924 Marcion
1807 1891 1926 1934 quidem
1947 1901 2012 1924 cum

1124 1944 1256 1977 ducentis
1267 1940 1431 1982 Sestertiis,
1457 1952 1525 1984 quae
1545 1938 1678 1983 Ecclefiae
1702 1942 1863 1980 intulerat,
1891 1942 2011 1982 noviffi-

1126 1995 1173 2026 me
1195 1998 1228 2026 in
1236 2001 1413 2035 perpetuum
1424 1989 1586 2035 discidium
1607 1993 1753 2035 relegatus
1765 2015 1773 2024 .
1801 1991 1938 2026 Docent
1951 2001 2014 2025 nos

1126 2042 1218 2086 plura
1228 2042 1311 2077 bene
1322 2042 1488 2077 notanda.
1516 2041 1650 2084 Primo,
1676 2040 1767 2086 quod
1775 2041 1930 2077 Marcion
1943 2041 2014 2075 Ro-

1125 2104 1185 2127 mae
1207 2103 1277 2126 non
1304 2093 1410 2126 solum
1423 2091 1588 2136 Baptisma
1609 2093 1792 2137 acceperit,
1818 2092 2013 2135 sedinsuper

1130 2141 1224 2177 fuerit
1243 2144 1370 2176 evez‘Jus
1389 2142 1423 2176 in
1436 2142 1573 2177 Clerum
1585 2167 1592 2175 .
1621 2142 1766 2181 Etenim,
1780 2142 1941 2178 Romanae
1951 2143 2012 2176 Ec-

1127 2191 1226 2227 clefiae
1237 2191 1384 2235 Populus
1395 2202 1567 2236 nunquam
1576 2215 1587 2231 ,
1610 2191 1704 2235 juxta
1718 2192 1919 2237 primitivum
1932 2192 2016 2226 Hie-

1129 2241 1372 2284 rofoiymitanae
1406 2253 1445 2276 ac
1481 2241 1718 2285 Alexandrinae
1755 2241 2017 2278 Christianitatis

1128 2301 1253 2326 morem
1265 2315 1277 2332 ,
1304 2291 1339 2325 in
1350 2292 1521 2326 communi
1535 2292 1641 2333 vixit,
1666 2291 1814 2336 adeoque
1836 2304 1898 2328 nec
1914 2292 2017 2336 bapti-

1127 2343 1193 2376 zati
1204 2340 1272 2376 illic
1281 2352 1428 2386 unquam
1438 2342 1552 2377 omnia
1571 2342 1625 2376 sua
1647 2342 1828 2376 intulerunt
1847 2342 1993 2377 Ecclefiae
2005 2366 2017 2375 .

1129 2391 1317 2427 Istiusmodi
1338 2391 1446 2427 illatio
1467 2403 1537 2426 non
1560 2390 1680 2434 fiebat,
1705 2393 1764 2427 nifi
1777 2391 1820 2426 ab
1839 2392 1957 2426 evestis
1979 2392 2017 2428 in

1129 2441 1283 2475 Clerum.
1310 2441 1368 2476 Ab
1379 2441 1720 2476 illisomninofiebat.
1748 2442 2018 2477 Nondumtaxat

1130 2492 1268 2531 Romae,
1293 2489 1348 2524 sed
1372 2491 1406 2523 in
1419 2492 1570 2534 plurimis
1591 2491 1763 2525 Ecclefiis.
1790 2493 1912 2527 Omnis
1922 2492 2015 2526 enim

1128 2541 1187 2575 sub
1207 2541 1293 2575 coelo
1306 2539 1441 2581 Clerus,
1468 2540 1545 2574 licet
1569 2551 1638 2573 non
1657 2539 1797 2574 eandem
1815 2540 1955 2575 domum
1980 2542 2017 2576 δε

1128 2592 1273 2625 mensam
1287 2614 1299 2631 ‚
1323 2590 1407 2624 olim
1417 2599 1524 2623 tamen
1537 2589 1664 2633 aliquid
1677 2590 1864 2625 communis
1876 2591 1948 2625 vitae
1959 2590 2017 2627 ha-

1129 2640 1222 2682 buit,
1247 2638 1387 2685 ideoque
1408 2640 1524 2674 omnia
1548 2640 1604 2673 sua
1627 2639 1770 2683 ponebat
1790 2640 1831 2675 ad
1856 2640 1952 2684 pedes
1966 2640 2020 2675 sui

1130 2691 1308 2735 Episcopi,
1333 2689 1469 2735 singulis
1478 2689 1568 2733 juxta
1578 2688 1758 2725 Ministerii
1777 2691 1892 2725 merita
1912 2690 2021 2725 distri-

1129 2740 1236 2776 buturi
1247 2740 1423 2775 divisiones
1435 2741 1645 2781 mensurnas,
1672 2740 1706 2774 δε
1726 2740 1903 2785 sportulas.
1930 2741 2019 2788 Qae

1128 2791 1289 2826 inferendi
1300 2792 1407 2826 forma
1420 2788 1593 2834 postmodo
1603 2790 1747 2826 transivit
1757 2791 1793 2825 in
1805 2790 2019 2827 Monasteria.

1128 2842 1317 2878 Secundum
1330 2842 1376 2876 est
1388 2865 1400 2882 ,
1424 2840 1515 2884 quod
1528 2839 1681 2874 Romana
1694 2841 1838 2877 Ecclesia
1849 2841 2018 2876 Marcioni

1131 2904 1191 2927 nec
1212 2893 1245 2926 in
1258 2891 1360 2935 prima
1387 2902 1447 2926 nec
1471 2891 1506 2924 in
1525 2890 1665 2925 secunda
1678 2914 1690 2932 ‚
1716 2890 1772 2927 sed
1788 2890 1958 2925 dumtaxat
1979 2891 2017 2924 in

1131 2943 1227 2978 tertia
1250 2942 1409 2985 ejectione
1430 2939 1607 2976 reddiderit
1633 2941 1687 2976 sua
1712 2939 1862 2975 Sestertia
1881 2964 1890 2972 .
1923 2939 2017 2988 QIa

1130 3003 1245 3036 nempe
1256 2993 1358 3036 prima
1383 2991 1569 3027 &secunda
1578 3001 1669 3026 erant
1698 2990 1766 3026 sola
1785 2991 2017 3025 excommuni-

1128 3044 1217 3079 catio
1228 3067 1239 3083 ,
1264 3053 1298 3077 at
1311 3042 1387 3076 vero
1397 3042 1491 3076 tertia
1502 3041 1618 3085 ejectio
1628 3041 1693 3075 fuit
1700 3039 1911 3086 degradatio:
1939 3039 2017 3074 Per-

1130 3104 1264 3139 petuum
1282 3092 1457 3127 discidium
1485 3091 1504 3124 a
1533 3091 1633 3126 Clero
1649 3116 1656 3124 .
1687 3090 1892 3134 Degradatus
1918 3091 2016 3124 omni

1131 3145 1262 3179 istarum
1284 3140 1552 3177 distributionum
1573 3139 1642 3183 jure
1651 3140 1845 3182 excidebat,
1872 3140 2015 3184 ideoque

1129 3194 1186 3240 ipfi
1209 3192 1401 3229 reddebatur
1423 3190 1551 3226 illatum
1574 3191 1828 3235 patrimonium.
1855 3191 2014 3226 Tertium

1129 3245 1197 3285 est.
1222 3242 1311 3289 quod
1332 3242 1484 3277 Marcion
1505 3241 1604 3276 etiam
1627 3241 1698 3285 post
1712 3241 1860 3286 perpetui
1882 3240 2015 3276 discidii

1130 3295 1345 3330 inflictionem
1354 3294 1458 3338 egerit
1472 3291 1722 3335 poenitentiam,
1749 3293 1785 3327 ἀ
1803 3290 1898 3326 Pacis
1919 3290 2015 3326 addi-

1130 3345 1272 3381 ctionem
1283 3344 1436 3387 acceperit
1447 3366 1456 3375 .
1481 3340 1612 3387 Nempe
1623 3341 1717 3377 Pacis
1743 3344 1798 3378 seu
1809 3341 2017 3376 communio-

1129 3396 1183 3432 nis
1205 3396 1309 3432 Laicae
1320 3420 1328 3428 .
1353 3394 1520 3443 Qartum
1530 3392 1578 3428 est
1588 3417 1602 3435 ,
1627 3394 1716 3437 quod
1727 3393 1891 3439 primitiva
1903 3390 2017 3473 Ἐξεκ-

1932 3451 1969 3474 1ae
