2326 3718
702 147 985 200 Roianus
1021 153 1606 198 Appertarromssns.

231 237 410 276 sardicensi
422 234 579 272 Concilio
588 260 599 278 ,
627 235 748 272 Nessus
759 235 935 279 subscripsit
947 235 1055 279 primo
1066 233 1114 269 lo-

233 301 278 324 co
300 312 310 329 ,
333 298 409 322 ante
434 287 573 321 Gratum
599 286 775 322 Primatem
802 285 1114 331 Carthaginensem.

235 338 355 374 Nessus
378 337 509 373 videtur-
529 338 623 372 fuine
645 338 770 372 Primas
791 337 975 371 Numidiae.
1003 335 1116 381 Qare

236 389 304 422 haec
316 387 524 432 praecedentia
533 389 567 423 ὅ(
577 387 738 433 aequalitas
749 387 793 421 est
806 385 1018 430 antiquissima
1031 383 1116 427 apud

233 437 320 481 ipsos
341 438 440 473 etiarn
464 437 681 479 Carbonem,
707 437 915 472 nonindusta
937 447 992 480 per
1003 434 1116 469 Dona-

238 488 351 522 tistas.

286 537 342 572 Ad
365 538 504 583 primum
531 536 709 583 respondeo
736 537 965 581 Januarianum
979 532 1118 569 omnino

234 587 329 623 fuisse
340 588 517 623 primatem
529 587 711 622 Numidiae.
739 589 873 622 Etenim
894 583 1028 622 San'stus
1048 582 1119 616 Au-

236 639 387 682 gustinus
399 663 410 680 ,
434 640 468 673 &
478 639 587 672 omnis
599 638 863 681 Hipponenfium
878 637 993 671 Clerus
1007 633 1118 678 ipsum

83 687 354 738 Epist,5g‚diserte
375 688 519 723 inscribit
539 687 720 732 Episcopum
743 694 855 730 primae
876 687 958 719 sedis
975 710 983 717 .
1013 685 1057 718 Et
1082 683 1119 717 in

238 737 486 783 Carthaginensi
497 739 676 773 collatione
689 739 810 781 semper
834 738 869 772 δε
887 735 1010 778 ubique
1035 733 1119 774 stat,

239 789 349 828 sedet,
378 788 550 822 subscribit
571 799 647 823 ante
658 787 881 822 primianum.
910 785 1019 819 Etiam
1041 783 1120 818 dato

62 855 135 892 Cap,
157 865 223 890 207·
237 838 446 883 disputaturis
468 839 637 882 Episcopis
662 838 826 872 Mandato
848 861 854 869 .
882 835 976 869 Hinc
996 841 1119 869 certum

238 891 284 924 est
302 887 516 923 Adeodatum
540 900 608 922 non
632 887 726 922 fuisse
746 887 923 921 Primatem
936 884 1119 919 Numidiae.

239 938 345 973 Lucet
355 949 394 972 ex
406 940 536 982 praefato
550 938 721 971 Mandato.
749 937 884 970 Etenim
896 935 952 968 ille
963 934 1026 968 fuit
1038 942 1122 966 unus

238 999 281 1022 ex
293 990 412 1032 septem
424 986 670 1027 Donatistarum
684 983 948 1028 Disputatoribus
957 1007 968 1024 ,
996 994 1033 1016 ac
1045 982 1122 1015 sem-

237 1049 296 1081 per
316 1037 433 1070 ultimo
449 1036 526 1069 loco
537 1036 672 1077 ponitur
682 1034 752 1078 post
766 1034 973 1069 Primianum
987 1031 1123 1067 Cartha-

236 1087 406 1132 ginensem
419 1108 430 1124 ,
456 1084 656 1119 Petilianum
669 1084 980 1118 Constantinensem
993 1107 1005 1123 ,
1029 1083 1123 1116 Eme-

237 1135 336 1170 ritum
349 1133 590 1168 Caesaraeensem
603 1160 613 1175 ‚
641 1132 823 1168 Protafium
848 1133 1125 1173 Tubuniensem‚

234 1186 443 1220 Montanum
466 1186 685 1226 Zumenscm,
712 1197 751 1218 ac
776 1182 1004 1218 Gaudentium
1032 1182 1125 1216 Tha-

236 1235 492 1281 mugadensem.
520 1237 568 1269 At
592 1235 668 1269 vero
688 1233 977 1279 Thamugadensis
997 1257 1009 1274 ‚
1037 1233 1129 1266 Con·

237 1285 446 1320 fiantinensis
457 1309 467 1325 ‚
490 1296 528 1319 ac
540 1285 766 1320 Tubuniensis
780 1285 936 1329 Episcopi
950 1292 1042 1318 erant
1059 1283 1128 1317 Nu·

1891 164 1982 200 '161

1177 232 1293 275 scopos
1303 254 1314 271 ,
1342 229 1483 276 ideoque
1496 232 1651 268 Aurelius
1668 236 1972 283 Carthaginensium
1984 238 2054 273 Pri-

1178 293 1247 316 mas
1258 281 1439 315 interceffit:
1466 284 1551 327 ,Quia
1564 286 1654 317 Felix
1664 287 1751 320 Urbis
1763 293 1866 323 Romae
1876 287 2056 333 Episcopum
2075 280 2232 312 1-'¹‘c·¹5⁴'

1174 331 1207 376 se
1219 333 1292 365 dicit
1302 355 1313 372 ,
1339 343 1431 373 quare
1437 334 1652 374 praeJudicatur
1662 332 1795 377 absenti?
1821 339 1944 381 Utique
1957 339 2055 373 Inno-

1178 382 1289 417 centio
1298 404 1309 421 ,
1323 393 1400 416 vero
1413 382 1644 418 Romanorum
1657 383 1820 429 Episcopo
1830 412 1840 427 ,
1850 389 1892 422 de
1903 401 1968 432 quo
1981 389 2056 423 Aa«

1180 432 1276 467 relius
1289 432 1392 476 pergit
1408 445 1418 464 .-
1446 433 1588 467 Abundat
1597 445 1649 468 nos
1662 438 1862 468 Innocentium
1881 440 1984 482 dixisse
2002 444 2057 472 Ur-

1179 482 1224 515 bis
1238 486 1340 515 Romae
1354 482 1404 524 esse
1428 482 1622 526 Episcopum.
1650 486 1791 528 Oportet
1809 488 1931 521 novisse
1952 489 2059 533 origi-

1180 543 1255 566 nem
1275 531 1371 575 hujus
1393 533 1578 578 imaginarii
1601 535 1686 579 apud
1705 535 1877 570 Romanos
1888 536 2059 581 Episcopi.

1181 583 1234 616 De
1257 582 1325 626 ipso
1339 583 1492 617 Romana
1516 584 1623 619 Sancti
1639 585 1770 620 Damasi
1786 586 1956 620 adversum
1967 587 2064 621 Anti-

1183 643 1269 675 papae
1283 632 1430 667 Ursicini
1446 634 1619 669 violentias
1630 637 1784 680 synodus
1800 635 1919 680 scripsit
1939 636 1980 670 ad
2002 636 2066 670 lm-

1183 693 1362 725 peratorem
1376 683 1594 720 Gratianum:
1623 689 1682 720 Per
1701 686 1834 728 Africam
1853 688 1958 720 rursus
1972 684 2066 730 sacri-

1182 733 1259 775 legos
1272 732 1517 774 Rebaprizatores
1529 744 1602 767 nutu
1614 739 1670 770 Dei
1676 736 1855 779 praeceptstis
1867 738 1974 780 expelli
1986 761 1993 768 .
2007 736 2068 770 sed

1183 782 1221 814 ab
1233 781 1358 823 expulfis
1371 783 1557 817 Claudianus
1570 785 1609 826 est
1619 788 1775 820 ordinatus
1786 813 1796 828 ‚
1823 790 1857 821 <9¹
1878 789 1921 820 ad
1939 796 2067 830 pertur-

1184 832 1317 865 bundam
1337 833 1441 866 Urbem
1456 837 1581 867 Romam
1605 836 1690 878 quasi
1696 835 1863 879 Episcopus
1881 838 2065 877 destinatus.

1184 884 1249 925 ‚Qui
1258 891 1360 916 contra
1372 884 1533 926 scriptum
1541 888 1699 928 Praecpta
1710 888 1836 920 Divinae
1848 911 1858 927 ‚
1885 898 1986 921 contra
2001 891 2033 933 J
2035 900 2070 920 u-

1183 944 1219 964 ra
1244 934 1436 976 Evangelica
1449 959 1460 975 ,
1487 946 1596 969 vacuos
1617 948 1717 971 omnes
1730 936 1928 978 Mysteriorum
1940 963 1950 978 ‚
1978 947 2069 980 atque

1183 990 1216 1014 ut
1239 983 1302 1020 ejus
1324 983 1448 1016 verbum
1473 991 1676 1027 exprimamus
1688 1012 1699 1027 ‚
1727 989 1866 1032 Paganos
1877 987 1965 1030 fuisse
1985 1010 1994 1026 ‚
2020 988 2071 1021 vel

1180 1035 1335 1073 praeteriti
1359 1039 1501 1074 temporis
1528 1037 1601 1069 dicit
1628 1036 1787 1081 Epiftopos
1823 1039 1874 1072 vel
1893 1036 2052 1080 praesentis
2063 1062 2072 1069 .

1185 1082 1287 1123 ,Quem
1298 1082 1416 1122 quidem
1428 1085 1647 1125 Tranquillitas
1661 1087 1756 1127 vestra
1761 1090 1844 1129 jufflt
1855 1093 1948 1121 Roma
1954 1086 2076 1131 pulsum

1187 1133 1328 1163 Patriam
1340 1139 1466 1172 repetere
1473 1140 1628 1175 propriam
1641 1159 1652 1175 ,
1666 1134 1725 1178 sed
1742 1145 1917 1180 contemptis
1925 1140 2055 1181 judicus
2065 1159 2077 1177 ,

1186 1182 1222 1215 (5
1244 1181 1365 1223 quidem
1381 1179 1464 1223 saepe
1486 1184 1654 1223 conflru‘lus
1667 1209 1677 1223 ‚
1704 1185 1806 1226 residet
1827 1197 1927 1220 tamen
1940 1214 1951 1229 ,
1971 1187 2079 1231 sollici-

1187 1240 1257 1264 tans
1265 1236 1363 1272 pretio
1370 1231 1547 1273 frequenter
1555 1239 1747 1276 pauperiores
1757 1259 1768 1274 ,
1797 1237 1830 1269 er
1843 1238 2009 1278 redemptos
2019 1237 2079 1272 ba-

1185 1287 1306 1323 ptizare
1319 1291 1376 1312 non
1389 1291 1514 1315 veretur.
1545 1283 1661 1318 Exstat
1673 1285 1807 1328 epistola
1821 1286 1905 1329 apud
1918 1286 2080 1329 Jacobum
2097 1274 2189 1318 Epist*
2212 1286 2240 1314 3⁴

238 1336 337 1371 midae
359 1360 370 1376 ,
408 1334 552 1378 ideoque
575 1335 791 1369 Milevitanus
814 1334 1009 1369 Adeodatus
1029 1333 1128 1366 debet
1189 1330 1404 1381 sirmondum
1429 1333 1499 1375 post
1523 1334 1736 1378 appendicem
1763 1335 1900 1370 Codicis
1919 1335 2083 1371 Theodo-

238 1386 313 1430 ipsis
322 1385 413 1419 fuiffe
424 1384 670 1419 consecratione
684 1385 799 1427 Junior
809 1407 819 1423 ,
845 1394 942 1427 atque
956 1384 1000 1417 ita
1013 1393 1128 1427 nequa·

236 1446 340 1480 quam
351 1435 497 1478 ipsorum
511 1435 635 1468 Primas
646 1459 654 1468 .
684 1435 758 1469 Nec
769 1434 862 1469 obest
873 1434 988 1468 titulus
998 1458 1009 1475 ,
1021 1435 1127 1467 Senex.

238 1485 376 1519 Etenim
389 1485 559 1519 Salvianus
571 1485 819 1519 Donatistarum
844 1485 1024 1528 Episcopus
1044 1492 1130 1517 eum-

239 1535 317 1569 dem
345 1535 380 1568 in
407 1534 588 1570 collatione
623 1534 716 1569 dedit
743 1534 939 1569 vietoriano
966 1534 1131 1576 Episcopo

241 1583 403 1619 Abiffenfi
414 1609 425 1625 ,
452 1596 548 1628 quem
563 1593 688 1619 certum
700 1584 745 1618 est
758 1596 825 1618 non
838 1584 932 1618 fuisse
941 1583 1132 1617 Primatem.

238 1635 354 1668 Etiam
383 1634 679 1681 Qud-vult-Deus
697 1658 708 1675 ‚
736 1633 1004 1678 Carthaginensis
1026 1632 1133 1666 Eccle-

239 1684 292 1718 (iae
303 1683 479 1718 Diaconus
490 1708 501 1723 ‚
524 1684 677 1717 Sanstum
692 1683 918 1728 Augustinum
931 1708 942 1723 ,
955 1694 1052 1728 quem
1065 1694 1134 1716 orn-

239 1743 300 1770 nes
320 1732 439 1767 scimus
463 1745 632 1776 nunquam
649 1733 742 1767 fuisse
754 1734 931 1768 Primatem
947 1758 958 1774 ,
985 1732 1132 1767 inscribit

239 1783 382 1817 Sanllum
402 1786 506 1817 Senem
524 1809 530 1815 .
558 1784 701 1818 Proinde
722 1786 818 1817 senex
840 1785 925 1827 apud
941 1785 1042 1818 Afros
1064 1794 1132 1817 non

239 1834 346 1868 solam
357 1834 553 1878 dignitatem
565 1834 766 1878 fignificabat
783 1860 793 1876 ,
818 1835 871 1868 sed
885 1835 983 1868 etiam
996 1844 1135 1872 aetatem,

240 1884 413 1928 praesertim
437 1895 570 1928 gravem
596 1885 708 1918 multis
731 1885 904 1918 virtutibus
931 1885 964 1918 ὅ(
989 1885 1135 1918 meritis.

240 1933 325 1968 Hoc
335 1933 438 1968 modo
452 1934 645 1969 Adeodatus
656 1935 673 1968 a
688 1934 752 1968 suis
765 1934 862 1968 areius
887 1934 924 1975 est
936 1936 1047 1968 Senex.
1079 1933 1134 1968 Ad

240 1985 425 2019 secundum
461 1985 645 2028 respondeo
672 1984 851 2019 Ecclesiam
880 1985 1136 2019 Tabborensem

243 2035 340 2069 fuisse
353 2035 385 2068 in
396 2034 628 2069 proconsulari
645 2035 820 2069 Provincia
835 2059 845 2074 ‚
872 2034 1012 2079 ideoque
1025 2035 1138 2069 Victo-

244 2094 313 2117 rem
326 2085 524 2127 Episcopum
537 2086 580 2118 ita
592 2084 764 2118 honorasse
778 2088 868 2118 suum
878 2085 1065 2118 Primatem.
1095 2085 1138 2117 Et

246 2133 344 2176 possit
359 2133 582 2168 Numitlarum
610 2134 780 2168 audaciam
809 2146 846 2167 ac
870 2135 1052 2168 novitatem
1080 2134 1138 2167 im-

246 2182 395 2227 probasse
420 2194 458 2217 ac
476 2186 599 2218 notasse
620 2208 628 2216 .
655 2182 760 2217 Porro
783 2182 1047 2228 Carthaginiensis
1072 2183 1138 2218 Pri-

218 2222 319 2265 *mas
339 2243 395 2274 per
418 2233 628 2276 Bagajensem
654 2233 827 2267 Canonem
848 2245 916 2267 non
945 2227 1008 2267 fuit
1021 2243 1139 2267 exutus

245 2281 341 2315 omni
368 2281 550 2325 dignitate:
578 2281 673 2315 Hinc
699 2282 787 2315 solus
806 2281 992 2316 Primianus
1020 2282 1136 2316 habuit

246 2331 421 2365 collationi
450 2331 671 2366 ministrantes
698 2332 870 2366 Diaconos
889 2357 895 2364 .
925 2333 993 2366 Cur
1019 2332 1138 2366 Nessus

249 2380 428 2415 Sardicensi
443 2382 583 2423 Synodo
597 2381 771 2416 subscribat
783 2393 859 2416 ante
870 2383 1024 2423 Gratum,
1036 2385 1138 2418 fateor

248 2442 304 2465 me
324 2431 496 2475 ignorare.
526 2431 692 2465 Existimo
718 2434 780 2466 effe
807 2433 985 2466 mendum.
1016 2433 1140 2466 Existi-

249 2493 307 2516 mo
321 2481 458 2514 Nessum
481 2481 574 2515 fuisse
597 2482 751 2515 ultimum
774 2481 948 2515 Gallorum
964 2482 1137 2526 Episcopo·

247 2542 321 2565 rum
333 2556 343 2572 ,
355 2542 393 2565 ac
407 2530 632 2565 Librariorum
646 2532 770 2565 incuria
786 2532 935 2575 irrepsisse
950 2532 982 2565 in
997 2533 1138 2575 primum

247 2582 362 2615 locum
375 2582 460 2615 inter
475 2581 594 2615 Afros.
622 2582 696 2615 Nec
707 2582 829 2615 mireris
843 2582 953 2616 hocin
977 2583 1069 2616 Actis
1081 2585 1139 2626 Sy·

248 2630 425 2665 nodalibus
438 2655 445 2662 .
472 2632 560 2665 Nam
573 2631 672 2665 etiarn
686 2633 717 2665 in
731 2633 825 2666 sacrae
842 2632 1082 2676 Apocalypsios
1103 2634 1139 2666 li-

249 2681 308 2716 bro
321 2683 423 2725 prima
442 2680 536 2715 verba
547 2681 666 2715 decimi
679 2683 763 2715 tertii
778 2682 893 2725 capitis
907 2684 1089 2728 migrarunt
1103 2684 1134 2717 in

251 2732 354 2765 finem
381 2732 496 2775 capitis
519 2731 728 2765 duodecimi.
757 2733 947 2767 Franciscus
959 2733 1139 2768 Balduinus

249 2781 296 2816 ob
308 2781 446 2816 adducta
462 2781 649 2815 testimonia
662 2782 786 2815 censuit
800 2783 1036 2826 Januarianum
1046 2785 1138 2819 fuiffe

250 2831 431 2866 Primatem
445 2829 740 2877 Carthaginensem
752 2856 762 2872 ,
774 2834 991 2868 Succefforem
1004 2835 1140 2869 Primia-

254 2881 310 2913 ni.
335 2882 381 2916 At
403 2882 550 2916 lucidum
575 2883 619 2916 est
633 2883 736 2926 ipsum
759 2884 899 2927 graviter
920 2885 1006 2919 labi:
1035 2884 1138 2918 Porro

210 2969 214 2973 .
253 2928 408 2965 Petiliani
433 2932 719 2967 Constantinenfis
742 2933 896 2976 Episcopi
925 2935 1135 2977 praecedentia

256 2989 335 3015 ante
358 2980 539 3016 Emeritum
564 2984 801 3017 Caesaraecnsem
816 2983 1005 3026 quibusdam
1029 2984 1137 3019 suadet

257 3030 358 3063 etiam
373 3030 461 3064 istius
470 3031 653 3066 Provinciae
668 3033 877 3077 privilegium
891 3035 983 3067 fuiffe
997 3035 1138 3078 spretum

258 3079 276 3112 a
290 3079 470 3113 Donatistis
485 3106 492 3112 .
520 3081 644 3116 Verum
656 3084 722 3117 sine
735 3085 952 3118 fundamento
965 3109 972 3116 .
1001 3085 1135 3119 Etenim

258 3129 422 3162 Emeritus
434 3141 498 3162 non
524 3131 585 3165 fuit
598 3133 722 3167 Primas
732 3159 739 3166 .

310 3179 428 3212 Tertia
439 3180 474 3212 δε
484 3182 634 3215 omniurn
646 3184 878 3218 sceleratiffima
888 3185 1139 3220 Donatistarum

258 3229 390 3264 novitas
416 3240 513 3273 atque
534 3231 667 3266 audacia
690 3234 752 3268 fuit
775 3236 809 3268 in
824 3235 1013 3270 Romanam
1027 3236 1138 3270 Eccle-

261 3279 338 3313 siam
351 3303 358 3311 .
388 3279 519 3312 Etenim
539 3280 573 3312 in
587 3280 833 3327 Carthaginensi
855 3285 1034 3320 collatione
1057 3287 1139 3320 Feli-

260 3340 331 3362 cem
345 3352 355 3369 ,
382 3330 475 3362 suum
487 3330 676 3364 Romanum
690 3331 887 3378 Episcopum
900 3360 910 3375 ‚
935 3336 1137 3370 detruserunt

261 3381 297 3413 in
311 3379 443 3412 tertium
457 3379 566 3413 locum
578 3405 588 3420 ,
614 3380 685 3423 post
697 3381 927 3423 januarianum
954 3397 991 3419 ac
1005 3386 1137 3419 primia-

261 3436 357 3464 num.
391 3428 479 3462 Istud
492 3441 612 3463 nomen
626 3431 835 3466 conturbavit
857 3435 1052 3469 Catholicos
1065 3436 1136 3479 Epi-

289 3485 296 3495 s
312 3492 314 3494 ·
360 3477 469 3518 Christ.
480 3483 559 3523 Lupi
570 3485 669 3522 Opera
680 3485 713 3514 T.
730 3486 812 3514 VIII.

1189 1381 1269 1414 siani
1283 1404 1290 1412 .

1242 1430 1341 1464 Circa
1357 1429 1443 1466 hanc
1458 1443 1526 1467 rem
1539 1434 1629 1478 plura
1642 1434 1751 1471 scribit
1762 1437 1795 1471 in
1809 1436 1952 1472 secundo
1965 1447 2084 1472 contra

1192 1480 1447 1516 parmenianum
1460 1482 1544 1518 libro
1556 1485 1691 1520 Sanctus
1700 1488 1843 1531 Optatus
1855 1488 2084 1523 Milevitanns:

1193 1532 1211 1563 5
1212 1532 1252 1562 ed
1276 1533 1310 1564 (θ’
1322 1530 1431 1565 habere
1442 1544 1495 1566 vos
1505 1539 1537 1567 in
1550 1536 1732 1575 UrbeRoma
1740 1546 1863 1580 partem
1884 1541 2014 1581 aliquam
2035 1540 2085 1572 dt-

1192 1586 1262 1613 citis
1274 1605 1281 1613 .
1308 1584 1423 1614 Ramus
1437 1582 1474 1622 est
1486 1583 1575 1622 vestri
1587 1593 1695 1618 erroris
1706 1610 1716 1625 ‚
1737 1588 1893 1631 protensus
1907 1592 1944 1622 de
1955 1590 2084 1621 menda-

1193 1636 1234 1663 cio
1244 1655 1255 1671 ‚
1282 1642 1339 1663 non
1349 1632 1386 1664 de
1396 1634 1496 1666 radice
1508 1639 1664 1667 veritatis.
1697 1640 1830 1680 Denique
1845 1638 1992 1671 Macrobio
2001 1640 2087 1670 dica-

1195 1690 1244 1712 tur
1259 1703 1270 1719 ,
1295 1681 1345 1712 ubi
1356 1682 1414 1713 illic
1418 1680 1523 1723 sedeat
1533 1705 1544 1721 ,
1569 1687 1711 1727 nunquid
1717 1688 1811 1728 potest
1824 1690 1918 1722 dicere
1933 1713 1943 1727 ‚
1969 1695 2001 1720 in
2023 1693 2085 1721 Ca-

1193 1729 1302 1762 thedra
1315 1732 1397 1762 Petri
1410 1731 1427 1762 ?
1454 1733 1557 1774 ,Quam
1569 1733 1662 1776 neftto
1679 1758 1690 1773 ‚
1712 1736 1739 1777 fi
1744 1737 1799 1769 vel
1809 1739 1897 1769 oculis
1916 1743 2003 1770 novit
2014 1760 2023 1775 ,
2049 1739 2085 1771 (ι’

1195 1782 1238 1812 ad
1247 1781 1331 1821 cujus
1352 1787 1521 1813 memoriam
1543 1793 1599 1814 non
1611 1785 1722 1817 accedit
1734 1810 1745 1826 ‚
1768 1786 1853 1828 quasi
1875 1785 2086 1830 schismaticus

1195 1840 1297 1863 contra
1313 1830 1472 1872 Apostolum
1475 1831 1598 1873 faciens
1609 1858 1620 1874 ‚
1647 1841 1698 1877 qui
1722 1841 1786 1868 ait:
1815 1837 1988 1871 Memoriis
2007 1838 2087 1870 San-

1197 1881 1321 1913 &orum
1333 1882 1618 1917 communicantes
1636 1909 1643 1916 .
1671 1888 1748 1919 Ecce
1764 1885 1927 1929 prasente:
1951 1887 2023 1930 sunt
2042 1887 2086 1920 ibi

1199 1931 1320 1963 duorum
1332 1937 1479 1963 memoriae
1492 1934 1685 1974 Apostolorum
1700 1948 1710 1967 :
1737 1939 1835 1969 Dicite
1838 1935 1914 1977 [fiad
1923 1936 1977 1969 bas
1990 1943 2089 1981 ingre-

1196 1981 1228 2013 di
1239 1986 1338 2023 potuit
1350 2005 1360 2021 ,
1387 1987 1433 2013 ita
1455 1990 1485 2014 ut
1497 1983 1634 2016 obtulerit
1647 1985 1729 2025 illic,
1756 1987 1807 2019 ubi
1825 1987 2000 2020 sauciorum
2019 1999 2087 2021 me·-

1197 2036 1307 2064 mortas
1322 2031 1375 2073 effe
1385 2031 1509 2071 constat.
1537 2036 1622 2078 Ergo
1638 2035 1730 2076 restat
1742 2059 1753 2076 ‚
1783 2047 1815 2070 ut
1831 2037 1974 2078 fateatur
1989 2036 2087 2080 socius

1199 2080 1290 2119 vester
1315 2081 1481 2114 Macrobius
1499 2081 1533 2124 se
1554 2084 1596 2115 ibi
1604 2083 1709 2125 sedere
1722 2109 1732 2126 ,
1757 2087 1806 2119 ubi
1828 2089 1989 2129 aliquando
2004 2087 2088 2131 sedit

1200 2131 1363 2170 Encolpius
1376 2155 1382 2161 .
1409 2132 1439 2162 51·
1464 2134 1497 2164 (τ
1521 2132 1582 2175 ipse
1593 2134 1754 2176 Encolpius
1774 2138 1864 2178 poffict
1887 2143 2087 2183 interrogari,

1198 2180 1305 2218 diceret
1315 2178 1528 2222 scibisca'ere,
1557 2182 1608 2215 ubi
1620 2191 1690 2217 ante
1696 2183 1776 2226 sedit
1790 2187 1966 2227 Bonffacius
1986 2188 2087 2220 Balli-

1200 2239 1306 2262 tanus.
1337 2231 1453 2262 Deinde
1457 2230 1487 2271 fi
1508 2234 1542 2265 (st
1552 2231 1612 2274 ipfi‘
1625 2239 1802 2279 interrogari
1826 2239 1959 2281 potuiffet
1972 2263 1981 2277 ‚
2009 2239 2087 2271 dice-

1199 2290 1244 2311 ret
1261 2303 1272 2318 ,
1298 2280 1352 2310 Ubi
1362 2279 1443 2321 sedit
1456 2281 1553 2313 Vit‘lor
1568 2284 1736 2325 Garbienfis
1747 2310 1758 2325 ,
1786 2288 1806 2318 ἆ
1817 2287 1922 2327 vestris
1940 2290 2009 2328 jam
2032 2289 2086 2320 du-

1200 2330 1270 2361 dum
1292 2330 1327 2360 de
1341 2328 1443 2369 Africa
1453 2332 1498 2362 ad
1502 2339 1614 2372 paucos
1628 2337 1658 2364 E
1661 2340 1782 2367 rraticos
1797 2339 1893 2379 missus
1905 2361 1912 2369 .
1943 2339 2031 2380 ,Quid
2047 2337 2086 2376 est

1199 2378 1249 2411 hoc
1262 2403 1271 2419 ,
1297 2380 1377 2420 quod
1382 2387 1457 2420 pars
1470 2381 1566 2421 vestra
1581 2389 1612 2415 in
1623 2384 1698 2416 Urbe
1720 2388 1814 2419 Roma
1836 2390 1943 2420 Civem
1965 2386 2089 2431 Episco-

1195 2437 1268 2471 pum
1282 2429 1388 2461 habere
1400 2441 1458 2461 non
1463 2438 1562 2471 potuit
1576 2431 1593 2462 ?
1618 2436 1708 2475 ‚Quid
1716 2435 1754 2474 est
1766 2459 1774 2474 ‚
1804 2439 1884 2478 quod
1892 2443 1946 2470 toti
1958 2436 2027 2478 Afri
2051 2439 2087 2471 (9⁹

1195 2484 1346 2522 peregrini
1359 2484 1391 2510 in
1402 2480 1454 2510 illa
1469 2480 1806 2526 civitatefibtsucceffiffe
1816 2486 1972 2528 noscuntur
1986 2487 2002 2517 ?
2012 2491 2088 2519 Non

1203 2537 1331 2570 apparet
1344 2528 1426 2560 dolus
1440 2529 1457 2559 ?
1483 2534 1517 2562 N
1520 2542 1556 2562 on
1559 2530 1658 2571 fac¹7io
1667 2556 1677 2571 ‚
1704 2544 1772 2575 quae
1783 2545 1877 2568 mater
1887 2536 1922 2576 est
1935 2535 2086 2579 Schisma·-

1198 2584 1237 2612 tis
1250 2578 1265 2609 ,2
1292 2582 1408 2612 Interea
1419 2582 1447 2611 V
1446 2580 1516 2612 illor
1529 2581 1696 2624 Garbienfis
1710 2607 1719 2622 ‚
1747 2593 1780 2616 ut
1793 2584 1862 2617 binc
1877 2592 1962 2627 prior
1985 2592 2086 2620 mitte-

1196 2638 1275 2661 retur
1287 2654 1297 2668 ,
1323 2640 1382 2661 non
1391 2631 1455 2662 dico
1464 2639 1496 2662 ut
1507 2631 1585 2673 lapis
1606 2637 1639 2665 in
1652 2631 1770 2673 fontem
1781 2658 1791 2674 ,
1819 2641 1891 2677 quia
1910 2646 1960 2668 nec
1984 2639 2084 2670 valuit

1195 2687 1356 2721 puritatem
1379 2678 1537 2713 Catholicae
1563 2683 1765 2716 multitudinis
1783 2686 1961 2726 perturbare
1982 2710 1992 2726 ,
2025 2686 2085 2730 sed

1198 2736 1267 2772 quia
1277 2728 1454 2772 quibusdam
1468 2730 1550 2772 Afris
1559 2734 1674 2774 placuit
1689 2734 1796 2767 Urbica
1813 2741 1997 2770 commoratt‘o
2011 2761 2022 2776 ‚
2048 2746 2083 2769 ut

1198 2781 1264 2812 binc
1290 2783 1310 2812 a
1334 2781 1419 2813 vobis
1441 2780 1568 2822 presedit
1589 2783 1752 2817 videantur
1762 2809 1773 2825 ,
1803 2785 1858 2828 ipsi
1874 2792 2023 2829 petierunt
2049 2795 2082 2820 ut

1198 2832 1308 2872 aliquis
1319 2830 1405 2868 hinc,
1430 2838 1481 2873 qui
1492 2833 1556 2865 illos
1568 2834 1731 2876 colligeret,
1758 2840 1925 2869 mitteretur
1942 2862 1948 2869 .
1977 2838 2081 2880 Mrffus

1198 2881 1234 2921 est
1245 2887 1334 2924 igitur
1347 2881 1444 2913 Vtt‘lor
1459 2906 1465 2912 .
1496 2885 1579 2916 Erat
1592 2883 1632 2916 ibi
1640 2883 1720 2925 filius
1727 2885 1791 2924 fine
1804 2889 1897 2919 Patre
1909 2911 1919 2926 ,
1947 2889 2014 2925 Tyro
2016 2886 2080 2926 si'ne

1200 2934 1336 2972 Principe
1351 2955 1361 2971 ‚
1387 2929 1556 2974 Discipulus
1570 2932 1633 2974 fine
1649 2934 1786 2978 Magistro
1801 2960 1810 2976 ‚
1839 2937 2009 2978 Inquilinus
2017 2937 2079 2978 fine

1200 2985 1291 3013 Domo
1301 3005 1312 3021 ‚
1339 2980 1449 3024 Hospes
1469 2982 1532 3024 fine
1559 2982 1687 3026 Hospitio
1715 3009 1726 3025 ,
1754 2984 1855 3024 Pastor
1874 2985 1937 3028 fine
1965 2990 2076 3029 Grege,

1200 3029 1362 3074 Episcopus
1368 3031 1431 3073 fine
1450 3034 1560 3074 Populo
1578 3058 1584 3064 .
1611 3038 1684 3066 Non
1694 3040 1772 3067 enim
1777 3047 1857 3079 grex
1883 3045 1935 3069 aut
1952 3038 2078 3078 populus

1199 3082 1371 3124 appellandi
1380 3081 1508 3122 fuerant
1518 3087 1626 3125 pauci,
1651 3090 1704 3125 qui
1714 3089 1793 3118 inter
1803 3088 2005 3130 quadraginta
2017 3111 2027 3127 ,
2042 3089 2077 3121 (9·

1197 3134 1277 3174 quod
1287 3138 1416 3166 excurrit
1428 3155 1438 3171 ‚
1464 3132 1607 3174 Bafilicas·
1618 3134 1706 3166 locum
1717 3157 1727 3174 ‚
1752 3135 1802 3168 ubi
1812 3136 1972 3180 colligerent
1981 3161 1992 3176 ‚
2020 3148 2076 3169 non

1200 3183 1349 3216 habebant
1361 3204 1370 3220 ,
1392 3181 1450 3224 sed
1455 3181 1626 3225 speluncam
1635 3186 1798 3226 quamdam
1813 3186 1894 3228 foris
1914 3188 1934 3219 ἃ
1955 3192 2077 3220 civitate

1192 3234 1341 3278 gradibus
1351 3231 1503 3275 sepserunt
1516 3256 1527 3272 ‚
1553 3243 1586 3265 ut
1597 3233 1659 3276 ipso
1681 3244 1808 3277 tempore
1830 3239 2076 3271 Conventiculum

1199 3284 1304 3318 hahere
1319 3282 1473 3324 potuissent
1486 3308 1493 3314 .
1521 3287 1616 3327 Igitur
1632 3290 1704 3325 quia
1722 3287 1909 3321 Claudianus
1926 3290 2053 3320 Luciano
2065 3312 2075 3326 ‚

1199 3337 1347 3367 Lucianus
1359 3333 1506 3365 Macrobio
1519 3357 1528 3372 ‚
1555 3335 1722 3368 Macrobius
1736 3339 1878 3379 Encolpio
1890 3361 1899 3376 ‚
1912 3341 1940 3369 E
1946 3338 2074 3379 ncolpiur

1199 3383 1376 3426 Bonisana,
1402 3382 1575 3423 Bonifatius
1592 3384 1850 3429 Vic‘i‘orisucceffiffe
1869 3388 2007 3420 videntur
2020 3410 2029 3424 ‚
2048 3382 2078 3424 ſs

1198 3435 1307 3467 Vic‘iort
1318 3436 1460 3468 diceretur
1472 3457 1482 3474 ‚
1509 3434 1564 3467 Ubi
1570 3432 1686 3477 sederit
1699 3460 1708 3474 ‚
1735 3447 1787 3469 nec
1802 3446 1872 3470 ante
1890 3435 1922 3478 se
1947 3437 2077 3473 aliquem

1661 3484 1694 3518 O
1747 3496 1766 3533 3
1969 3484 2025 3517 illic
