2326 3718
846 136 1445 191 Eurrciier1s.

235 241 274 264 nc
287 227 510 265 retractatum,
535 225 620 260 &ex
643 226 801 270 perspecta
823 225 892 268 ejus
904 225 1113 271 legitimitate

236 275 618 315 recusatamGeneralem
626 276 812 321 Synodum.
828 275 877 312 At
887 277 966 311 vero
977 288 1031 319 per
1041 287 1116 311 exa-

236 338 314 365 men
331 326 366 360 &
382 326 643 361 retrastationem
664 326 822 372 perspesta
843 326 1055 375 legitimitas,
1080 325 1113 359 ἀ

234 384 365 423 propter
382 376 485 419 ipram
506 375 588 411 fasta
597 375 765 411 Generalis
777 376 904 418 Synodi
930 375 1088 410 recusatio
1101 400 1111 416 ‚

233 427 313 471 quid
325 425 369 460 est
381 426 439 460 nisi
450 427 658 461 confirmatio
669 426 686 459 ἒ
714 426 769 459 Est
783 426 866 471 istud
881 427 984 469 ipsum
998 450 1008 466 ,
1022 424 1112 468 quod

232 474 343 511 laudat
365 476 502 520 quintus
521 476 677 511 Nicaenus
700 476 843 510 Canon:
870 481 1041 519 inquiratur
1060 486 1116 523 au-

233 537 294 561 tem
307 550 317 566 ‚
345 537 382 559 ne
387 525 535 570 simultate
547 550 559 566 ,
582 534 637 558 aut
645 532 842 567 contentione,
870 536 925 560 aut
936 528 1039 568 aliqua
1052 526 1113 557 alia

233 576 361 616 molestia
373 575 512 620 Episcopi
529 575 590 617 fint
608 581 851 622 excommunicati
864 601 871 609 .
898 575 979 617 Etsi
993 581 1116 622 quima-

232 626 348 670 nifesle'
361 623 534 667 offenderint
544 623 722 669 Episcopum
737 621 847 669 ,ssfjuste
866 621 1114 663 excommunicati

232 677 275 711 ab
286 676 441 712 omnibus
452 677 513 709 esse
524 674 695 710 videantur
705 700 713 708 .
744 676 782 709 Id
800 676 846 710 est
861 700 871 716 ‚
899 675 966 709 haec
979 685 1115 710 excom-

230 725 435 765 municatio,
462 726 621 771 quoniam
642 726 743 770 justa,
772 726 813 759 ab
825 725 980 760 omnibus
999 724 1116 760 confir-

218 786 355 814 -metur-
383 776 465 811 Haec
476 777 564 811 enim
578 777 789 813 confir-matio
802 775 853 810 ost
867 777 983 820 scopus
1004 775 1038 810 δε
1052 776 1119 809 fru÷

231 825 472 864 &ussexatniuis
494 838 532 860 ac
551 821 788 862 retractationis
801 851 808 858 .
835 819 980 861 Proinde
1002 824 1123 859 R.Pa·-

231 877 280 913 ter
288 872 472 914 Paschasius
482 876 697 927 Qesnellus,
721 871 803 923 'licet
814 874 844 910 A
849 875 1013 919 postolicae
1025 881 1113 909 ‘con-

229 920 426 962 firmationis
443 938 509 960 rem
537 925 673 969 abjicere
694 925 762 960 non
787 924 882 968 poffit
903 924 928 965 ,¹
942 921 1115 959 *dele-statur

232 988 342 1011 tamen
350 978 505 1023 consueta
525 977 662 1022 abjicere
674 975 833 1021 yocabula
846 999 858 1016 ,
884 975 983 1019 atque
995 976 1037 1022 ita
1050 976 1116 1019 suae

230 1028 307 1070 erga
318 1027 471 1060 sanetum
487 1024 623 1060 Petrum
634 1025 896 1068 pusillanimitati
906 1025 992 1060 istud
1001 1022 1114 1059 saltem

229 1075 382 1110 solatium
397 1075 554 1117 impartiri
568 1099 576 1108 .
597 1075 718 1109 Datam
742 1074 804 1108 ase
824 1075 919 1108 fuisse
942 1075 1116 1109 confirma·

230 1126 356 1159 tionem
370 1122 527 1157 Pontifex
538 1123 656 1158 diserte
678 1124 816 1158 affirmat
837 1124 937 1158 etiam
948 1125 984 1158 in
1000 1125 1116 1158 litteris

229 1174 271 1208 ad
292 1172 468 1215 Faustum,
493 1173 702 1214 Martinam,
727 1174 854 1208 &alios
880 1174 1118 1208 Constantino-

231 1223 391 1267 pontana
397 1222 547 1257 Ecclefiae
569 1222 877 1258 Archi-Mandritas
888 1238 899 1259 .·
913 1223 1044 1267 'sensiam
1055 1225 1116 1257 Eu-

222 1271 346 1313 anthe,
370 1271 509 1315 quivficut
521 1273 805 1315 Gestorum-lemane
826 1275 1036 1318 cognovimus-5
1059 1271 1117 1308 mess

226 1326 288 1358 rito
298 1323 471 1365 reprobatus
482 1323 521 1364 est
530 1348 541 1364 ‚
566 1330 661 1357 etiam
673 1335 724 1357 nos
735 1323 940 1364 detestandum
952 1326 1002 1367 effe
1021 1326 1117 1358 decer-

229 1380 329 1410 nimus
340 1397 352 1413 ‚
377 1375 423 1406 ita
440 1381 475 1406 ut
488 1372 651 1417 fiAffertor
669 1373 809 1420 insipiens
831 1379 865 1407 in
887 1372 942 1416 sua
951 1379 1114 1416 pravitate

227 1424 363 1466 voluerit,
374 1431 549 1469 permanere
568 1448 598 1469 ,ᾖ
615 1422 725 1469 babeat
743 1435 814 1468 ‚cum
834 1423 884 1456 bis
918 1420 1118 1467 consortium,

227 1484 350 1516 quorum
375 1474 413 1514 est
434 1472 549 1516 secutus
575 1485 700 1507 errorem
725 1499 732 1506 .
783 1473 918 1508 sanetus
944 1475 1120 1509 Flavianus

226 1522 386 1558 Pontifici
405 1524 621 1568 supplicarat,
647 1535 684 1558 ut
701 1524 891 1568 dignaretur
910 1536 965 1567 per
986 1525 1115 1568 propria

225 1574 354 1618 Scripta
376 1573 753 1617 decernereEutychetis
774 1575 1024 1609 damnationem
1050 1575 1113 1609 esse

226 1624 346 1658 factam
366 1625 575 1672 regulariter.
601 1624 645 1659 Et
668 1624 739 1660 Leo
764 1624 820 1658 hic
829 1624 946 1659 diserte
966 1624 1075 1660 scribit
1086 1626 1116 1660 se

225 1673 419 1708 decrevisse.
449 1674 500 1707 Ex
522 1669 699 1708 Gestorum
712 1672 932 1717 Synodalium
955 1676 1114 1710 lectione.

219 1722 308 1764 >{Hoc
317 1723 363 1763 est
375 1748 386 1764 ‚
410 1734 453 1758 ex
464 1725 692 1767 retractatione
702 1725 908 1759 confirmasse
919 1751 927 1759 .

219 1770 225 1792 '¹-
277 1772 486 1825 Adducenda
495 1775 570 1808 sunt
590 1775 625 1809 δι
639 1776 805 1819 sequentia
817 1775 934 1810 verba:
960 1778 1020 1810 Sed
1033 1784 1115 1809 ante-

220 1818 381 1867 'quam-ea·
395 1816 496 1857 iimm‘a
515 1825 586 1858 nota
608 1821 697 1867 efferii
716 1820 882 1868 Pontifici,
910 1828 944 1860 &
960 1826 1115 1868 postquam

226 1877 319 1909 etiam
342 1875 382 1921 tle
401 1878 448 1915 rei
468 1880 561 1920 totius
571 1873 671 1917 seriei)
687 1876 1013 1919 Flaviano-*instruam
1026 1877 1092 1920 effet
1103 1900 1113 1916 ‚

223 1936 285 1957 mn
297 1925 459 1958 modificet
471 1922 634 1958 Catholtcae'
643 1921 777 1958 utilitate
790 1927 962 1964 synodalem
971 1930 1116 1960 Gon-ven*

223 1983 291 2008 tum
314 1974 364 2017 effe
386 1973 595 2016 existimavit,
618 1973 675 2018 sed
689 1977 788 2018 &pro
809 1987 840 2009 eo
850 1977 1040 2018 impetrando
1045 1973 1116 2020 sup-

220 2026 316 2067 plites
328 2025 374 2056 ad
381 2028 591 2065 Imperatorem
601 2026 684 2057 dedit
696 2025 818 2062 litteras
830 2050 838 2057 .
864 2024 1013 2060 Adducit
1026 2028 1116 2069 vige-

224 2074 339 2107 simam
359 2074 488 2107 tertiam
499 2073 620 2118 Magni
633 2074 757 2108 Leonis
769 2074 967 2117 epistolam,
993 2076 1027 2107 &
1038 2085 1116 2107 con-

223 2121 349 2156 cludit:
378 2126 434 2156 Ex
456 2123 564 2166 quibus
576 2145 588 2164 ‚
615 2124 651 2158 Θ·
671 2131 710 2156 ex
727 2122 915 2166 sequentium
927 2125 1040 2167 aliquot
1056 2129 1116 2166 epi-

219 2172 366 2213 stolarum
374 2168 478 2207 verbis
489 2174 582 2207 elucet·
589 2176 716 2206 Leonem
722 2172 899 2218 persuasum
917 2182 989 2208 tunc
998 2172 1115 2217 babuis-

221 2221 254 2265 [ε
262 2237 281 2262 ,·
297 2223 464 2255 maximam
475 2225 637 2256 utilitatem
649 2225 812 2257 allaturam
823 2224 875 2268 effe
884 2225 1024 2263 synodum
1036 2249 1046 2265 ‚
1071 2225 1115 2257 id-

221 2282 283 2314 que
303 2273 480 2314 multiplices
500 2273 535 2305 ob
556 2271 660 2314 causas
674 2289 687 2304 ¹.
717 2273 775 2307 Ut
799 2275 932 2308 evincat
955 2275 1115 2308 Rornanae

226 2322 379 2355 Ecclefiae
399 2326 469 2356 non
488 2323 549 2356 effe
571 2322 805 2357 authoritatem
825 2322 1007 2357 definiendi
1033 2324 1115 2368 dog-

225 2371 362 2405 maticas
382 2372 633 2412 controversias,
659 2373 797 2408 affirmat
819 2374 1017 2407 Generalem
1036 2385 1115 2407 con·

223 2432 274 2456 tra
287 2419 515 2464 Eutychianos
525 2432 646 2455 errores
669 2422 843 2462 Synodum
855 2423 955 2457 etiam
968 2434 1022 2466 per
1041 2425 1116 2457 Ma·

222 2482 330 2515 gnum
357 2472 508 2505 Leonem
533 2470 632 2504 fuisse
658 2469 676 2503 ὲ
703 2471 860 2514 Principe
899 2472 1113 2516 postulatam.

225 2522 426 2564 Respondeo
437 2522 540 2555 virum
552 2520 662 2555 denuo
684 2521 927 2561 circumscribi,
953 2533 1008 2556 aut
1032 2523 1114 2556 velle

224 2571 489 2606 circumscribere
499 2597 506 2604 .
528 2572 660 2606 Etenim
673 2581 787 2606 omnes
799 2583 854 2615 per
865 2572 970 2615 ipsum
984 2572 1038 2605 hic
1049 2573 1114 2607 lau·

225 2623 309 2656 data:
321 2622 444 2656 Leonis
454 2621 619 2665 epistolae,
644 2619 667 2653 fi
681 2623 731 2656 vel
743 2621 856 2656 leviter
879 2622 1111 2665 inspiciantur,

225 2672 454 2706 demonstrant⁴
470 2673 559 2706 illius
570 2673 717 2705 animum
730 2672 851 2706 suiffea
862 2667 1001 2716 Synodo
1025 2673 1114 2716 peni·

223 2722 278 2757 tus
290 2722 433 2757 aversum
445 2747 452 2754 .
480 2721 529 2756 At
549 2720 708 2766 quoniam
729 2733 784 2766 per
794 2723 1039 2757 Dioscorum&
1051 2723 1114 2756 Eu·

226 2772 395 2815 tychetem
414 2771 562 2808 sedutstus
583 2773 739 2816 Princeps
760 2773 967 2815 persistebat,
994 2773 1112 2808 institit

224 2821 429 2866 urSynodus
442 2823 551 2856 saltem
573 2823 608 2856 in
630 2823 724 2857 ltalia
747 2823 839 2856 fieret
854 2848 861 2854 .
889 2824 940 2856 Ex
967 2834 1113 2857 momen-

229 2873 390 2907 tofissimis
411 2873 610 2908 rationibus.
638 2872 687 2906 At
709 2884 815 2916 neque
836 2872 920 2907 istud
943 2873 1110 2908 obtinuit.

230 2921 341 2968 Qare
361 2931 500 2957 errorem
522 2923 695 2958 continent
713 2924 813 2957 etiam
836 2922 901 2957 haec
914 2923 1031 2958 verba:
1059 2929 1111 2958 Ve-

230 2973 297 3006 rum
306 2972 377 3003 dum
387 2971 450 3004 baec
470 2973 595 3007 sanetus
607 2976 668 3006 Leo
679 2978 711 3005 in
722 2978 850 3015 ancipiti
867 2972 973 3014 politus
984 2976 1113 3008 medita-

230 3030 281 3054 tur
292 3043 303 3060 ,
312 3021 453 3054 modo-ad
460 3022 695 3066 congregandam
707 3025 847 3062 synodum
856 3023 1019 3066 propensior
1034 3050 1044 3065 ,
1054 3036 1112 3057 mo·

230 3072 270 3104 do
290 3072 335 3103 ad
342 3073 572 3112 removendam,
600 3072 767 3115 Theodofius
791 3073 931 3117 Augustus
953 3085 1018 3107 eam
1029 3076 1116 3117 apud

232 3119 384 3163 Ephesum
393 3123 611 3155 convocandam
623 3124 737 3155 indixit
748 3123 836 3166 inscio
848 3128 978 3157 Romano
991 3125 1113 3165 Pontifi-

230 3182 278 3205 ce.
310 3171 445 3206 Etenim
455 3173 581 3206 clarum
592 3170 637 3205 est
650 3172 826 3209 Leonem&
845 3173 980 3216 Synodo
991 3176 1114 3219 semper

231 3221 264 3256 dc
283 3221 467 3257 constanter
494 3222 588 3256 fuisse
608 3222 758 3256 aversum
777 3243 793 3255 .·
811 3223 867 3258 Ad
893 3223 1113 3261 damnandam

335 3471 444 3513 christ.
456 3477 534 3517 Lupi
544 3477 644 3516 Opera
655 3475 688 3506 T.
700 3475 783 3507 VIII.

1893 165 1913 208 3
1931 166 1945 195 1
1958 166 1988 210 7

1172 223 1257 258 hanc
1269 221 1410 257 haeresim
1433 224 1581 257 censebat
1594 228 1684 264 suum
1695 228 1848 265 'romum
1869 230 2030 267 sufficere.

1223 271 1433 308 Reverendus
1445 271 1543 308 Pater
1562 274 1746 314 Paschasius
1769 281 1969 327 Qesnellus*
1985 283 2057 325 post

1175 323 1261 357 varia
1274 346 1284 362 ‚
1296 334 1366 365 quae
1377 323 1417 358 ad
1430 333 1496 358 rem
1510 335 1579 358 non
1592 326 1716 362 faciunt
1728 353 1738 368 ‚
1755 329 1922 366 concludit
1933 346 1944 365 .-
1971 335 2058 377 ,Qua-

1174 382 1238 407 tuor
1249 372 1415 416 huiusmodi
1425 373 1517 407 libelli
1527 380 1681 416 inprimis
1695 371 1977 424 distinguendisunt*
1985 406 1995 421 ,
2020 395 2059 418 ne

1175 421 1313 467 cujusque
1328 429 1379 457 vis
1401 426 1435 458 &0
1446 430 1565 468 energia
1575 428 1663 458 alteri
1676 427 1826 461 tribuatur
1839 455 1851 470 ,
1875 433 1954 464 unde
1965 434 1999 466 Θ
2017 443 2058 466 to-

1176 483 1238 507 tum
1260 473 1310 506 boc
1322 480 1468 518 negotium
1481 473 1685 518 consequenter
1704 475 1867 519 obscuretur
1880 504 1887 511 .
1915 485 1987 514 Fuit
2002 487 2059 526 igi-

1176 533 1227 557 tur
1242 530 1364 565 primus
1385 525 1499 559 libellus
1520 526 1733 568 appellatorias
1744 527 1788 559 ad
1797 530 1957 562 Concilium
1971 553 1978 563 .
2007 535 2057 565 ,ςε-

1176 575 1288 607 cundus
1313 574 1544 615 Contestatorius
1563 578 1609 609 ad
1620 575 1974 619 Constantinopolitanum
1999 584 2060 614 Po-

1173 625 1296 665 pulum.
1323 627 1438 659 Terttus
1463 627 1714 668 guaimarium,
1738 624 1789 670 seu
1798 628 2062 669 querelaetadsan-

1177 674 1254 706 Ham
1265 678 1412 708 Leonem.
1439 678 1578 719 ‚Quartus
1590 676 1706 710 libellus
1720 675 1850 720 supplex
1869 681 1913 711 ad
1925 683 2063 720 4mpera-

1177 732 1267 756 torem
1281 749 1288 756 .
1315 728 1435 758 Primus
1445 732 1658 760 commentitius
1667 735 1735 759 erat
1745 750 1755 766 ‚
1773 739 1823 761 nec
1835 731 1942 762 revera
1953 731 2042 762 datus
2050 754 2064 771 ,

1177 775 1230 806 alii
1253 783 1319 807 tres
1337 777 1409 809 ‘vere³
1430 776 1526 815 oblati
1543 796 1551 808 .-
1580 779 1714 821 ⁸Quorum
1739 784 1866 811 omnium
1899 779 2064 813 libellorum

1176 829 1352 858 mentionem
1355 825 1437 866 facit
1447 825 1574 861 sanatus
1596 822 1769 860 Flavianus
1784 837 1816 860 tn
1827 827 1944 870 epistola
1960 833 2064 872 primia

1177 875 1220 906 nd
1238 875 1378 908 sancium
1410 878 1538 910 Leonem
1562 901 1569 909 .
1598 876 1884 923 Qetin‘ionialem
1915 878 2065 924 libellum

1177 920 1315 966 exponit
1327 924 1488 968 per'xierha
1501 926 1752 970 Juris-Consulti
1766 940 1773 960 :
1800 931 1847 961 De
1859 925 2002 963 paterinis
2020 927 2065 964 in-

1169 974 1265 1012 juriis
1286 985 1506 1022 conquerentem
1529 977 1628 1019 filium
1652 979 1750 1011 audiri
1760 976 1871 1021 justum
1881 978 1942 1020 est,
1968 982 2001 1013 (9·
2014 980 2065 1022 ufi-

1177 1030 1275 1056 tatum
1285 1037 1300 1066 ,-
1325 1036 1390 1058 eum
1403 1024 1496 1069 ipsum
1508 1027 1698 1070 accusantem
1712 1031 1769 1061 vin
1785 1023 1945 1072 quisquam
1959 1028 2046 1071 ferat
2056 1055 2064 1062 .

1179 1073 1377 1116 Respondeo
1397 1075 1542 1111 fabulam
1566 1077 1677 1112 denuo
1697 1089 1768 1113 non
1787 1078 1949 1122 cohaerere
1971 1103 1979 1111 .
2009 1080 2067 1114 Et-

1177 1122 1267 1157 enim
1290 1123 1459 1165 Eutyches
1485 1126 1528 1161 de
1546 1127 1706 1162 Flaviano
1718 1138 1787 1162 non
1801 1126 1976 1163 dumtaxat
1987 1141 2067 1164 con-

1177 1173 1308 1216 questus
1329 1174 1373 1206 est
1394 1199 1406 1214 ,
1432 1173 1486 1208 sed
1510 1177 1639 1219 insuper
1669 1178 1831 1213 accusavit
1856 1204 1863 1211 .
1892 1180 2002 1213 Etiam
2026 1179 2069 1214 de

1179 1223 1528 1259 Nestoriin‘a‘Hirefi'ss
1555 1226 1629 1260 Nec
1639 1228 1662 1258 1·
1661 1226 1730 1269 pud
1738 1228 1851 1274 sc'ilum‘
1857 1227 2069 1276 Pontificem,

1178 1272 1234 1308 sed
1244 1272 1345 1307 etiam
1357 1272 1565 1316 Principem.
1593 1274 1868 1310 Accusavieadeo
1878 1273 2070 1320 crudeliter,

1180 1333 1216 1357 ut
1237 1320 1447 1358 Theodosius
1468 1324 1708 1359 Sanstiffimum
1731 1324 1837 1359 virum
1860 1328 2004 1371 coegerit
2028 1327 2070 1362 ad

1180 1373 1360 1418 solemnem
1382 1397 1393 1413 ,
1418 1375 1565 1421 propria-
1583 1385 1684 1412 manu
1705 1376 1912 1423 scriptamr&
1937 1377 2073 1411 subscri-

1180 1420 1269 1468 ptam
1292 1445 1318 1468 ,Σ
1330 1421 1412 1466 fidei
1429 1419 1799 1473 professionemjst‘Necj
1819 1425 1878 1471 ῌιςλ
1892 1419 2070 1472 epi-,tentus

1181 1472 1349 1516 Eutyches
1373 1472 1435 1507 suis
1446 1474 1699 1510 Contestatoriis
1725 1471 1841 1509 libellis
1860 1476 1982 1510 indidit
2002 1487 2071 1522 gra-

1180 1523 1318 1557 viffimas
1340 1524 1375 1557 in
1407 1526 1571 1568 optimum
1602 1526 1797 1560 Antistitem
1828 1526 2068 1562 contumelias.

1179 1574 1262 1621 Qae
1282 1572 1368 1618 certe
1395 1576 1553 1616 nonsunt
1565 1575 1678 1610 filialia
1692 1600 1700 1608 .
1729 1575 1830 1618 Etad
1841 1576 1991 1611 Leonem
2003 1576 2072 1611 Pa-

1179 1635 1252 1667 pam
1265 1623 1437 1671 transmisit
1450 1624 1597 1660 libellum
1610 1650 1621 1666 ,
1648 1636 1714 1673 quo
1726 1618 1894 1673 Synoflale
1916 1626 2070 1663 Flaviani

1179 1674 1344 1717 Judicium
1377 1674 1561 1718 postulabat
1596 1677 1752 1710 retraetari
1780 1675 1814 1710 δε
1840 1677 2043 1711 circumduci
2058 1702 2067 1709 .

1179 1723 1320 1759 Addidit
1342 1724 1485 1759 eundem
1507 1735 1564 1759 aut
1584 1726 1721 1759 similem
1735 1725 1912 1772 libellum&
1937 1728 1968 1760 se
1980 1725 2074 1760 exhi<

1179 1773 1283 1808 bitum
1291 1774 1329 1808 in
1337 1774 1405 1818 ipsa
1416 1775 1554 1818 Synodo
1566 1789 1577 1809 :
1605 1777 1648 1810 Et
1661 1776 1789 1810 asseruit
1799 1777 1894 1824 fuisse
1918 1775 2073 1812 libellum

1178 1825 1422 1869 appellationis.
1448 1825 1592 1860 Proinde
1606 1825 1792 1861 Paschasius
1847 1825 2005 1861 siesnellus
2017 1827 2071 1861 de'-

1175 1875 1276 1917 nuo,
1297 1875 1374 1919 quia
1384 1886 1452 1910 rem
1463 1875 1625 1920 abnegare
1642 1889 1711 1911 non
1726 1877 1809 1912 valet
1821 1902 1832 1917 ,
1859 1877 1945 1912 ludit
1968 1877 2002 1911 in
2018 1889 2072 1911 vo-

1179 1924 1283 1965 culis,
1309 1935 1407 1967 atque
1430 1925 1475 1959 ita
1495 1923 1605 1959 devias
1629 1927 1701 1961 suas
1721 1928 1945 1972 cogitationes
1964 1927 2078 1966 studet&

1179 1974 1344 2022 consolari
1362 2000 1369 2007 .

1205 2060 1207 2062 ,
1229 2026 1340 2061 Etiam
1361 2025 1428 2060 mei
1447 2026 1604 2070 dignatus
1633 2027 1679 2060 est
1713 2028 1818 2062 facere
1854 2027 2074 2062 memoriam.-

1181 2073 1273 2107 Nibil
1282 2079 1374 2117 igitur
1385 2085 1487 2108 contra
1499 2081 1659 2117 antiquum
1672 2080 1823 2109 canonem
1835 2078 1869 2110 (τ
1882 2089 1989 2110 morem
2003 2089 2074 2120 age-

1178 2125 1231 2157 bat
1251 2126 1427 2157 Flavianus
1444 2149 1454 2165 ,
1481 2130 1532 2167 qui
1551 2136 1583 2157 eo
1608 2133 1723 2158 nomine
1745 2131 1883 2169 arguitur
1906 2128 1926 2158 ἃ
1951 2129 2072 2159 CHRI-

1178 2178 1329 2208 STIANO
1345 2171 1452 2208 LUPO
1465 2199 1476 2216 ,
1503 2185 1568 2207 cnm
1576 2174 1750 2218 synodisuae
1765 2176 1839 2209 Aeta
1861 2179 1987 2209 Romam
2012 2183 2070 2211 nm

1178 2225 1280 2258 retulit
1300 2249 1307 2257 .
1336 2225 1440 2271 Qod
1459 2235 1535 2258 eum
1559 2224 1706 2270 Magnus
1727 2225 1799 2259 Leo
1819 2227 1961 2270 arguerit
1981 2251 1993 2266 ‚
2021 2222 2077 2274 est¹

1181 2275 1389 2309 manifestum
1402 2300 1409 2307 .
1439 2275 1483 2307 Et
1496 2276 1587 2318 spero
1600 2287 1653 2309 me
1666 2287 1733 2309 non
1745 2274 1934 2319 delinquere
1947 2301 1957 2316 ,
1968 2277 1991 2310 fi
2003 2286 2072 2312 tan-

1179 2334 1214 2358 to
1244 2324 1355 2367 potius
1381 2323 1539 2358 Pontifici
1565 2324 1694 2359 dtedam
1719 2350 1730 2365 ‚
1766 2337 1865 2368 quam
1900 2325 2071 2361 hodiernis

1180 2375 1388 2409 Commentis
1402 2397 1409 2406 .
1440 2374 1513 2408 Effe
1527 2374 1727 2409 Commenta
1738 2398 1748 2414 ‚
1769 2374 1819 2408 'est
1832 2377 1924 2418 supra
1936 2375 2073 2410 demon·

1180 2425 1315 2458 stratum
1327 2448 1337 2464 ,
1364 2425 1397 2456 δε
1421 2423 1454 2456 in
1481 2423 1624 2457 Scholiis
1635 2426 1675 2458 ad
1690 2424 1856 2459 Dictatum
1870 2426 1976 2459 Sancti
1990 2426 2072 2460 Gre-

1179 2474 1263 2519 gorii
1275 2473 1402 2516 septimi
1414 2497 1421 2504 .
1451 2472 1570 2506 Fateor
1580 2474 1686 2516 plures
1697 2472 1948 2508 provinciarum
1966 2475 2073 2518 Syno-

1177 2525 1237 2558 dos
1250 2522 1450 2567 quandoque
1461 2533 1530 2557 non
1554 2524 1697 2557 retulisse
1715 2549 1720 2555 .
1748 2522 1795 2555 At
1809 2536 1875 2558 non
1889 2525 1968 2568 quid
1977 2525 2068 2559 fece-

1178 2574 1242 2608 rint
1262 2598 1274 2614 ,
1300 2572 1353 2607 sed
1368 2573 1447 2615 quid
1461 2573 1501 2607 ab
1516 2574 1588 2616 ipsis
1599 2574 1668 2607 fieri
1681 2576 1884 2615 oportuerit,
1910 2575 1954 2608 est
1967 2583 2070 2609 atten-

1177 2623 1322 2658 dendum
1335 2648 1342 2655 .
1371 2623 1465 2671 Qid
1484 2623 1656 2658 Gallicana
1668 2623 1750 2657 olim
1764 2623 1904 2658 Ecclesia
1918 2624 2069 2667 afflrarst,

1177 2673 1381 2709 demonstrat
1401 2673 1508 2706 Sansti
1532 2674 1722 2708 Innocentii
1762 2674 1859 2717 primi
1895 2674 2069 2710 Pontificis

1179 2725 1384 2767 Rescriptum
1393 2723 1434 2756 ad
1444 2725 1597 2758 Sanctum
1608 2724 1801 2758 victricium
1811 2724 2067 2769 Metropolitam

1180 2774 1488 2817 Rothomagensem
1506 2797 1514 2805 .
1545 2775 1589 2809 Et
1610 2772 1649 2808 ad
1662 2772 1862 2809 Viennensis
1883 2775 2067 2810 Provincias

1179 2826 1360 2868 Episcopos
1375 2824 1494 2867 scripsit
1506 2825 1652 2869 Magnus
1665 2825 1774 2859 noster
1784 2825 1855 2859 Leo
1865 2839 1875 2858 :
1903 2823 2066 2868 Nobiscum

1177 2875 1275 2916 vestra
1301 2877 1496 2908 Fraternitas
1519 2873 1701 2919 recognofi·at
1727 2874 1914 2918 apostolicam
1939 2877 2066 2916 Sedem,

1174 2935 1230 2967 pro
1238 2923 1287 2968 sui
1297 2930 1465 2958 reverentia
1480 2949 1490 2965 ‚
1515 2927 1536 2958 ἃ
1548 2924 1651 2964 vestrae
1663 2930 1753 2958 etiam
1766 2927 1936 2958 Provincia
1960 2928 2067 2958 sacer-

1178 2976 1294 3010 dotibus
1307 2998 1317 3014 ,
1346 2980 1509 3007 innumeris
1520 2975 1714 3009 relationibus
1727 2974 1969 3018 effeconsultam'.
2000 2977 2064 3010 Lo·
2082 2989 2154 3026 (χρ,
2173 3000 2198 3019 2,

1178 3027 1286 3067 quitur
1299 3034 1368 3058 non
1379 3023 1421 3057 de
1433 3026 1579 3059 universa
1593 3025 1702 3059 Gallia
1716 3049 1726 3064 ‚
1754 3026 1808 3059 sed
1829 3024 1872 3059 de
1900 3025 1966 3060 sola
1978 3026 2066 3059 Nar·-

1180 3075 1310 3110 bonenfi
1335 3074 1530 3109 Provincia.
1564 3077 1614 3109 Ex
1626 3075 1691 3117 ipsa
1704 3075 1771 3109 sola
1794 3075 1933 3110 affirmat
1946 3077 1979 3109 in
1994 3075 2066 3110 Ro-

1180 3126 1284 3161 manis
1308 3124 1434 3157 scriniis
1446 3125 1576 3169 reperiri
1597 3125 1795 3168 exemplaria
1818 3126 2063 3160 innumerarum

1180 3177 1373 3211 relationum
1386 3197 1393 3206 .
1424 3174 1478 3207 De
1498 3175 1600 3209 tantis
1621 3174 1794 3211 pontificis
1813 3175 1878 3210 fide
1889 3175 2062 3212 Gallicana

1179 3228 1262 3261 olim
1283 3224 1425 3259 Ecclesia
1438 3236 1507 3259 non
1527 3224 1709 3260 dubitavit.
1758 3236 1762 3241 ·
1802 3227 1805 3230 “

1478 3297 1480 3302 ’
1624 3302 1739 3366 enta

1575 3475 1612 3509 D
1632 3455 1674 3510 α’
1689 3455 1694 3458 ’
1707 3486 1727 3523 3
1927 3471 2011 3509 Dis-
