2326 3718
680 142 965 189 Romanus
1000 143 1589 189 Arrcttnrrontzns.

1858 151 1962 199 2265

262 238 308 274 Et
318 235 383 271 haee
394 232 508 269 omnia
520 233 575 269 sua
585 231 669 268 Ae'ta
678 231 831 278 Synodus
843 230 955 266 retulit
964 228 1006 265 ad
1016 230 1092 265 San·
1151 227 1260 272 seculi.
1290 226 1392 272 idque
1411 225 1608 267 etiamfiforte
1627 230 1715 264 aliter
1721 228 1755 274 se
1766 228 1910 265 baberent
1925 233 2038 271 Nicen}

215 290 301 324 aum
311 285 432 328 Papam
443 284 655 319 Bonifaciurn
666 295 676 326 ;
703 281 831 326 Apiarii
843 281 1093 326 reparationem,

1157 284 1315 312 canones.
1343 274 1531 312 Censebant
1551 276 1706 314 adversari
1725 279 1919 317 Christianae
1928 280 2039 316 mode·

202 340 309 373 suum
331 334 488 377 judicium
509 334 550 368 de
573 333 704 371 Zozimi
730 331 1001 367 commonitorio
1027 355 1041 371 ,
1061 330 1095 364 δι
1156 328 1222 364 stiz
1241 353 1248 360 .

215 385 384 421 contentis
404 386 439 418 in
453 384 526 429 ipso
535 382 749 423 Canonibus,
774 393 812 416 ac
822 382 992 427 praesertim
1002 382 1092 416 suam

215 436 436 481 Legationem
448 434 490 469 ad
500 433 686 469 Orientales
698 432 870 468 Ecclesias.
896 432 979 466 Haec
991 430 1036 465 est
1049 441 1098 465 re·

212 486 318 521 latio:
345 487 502 529 ,Quamvis
509 485 610 526 plures
624 483 746 517 Codices
759 484 916 528 legeremus
928 506 940 523 ,
959 479 1019 524 sed
1025 478 1092 523 nus-

216 538 308 580 quam
317 540 349 569 in
360 540 488 570 Nicaeno
495 534 621 567 Concilio
630 557 642 574 ,
670 539 704 566 in
715 536 837 566 Latinis
850 531 1007 566 codicibus
1023 532 1092 574 legi-

215 596 283 620 mus
310 609 322 627 ‚
346 585 592 628 quemadmodum
616 588 649 617 in
670 582 847 627 supradfflo
868 586 1092 615 commonitorio

215 637 288 670 inde
307 634 422 670 direda
438 633 529 678 sunt.
556 636 671 667 Tamen
689 641 764 677 quia
776 633 835 666 'bic
849 637 881 666 in
893 633 971 666 nullo
982 631 1090 664 Codice

214 689 321 720 Graeco
337 696 372 720 ea
379 689 530 726 potuimus
553 688 690 718 invenire
699 707 711 724 ,
737 695 776 718 ex
787 680 985 716 orientalibus
994 682 1093 715 Eccle-

210 734 265 778 fiis
275 759 287 776 ‚
311 734 362 768 ubi
376 732 573 777 perhibentur
593 735 698 768 eadem
711 736 837 767 Decreta
852 732 929 775 poffe
939 736 1031 765 etiam
1041 742 1096 764 au-

213 784 349 819 thentica
369 789 514 826 reperiri,
541 788 638 827 magis
659 783 740 817 nobis
752 781 946 824 desideramus
956 781 1072 823 adferri
1085 804 1092 812 .

213 837 276 869 Pro
287 845 347 877 qua
365 845 398 868 re
419 842 502 866 tuam
523 845 633 877 quoque
647 838 871 868 Venerationem
890 830 1070 876 obsecramus
1082 855 1093 872 ‚

212 893 250 919 att
255 883 383 928 seribere
391 889 481 917 etiam
492 882 553 927 ipse
565 885 697 928 digneris
707 884 750 916 aa
768 884 886 916 illarum
893 887 1029 925 partium
1039 883 1060 914 5
1060 895 1095 912 a.

213 936 345 969 cerdotes
358 958 369 975 ,
394 933 445 968 boc
454 933 511 975 est,
540 932 674 974 Ecclefiae
682 932 887 972 Antiocbenae,
912 932 1091 964 Alexandri-

213 996 286 1023 nae,
314 983 704 1024 &Constantinopolitanae.
730 985 777 1014 Et
789 980 820 1022 fi
835 981 905 1013 aliis
927 981 1095 1022 etiampla-

212 1039 310 1069 tuerit
321 1042 381 1066 tuae
394 1035 414 1064 5
414 1027 556 1066 andum
567 1056 574 1064 .
602 1036 640 1064 Ut
660 1031 730 1064 inde
739 1032 782 1063 ad
792 1042 845 1063 nos
855 1031 944 1063 iidem
957 1034 1094 1063 Canones

214 1082 301 1124 apud
317 1085 458 1114 Nic-eam
483 1085 638 1113 civitatem
663 1082 684 1112 ἃ
702 1079 846 1113 Patribus
872 1079 1018 1120 constituti
1043 1090 1093 1113 ve-

210 1137 303 1165 niant
317 1153 329 1169 ,
354 1139 384 1163 te
389 1129 564 1171 potiffimum
586 1129 636 1163 hoc
647 1129 817 1172 beneficium
829 1129 941 1163 cunelis
951 1131 1092 1163 Occiden-

207 1178 322 1214 salibus
333 1177 468 1222 Ecclest'is
478 1184 511 1212 in
524 1183 647 1213 Domini
659 1181 808 1221 adjutorio
818 1179 979 1222 conferente
988 1205 995 1212 .
1009 1180 1093 1224 ,Quis

210 1236 295 1266 enim
305 1229 420 1263 dubitet
430 1230 614 1271 exemplaria
633 1230 684 1273 effe
695 1231 838 1270 vertffima
856 1231 980 1263 concilii
992 1234 1027 1263 N
1029 1236 1095 1263 icae-

213 1285 248 1315 m
269 1284 300 1311 in
310 1282 430 1312 Graecia
447 1285 614 1324 congregati
625 1302 636 1318 ,
661 1290 727 1322 quae
749 1281 788 1313 de
802 1278 928 1321 diversis
949 1281 1039 1321 locis,
1064 1280 1098 1313 6·

215 1331 253 1364 de
277 1329 423 1363 nobilibus
447 1332 563 1362 Graecis
582 1329 717 1371 Ecclefiis
739 1330 859 1368 allata,
881 1330 1098 1372 &comparata

210 1380 413 1414 concordant?
440 1380 534 1422 ,Quod
542 1380 629 1413 donec
634 1379 693 1421 fiat
705 1403 716 1419 ,
743 1378 806 1413 baec
815 1390 872 1422 que
888 1384 924 1413 in
936 1383 1097 1413 Commoni-

208 1434 289 1463 *torio
305 1426 478 1471 supradiHo
503 1430 632 1473 allegata
655 1427 727 1472 sunt
748 1453 760 1469 ,
784 1431 824 1463 de
848 1430 1097 1472 appellationibus

211 1477 430 1522 Episcoporum
449 1481 493 1512 ad
506 1482 640 1520 Romane
649 1478 771 1521 Ecclefi‘e
783 1480 991 1521 sacerdotem,
1012 1481 1049 1514 (9
1061 1481 1099 1514 de

213 1530 394 1563 clericorum
405 1527 493 1570 causis
515 1530 602 1571 apud
606 1528 727 1572 suarum
741 1532 968 1563 Provinciarum
980 1528 1098 1573 Episco-

211 1587 269 1622 pos
283 1581 486 1613 terminandis
496 1604 507 1620 ,
534 1591 587 1612 nos
597 1578 684 1622 usque
703 1580 748 1612 ad
750 1581 946 1621 prolationem
953 1578 1096 1623 servatu-

211 1640 263 1663 ros
275 1629 327 1672 effe
331 1628 505 1672 profitemur
519 1652 531 1670 ,
555 1631 590 1663 ό·
600 1630 827 1662 Beatitudinem
838 1639 922 1663 tuam
933 1629 1031 1663 adhoc
1042 1641 1096 1663 nos

213 1679 393 1720 adjuturam
414 1684 448 1711 in
461 1682 519 1711 Dei
528 1680 681 1712 voluntate
699 1679 871 1720 confidimus
884 1704 892 1712 .
918 1683 1031 1721 Cetera
1041 1691 1098 1713 ve·-

211 1730 247 1762 τὸ
261 1752 272 1768 ,
296 1738 353 1770 que
374 1734 408 1760 in
428 1727 525 1769 nostra
545 1729 651 1767 synodo
669 1728 750 1773 gesta
771 1729 990 1771 &confirmata
1007 1728 1098 1773 sunt,

213 1779 356 1821 quoniam
372 1770 540 1821 JupraAiHi
562 1782 689 1812 Fratres
709 1778 796 1819 nostri
820 1803 832 1820 ‚
860 1778 1018 1818 Faustinus
1042 1784 1097 1813 Co-

213 1826 383 1871 Epistopus
404 1840 418 1870 ‚'
442 1827 604 1871 Philippus
626 1830 661 1863 <is
681 1827 795 1872 Asellus
818 1830 984 1869 Presbyteri
997 1827 1098 1872 secum

209 1877 341 1921 ferunt,
359 1876 538 1924 fidignotus
556 1878 675 1921 fuerit,
698 1886 748 1921 tue
769 1888 840 1913 nota
854 1879 974 1922 faetent
983 1878 1095 1913 sanm-

213 1933 292 1962 rat.

264 1977 361 2012 Plura
375 1976 457 2013 hinc
466 1978 621 2014 discimus
632 2004 639 2011 .
666 1977 780 2013 Primo
791 2003 803 2020 ,
824 1979 914 2023 quod
926 1978 1098 2013 Faustinus

212 2026 382 2072 Legatos,
408 2039 446 2063 ac
466 2027 534 2071 ejus
552 2029 699 2074 Collegae
719 2030 790 2073 post
814 2028 900 2064 hanc
923 2029 1097 2071 Synodum

212 2076 368 2111 redierint
379 2078 420 2111 ad
430 2077 550 2111 almam
564 2076 687 2111 Urbem
701 2102 708 2109 .
735 2077 888 2111 Secunde
898 2102 908 2117 ,
919 2077 1008 2120 quod
1022 2075 1098 2110 Phi·

214 2125 344 2170 lippum
378 2126 414 2160 δε
441 2123 589 2160 Asellum
612 2151 623 2167 ‚
651 2126 840 2161 Cardinales
866 2126 1076 2170 Presbyteros
1087 2150 1098 2166 ‚

213 2187 300 2219 quos
311 2175 466 2210 Zozimus
476 2175 603 2210 dixerat
615 2175 701 2211 filios
711 2198 722 2215 ,
747 2174 815 2210 haec
827 2176 980 2220 Synodus
992 2175 1098 2211 inscri-

213 2223 272 2259 bat
295 2225 438 2259 Fratres.
466 2225 597 2269 Nempe
617 2226 713 2260 aliter
723 2224 897 2261 Romanus
920 2226 1098 2267 Pontifex,

211 2275 307 2308 iliter
318 2274 486 2308 inferiores
498 2274 652 2318 Episcopi
679 2277 812 2309 suerunt
836 2276 1098 2319 semperconsue-

212 2324 240 2358 ti
250 2325 421 2358 inscribere
433 2323 547 2358 titulos
561 2349 568 2356 .
597 2325 706 2359 Etiam
718 2325 950 2359 Innocentium
962 2325 1100 2369 Presby-

213 2384 343 2413 terum,
369 2373 428 2407 stbi
450 2373 620 2415 alienum,
645 2373 809 2419 Legatum
828 2373 926 2418 hujus
948 2374 1095 2418 Synodi,

215 2423 350 2457 SanCtus
361 2422 507 2466 Cyrillus
529 2422 686 2466 inscripsit
706 2424 812 2458 filium
825 2448 833 2456 .
859 2425 1002 2459 Forsitan
1021 2426 1096 2467 quia

212 2470 402 2508 Patriarcha
429 2472 676 2507 Alexandrinus
698 2474 761 2507 fuit
782 2475 905 2517 semper
926 2476 1097 2508 consuetus

158 2546 160 2548 >
213 2524 251 2557 in
274 2523 397 2558 cunetis
419 2522 539 2556 imitari
553 2523 746 2557 Romanum
770 2522 989 2557 Pontificem.
1017 2524 1098 2558 Ter-

213 2572 266 2608 tio
279 2572 434 2607 discimus
447 2597 458 2614 ,
484 2572 574 2616 quod
596 2572 663 2606 haec
687 2573 842 2615 Synodns
861 2573 1021 2609 decretam
1034 2573 1052 2607 a
1065 2575 1097 2609 se

215 2620 433 2668 Legationem
455 2623 598 2657 retulerit
612 2623 787 2657 Bonifacio
800 2647 811 2663 ‚
838 2623 891 2659 sed
907 2634 1015 2658 tamen
1027 2624 1096 2667 ejus

213 2673 444 2708 executionem
462 2683 530 2706 non
542 2672 702 2708 distulerit
723 2673 822 2715 usque
837 2673 878 2708 ad
890 2673 958 2717 ejus
970 2673 1096 2709 Rescri-

214 2733 307 2767 ptum
324 2748 332 2755 .
358 2723 511 2769 Quarto,
537 2723 625 2766 quod
638 2723 813 2758 Bonifacio
825 2723 1034 2768 supplicarit,
1059 2735 1096 2760 ut

214 2773 250 2807 ὃ(
270 2774 335 2817 ipse
353 2773 491 2807 similem
514 2773 733 2818 Legationem
756 2773 956 2808 decerneret.
983 2775 1097 2823 Qare

213 2823 354 2859 omnino
365 2822 459 2866 poffit
471 2821 645 2858 decrevisse
654 2847 661 2856 .
675 2823 808 2871 Qinto
818 2823 971 2859 discimus
982 2849 992 2865 ,
1004 2825 1094 2869 quod

211 2870 333 2907 haecde
351 2873 496 2907 Nicaenis
508 2871 703 2911 Canonibus
713 2873 845 2916 quaestio
865 2874 1095 2918 posterioribus

216 2921 337 2957 &calis
360 2922 467 2957 forsan
488 2922 657 2966 praebuerit
678 2925 790 2958 ansam
812 2923 963 2969 litigandi
985 2925 1026 2959 de
1041 2936 1095 2960 eo-

211 2970 366 3004 eumdem
378 2983 512 3007 numero
525 2998 537 3013 ‚
560 2974 593 3007 ὅ(
604 2973 750 3018 fingendi
762 2974 865 3008 varias
885 2974 926 3008 de
938 2975 1011 3018 ipsis
1029 2976 1094 3018 epi·

218 3020 338 3060 stolas,
363 3031 533 3056 contentas
553 3023 587 3056 in
601 3024 730 3058 Codice
754 3023 866 3058 lfidori
880 3024 1093 3059 Mercatoris.

218 3070 375 3105 Africani
397 3071 552 3115 Episcopi
583 3073 758 3116 plurimum
786 3074 911 3108 fiduciae
930 3073 1094 3110 habebant

218 3120 307 3164 apud
329 3121 481 3154 Sanctum
503 3122 712 3157 Bonifacium
725 3149 733 3156 .
759 3124 892 3172 Qippe
903 3124 945 3159 ab
957 3124 1096 3169 Impera-

214 3181 290 3205 tore
303 3171 462 3204 Honorio
483 3171 613 3205 fuerant
632 3173 667 3206 in
679 3172 806 3209 ltaliam
820 3174 927 3212 vocati
940 3174 980 3209 ad
993 3175 1095 3209 discu-

216 3220 365 3256 tiendam
387 3219 455 3263 ejus
476 3221 604 3255 causam
625 3232 738 3257 contra
752 3223 986 3268 Anti-Papam
999 3225 1097 3259 Eula-

215 3271 300 3308 lium
312 3282 322 3312 ;
350 3271 392 3304 Et
404 3271 435 3304 se
445 3269 485 3304 ad
497 3270 557 3305 iter
568 3269 778 3308 adcinxerant
788 3297 800 3314 ,
821 3274 925 3319 ipsum
937 3274 1075 3319 adjuturi
1088 3301 1095 3308 .

215 3320 311 3356 Hinc
323 3320 365 3354 ab
378 3319 445 3363 ejus
457 3321 614 3364 sapientie
630 3320 726 3365 atque
735 3322 855 3365 justitia
877 3325 1094 3369 supplicarunt

215 3370 252 3407 ἀ
264 3371 428 3414 sperarunt
440 3371 470 3407 se
482 3369 666 3406 liberandos
684 3372 701 3405 a
713 3372 803 3416 supra
813 3375 963 3418 expolito
974 3376 1094 3410 Roma-

218 3428 268 3456 nae
279 3420 482 3455 executionis
493 3421 616 3461 modo,
642 3431 739 3467 quem
760 3423 966 3469 appella—bant
976 3425 1093 3469 typhum

311 3469 423 3510 christ.
437 3474 515 3515 Lupi
524 3473 622 3517 Opera
633 3474 667 3506 T,
689 3474 768 3505 Vm.

1102 2858 1112 3506 l

1295 560 1647 613 CAPUT
1728 564 1900 610 XXIX.

1157 704 1372 769 Exponitur
1394 700 1545 817 aliahde
1558 699 1615 748 his
1631 701 1735 749 rebus
1745 699 2044 769 Carthaginensts

1232 770 1402 836 Synodm
1419 769 1975 907 gangitgfflssingiomficatu
2021 856 2026 859 η

1252 981 1316 1017 Uo
1327 989 1471 1024 ternpore
1479 981 1691 1018 Innocentius
1701 978 1970 1028 carthaginensis
1983 982 2048 1016 Ec-

1277 1032 1379 1066 clesiae
1399 1030 1570 1074 Presbyter
1583 1056 1595 1072 ,
1621 1033 1656 1067 &
1666 1032 1882 1067 Marcellinus
1902 1032 2049 1076 ejusdem

1308 1080 1457 1115 Ecclesiae
1468 1081 1737 1123 Sub-Diaconos,
1760 1093 1802 1116 ex
1813 1083 1950 1118 Oriente
1960 1082 2045 1116 redi-

1159 1129 1263 1164 verint
1272 1152 1284 1169 ,
1297 1141 1365 1164 non
1377 1131 1507 1165 constat
1520 1156 1527 1163 .
1540 1131 1675 1166 Etenim
1686 1132 1727 1165 ad
1738 1132 1874 1173 Sanetus
1883 1131 2049 1178 Alipium,

1159 1179 1193 1213 &
1206 1178 1431 1223 Augustinum
1443 1180 1554 1214 scribit
1563 1181 1695 1214 Sannaus
1706 1178 1951 1224 Hieronymus:
1968 1184 2049 1215 San-

1160 1229 1225 1262 c‘lus
1246 1233 1431 1263 Innocentius
1450 1227 1605 1270 Presbyter
1619 1254 1631 1271 ,
1655 1234 1709 1272 qui
1734 1228 1825 1270 huJ‘us
1843 1229 1987 1272 sermonis
2008 1229 2049 1270 er

1157 1283 1287 1321 portitor
1297 1302 1309 1320 ,
1337 1289 1419 1311 anno
1424 1285 1567 1321 preterito
1585 1299 1597 1320 ,
1622 1277 1902 1322 quafinequaquam
1922 1284 1956 1312 in
1969 1278 2052 1320 Afri-

1163 1339 1228 1362 cam
1239 1326 1350 1371 revers
1343 1339 1416 1362 urus
1427 1353 1440 1370 ,
1464 1339 1531 1362 mea
1550 1330 1594 1362 ad
1605 1332 1819 1372 Dignationem
1838 1329 1966 1368 vestram
1975 1331 2054 1362 scri.

1158 1386 1216 1421 pta
1226 1386 1285 1411 non
1291 1374 1416 1421 sumpfit
1427 1403 1435 1411 .
1462 1379 1531 1413 Hic
1542 1375 1752 1413 innocentius
1767 1377 1910 1412 omnine>
1922 1378 2054 1414 videtu:

1162 1427 1226 1463 effe
1245 1428 1301 1462 ille
1322 1428 1388 1471 ipse
1402 1426 1577 1472 Synodalis
1586 1428 1732 1474 Legams
1743 1453 1750 1460 .
1777 1427 1866 1462 Cum
1876 1427 2055 1471 Synodali-

1164 1478 1223 1512 bus
1232 1477 1348 1513 litteris
1361 1477 1567 1524 Carthagine
1580 1477 1819 1513 Alexandriam
1840 1478 1883 1513 ad
1895 1479 2054 1513 Sanctum

1164 1527 1330 1571 Cyrillum
1342 1552 1354 1570 ,
1377 1539 1453 1563 cum
1468 1527 1541 1563 aliis
1562 1529 1753 1564 Sanctorum
1765 1528 1872 1572 Alipii
1892 1528 1927 1563 ὃς
1939 1527 2056 1573 Augu-A

1165 1578 1243 1612 stini
1266 1578 1385 1612 litteris
1396 1575 1599 1613 Alexandria
1622 1579 1781 1622 profectus
1795 1578 2056 1621 est'Hierosoly-

1164 1639 1254 1662 mam
1264 1628 1306 1662 ad
1318 1628 1472 1662 Sanssum
1485 1628 1732 1672 Hieronymum
1746 1652 1754 1662 .
1772 1629 1908 1664 Etenim
1920 1627 2055 1672 Alipius

1163 1678 1196 1712 δε
1209 1677 1417 1722 Augustinus
1430 1679 1557 1713 fuerant
1570 1689 1692 1724 magna
1713 1689 1785 1722 pars
1797 1678 1887 1712 istius
1898 1677 2026 1720 Synodi
2038 1700 2054 1718 ,
2109 1696 2111 1698 ·

1164 1727 1304 1771 ideoque
1313 1728 1381 1771 ejus
1394 1729 1524 1772 Legato
1532 1728 1728 1762 addiderunt
1739 1729 1810 1762 suas
1820 1728 1861 1762 de
1873 1727 2056 1772 pelagiana

1164 1775 1268 1811 haeresi
1280 1778 1402 1812 litteras
1413 1777 1453 1812 ad
1466 1778 1606 1812 suumin
1619 1778 1681 1812 isto
1696 1777 1785 1812 bello
1801 1777 2057 1812 strenuiffimum

1163 1827 1704 1872 Commilitonem'Hieronymum
1717 1853 1724 1861 .
1753 1825 2057 1875 Ansam-scribendi

1165 1877 1298 1921 praebuit
1311 1878 1478 1912 Caelestius
1487 1903 1499 1919 ,
1519 1877 1581 1921 ⁴qui
1594 1880 1649 1914 sua
1668 1878 1710 1913 ad
1724 1877 1900 1913 zozimum
1910 1878 2052 1912 Pontifi-

1162 1937 1234 1960 cem
1245 1927 1466 1970 appellatione
1481 1928 1672 1963 Africanam
1687 1928 1851 1972 infigniter
1859 1937 2032 1963 vexaverat
2040 1951 2054 1969 ‚

1166 1977 1352 2011 Romanam
1365 1987 1476 2012 autem
1488 1978 1670 2012 Ecclesiam
1682 1977 1844 2012 faediffime
1853 2002 1867 2018 ‚
1892 1988 1930 2013 ac
1940 1987 2057 2021 nuper·

1164 2026 1243 2060 rime
1253 2026 1413 2060 deluserat
1434 2050 1442 2059 .
1469 2029 1526 2061 An
1538 2029 1753 2063 Innocentius
1771 2027 1880 2069 solus,
1907 2039 1948 2062 an
1960 2026 2056 2062 fimul

1162 2086 1238 2107 cum
1262 2075 1464 2110 Marcellino
1484 2076 1582 2111 iverit
1593 2077 1881 2120 Hierosolymam,
1911 2077 2056 2121 ignoro.

1163 2122 1304 2158 Videtur
1326 2125 1417 2159 ivifl'e
1439 2125 1526 2159 solus
1546 2150 1553 2157 .
1576 2126 1666 2160 Nam
1693 2126 1887 2170 principales
1909 2126 2057 2170 ipsorum

1162 2174 1297 2208 termini
1308 2175 1438 2209 fuerunt
1449 2174 1593 2209 nimium
1606 2176 1777 2220 disparati.
1806 2174 1981 2224 Qidquid
1993 2175 2031 2211 fit
2042 2201 2056 2218 ,

1162 2222 1259 2257 ambo
1283 2225 1463 2259 retulerunt
1484 2226 1639 2260 Nicaenos
1668 2226 1825 2261 Canones
1845 2235 1923 2260 cum
1943 2226 2055 2262 Sanffi

1162 2273 1280 2315 Cyrilli
1292 2275 1325 2307 ὅς
1337 2275 1444 2308 Attici
1456 2275 1571 2310 litteris
1591 2300 1603 2317 ,
1629 2276 1792 2320 inscriptis
1801 2275 1842 2310 ad
1855 2275 2029 2311 Aurelium
2039 2300 2053 2318 ,

1161 2334 1198 2356 ac
1222 2322 1289 2365 ejus
1299 2324 1472 2366 Synodum
1486 2349 1494 2357 .
1523 2325 1630 2360 Sancti
1647 2326 1767 2369 Cyrilli
1790 2321 2054 2374 epistolalscripta

1160 2373 1204 2406 est
1217 2384 1306 2407 anno
1318 2373 1409 2407 istius
1423 2374 1525 2409 saeculi
1539 2374 1698 2420 vigesimo
1710 2376 1809 2411 tertio
1819 2401 1829 2417 ,
1848 2386 1963 2421 quarto
1978 2376 2052 2419 post

1161 2422 1253 2456 istam
1266 2423 1438 2466 Synodum
1452 2450 1459 2456 .
1492 2425 1625 2459 Etenim
1638 2426 1828 2468 proximum
1850 2426 1922 2469 post
1934 2426 2052 2468 episto·

1162 2472 1225 2505 lam
1242 2471 1364 2506 Pascha
1386 2483 1454 2507 erat
1464 2474 1610 2508 futurum
1630 2474 1761 2509 decimo
1774 2469 1913 2517 septimo
1926 2474 2051 2510 Kalen-

1159 2522 1215 2555 das
1235 2521 1364 2564 Majas,
1393 2521 1427 2556 id
1443 2522 1487 2557 est
1501 2547 1511 2563 ,
1539 2523 1593 2558 die
1613 2523 1739 2558 decima
1761 2525 1878 2568 quinta
1902 2524 2049 2568 Aprilis:

1158 2569 1262 2618 Qod
1273 2571 1393 2606 factum
1415 2572 1461 2606 est
1474 2584 1563 2607 anno
1586 2573 1675 2607 istius
1688 2574 1794 2609 saeculi
1821 2575 1979 2619 vigesimo
1990 2585 2052 2610 ter-

1158 2621 1206 2655 tio
1217 2646 1224 2653 .
1253 2621 1296 2655 Et
1325 2620 1487 2656 paschalis
1510 2624 1580 2658 dies
1602 2635 1656 2667 per
1677 2624 1884 2660 Alexandriae
1910 2625 2050 2660 Patriar-

1157 2670 1253 2705 cham
1265 2683 1333 2706 non
1347 2671 1467 2707 solebat
1480 2672 1669 2708 denunciari
1682 2674 1852 2715 Eeclefiis‚
1867 2675 1923 2710 nifi
1936 2675 1976 2709 ad
1989 2676 2050 2710 Fe-

1158 2721 1242 2755 stum
1269 2721 1458 2757 Dominicae
1482 2723 1672 2768 Epiphaniae
1692 2750 1699 2757 .
1725 2726 1918 2759 Bonifacius
1932 2725 2050 2759 Ponti-

1156 2772 1210 2805 fex
1221 2782 1289 2806 erat
1300 2782 1380 2807 tunc
1391 2772 1499 2809 adhuc
1516 2775 1669 2818 superstes
1679 2798 1686 2805 .
1714 2774 1770 2809 Est
1780 2776 1873 2810 enim
1885 2776 1946 2811 isto
1958 2786 2048 2810 anno

1156 2822 1328 2856 defunctus
1337 2824 1451 2857 ostavo
1463 2824 1627 2858 Kalendas
1651 2824 1857 2860 Novembres
1870 2850 1877 2858 .
1905 2827 1943 2860 ln
1961 2826 2048 2859 Afri-

1157 2883 1243 2906 cano
1254 2871 1381 2907 Codice
1401 2873 1442 2907 ad
1453 2875 1558 2909 Sansti
1574 2875 1692 2917 Cyrilli
1716 2876 1749 2909 δε
1766 2875 1871 2910 Attici
1893 2875 2046 2919 epistolas

1158 2922 1313 2956 habemus
1340 2921 1425 2957 hanc
1451 2925 1704 2962 annotationem
1727 2937 1734 2956 :
1762 2925 1888 2958 sandius
1913 2927 2045 2964 cyrillus·

1159 2971 1332 3005 authentica
1343 2974 1467 3006 Concilii
1481 2979 1609 3015 Nic-sni,
1635 2974 1788 3008 translata
1802 2977 1838 3008 de
1852 2979 1944 3017 Greco
1956 3000 1966 3016 ,
1984 2983 2044 3018 per

1156 3026 1357 3056 Innocentium
1381 3024 1586 3062 Presbyterum
1608 3023 1790 3067 transmittit
1800 3049 1808 3056 .
1836 3027 1907 3069 ,ρας
1918 3050 1929 3066 ,
1955 3027 2042 3060 &et-

1157 3078 1218 3106 iam
1242 3074 1300 3113 alie
1322 3072 1436 3114 epistole
1452 3097 1463 3113 ,
1489 3086 1554 3107 cum
1576 3076 1675 3108 eodem
1697 3077 1824 3109 Concilio
1851 3079 1967 3117 Niceno
1984 3083 2041 3117 per

1157 3132 1345 3155 rnermratum
1367 3124 1571 3162 Presbyterum
1599 3128 1800 3159 Innocentium
1818 3148 1830 3165 ,
1854 3126 1889 3158 <⁰5
1918 3126 2043 3159 Marcel-

1155 3174 1218 3206 lum
1238 3173 1474 3206 sulrmaconum
1502 3172 1623 3216 Ecclefig
1643 3174 1887 3219 carthaginensis
1899 3199 1910 3215 ‚
1935 3175 2039 3208 sancio

1159 3222 1311 3265 Bonifacio
1323 3220 1467 3265 Episcopo
1480 3226 1612 3265 Romane
1624 3224 1746 3267 Ecclefie
1752 3224 1817 3267 sub'
1833 3227 1881 3258 die
1888 3224 1975 3268 sexto
1984 3227 2039 3258 ka-

1155 3274 1261 3306 lendas
1273 3272 1442 3306 Decembris
1462 3272 1535 3317 sunt
1548 3274 1680 3308 diredla.
1708 3274 1853 3310 Proinde
1876 3277 1959 3310 circa
1980 3276 2039 3308 Fe-

1156 3322 1240 3357 stum
1252 3321 1440 3366 Epiphaniae
1452 3324 1665 3359 Innocentius
1678 3325 1878 3360 Alexandria
1892 3325 1989 3359 rediit
2002 3325 2036 3357 in

1160 3373 1306 3408 Africam
1319 3397 1327 3405 .
1354 3372 1483 3407 Exinde*
1494 3375 1649 3419 Episcopi
1673 3376 1872 3410 transmissos
1884 3373 2036 3408 Canones

1158 3423 1386 3466 discusserunt,
1399 3435 1436 3460 ae
1448 3424 1488 3460 de
1500 3425 1562 3460 suis
1574 3425 1668 3460 rebus
1681 3426 1900 3461 deliberarunt
1914 3437 1921 3455 t
1934 3421 2035 3507 {jand

1607 3474 1635 3509 Z
1889 3473 1932 3508 du
1959 3466 1987 3506 ἰὲ
