2326 3718
676 115 761 160 Ro
782 127 959 159 MAN1s
998 111 1596 165 APPeLLATromo'us.

1164 196 1200 234 β·
1207 194 1374 237 ,impostum
1386 218 1393 227 .
1419 198 1536 228 contra
1546 197 1632 236 nostri
1642 199 1681 233 id
1687 209 1726 234 ex
1737 210 1769 234 eo
1775 199 1946 243 profean-
1951 202 2055 244 ajunt,

1144 264 1146 270 ι
1166 246 1247 288 quod
1257 256 1292 277 ea
1300 243 1466 287 tempestate
1480 247 1616 279 canones
1625 252 1747 284 Nicaeni
1764 252 1800 285 Θ
1809 249 1999 295 sardicenses
2021 256 2055 285 in

1168 296 1266 330 eodem
1286 295 1435 330 volumine
1463 293 1606 338 descripti
1622 299 1710 339 efflent
1730 324 1743 340 ,
1773 301 1857 336 nullo
1880 299 2056 345 discrimioe

1145 343 1327 385 ¹adhibito,
1351 343 1504 388 subtitulo
1526 349 1685 380 Curionum
1701 346 1911 386 Nivaenorumss
1936 350 2057 388 Probar-

1170 397 1238 431 br'lis
1250 397 1370 439 quidem
1378 395 1548 438 tonJeH‘urae
1560 419 1572 437 ,
1589 394 1622 438 fi
1627 397 1736 437 vetusti
1746 401 1865 435 Codicis
1870 400 2057 437 authoritate

1170 452 1334 487 niteretur,
1354 451 1412 489 ⁴qui
1426 447 1558 480 nondum
1575 445 1689 489 emerfit
1707 448 1726 481 ἑ
1744 450 1892 486 tenebris,
1919 451 1967 486 At
1980 450 2058 485 vero

1170 499 1235 541 jam
1257 497 1385 531 emerfit
1406 522 1414 529 .
1438 495 1550 540 Ipsum
1566 507 1648 533 cum
1669 497 1800 533 summo
1831 498 2059 536 Ecclesiasticz

1170 546 1365 581 eruditionis
1378 548 1481 585 frusta
1494 546 1663 593 &gaudio
1678 546 1838 592 produxit
1849 547 2060 585 Reverendus

219 212 336 238 torum
358 198 571 237 turbulentias
594 196 703 235 datam
710 198 984 238 constitutionem
992 205 1107 232 exten-

222 252 359 288 dunnad
370 248 641 294 omnesslegitime
655 250 862 295 Degradatos
873 273 883 288 ,
905 260 946 284 ac
956 246 1107 285 adversus

225 302 310 337 istud
327 301 489 345 judicium
514 298 964 343 tumultuantes'Epil'copos‚
992 309 1108 342 nequa-

220 353 321 397 quam
333 350 491 395 abjiciunt
502 350 596 384 istam
604 349 872 389 consuetudinem
885 373 896 390 ‚
924 349 977 387 sed
990 347 1108 383 solum-

221 400 327 439 modo
344 409 469 449 cogunt
489 399 530 434 ad
552 400 721 439 meliorem
739 400 856 443 usum,
881 411 920 434 ac
942 400 1036 434 sacris
1047 398 1109 432 Ca-

219 451 368 487 nonibus
391 450 746 487 vicinioresterminos.
774 451 934 486 Sanciunt
946 459 983 484 nt
997 449 1055 483 ista
1066 449 1121 482 sa-¹

220 513 349 538 crurum
375 500 639 545 Delegationnm
660 500 829 544 Rescripta
855 500 1006 542 deinceps
1039 509 1107 531 non

220 552 342 588 dentur
352 551 532 587 istiusmodi
546 549 729 589 turbinibus
740 575 747 582 .
775 552 820 585 Et
831 550 947 586 omnia
957 549 1024 593 jam
1035 548 1109 582 data

223 602 474 639 circumducunt
485 625 492 633 .
521 599 680 634 Sanciunt
705 599 849 636 turbines
857 598 1051 644 relegandos
1060 596 1108 631 «d

220 662 356 687 centum
380 651 482 686 millia
493 649 533 683 ab
545 649 603 684 ista
616 650 750 686 civitate
761 675 772 692 ,
799 660 898 700 quam
917 647 1003 686 male
1016 648 1110 697 gesto

225 701 427 749 Episcopatu
437 700 639 736 foedaverant
650 724 660 735 ,.

274 751 410 786 Tertius
420 761 507 785 error
518 750 562 783 est
574 774 583 790 ,
605 749 692 791 quod
702 750 776 784 istas
785 748 826 783 ab
838 748 981 791 Arcadio
992 749 1027 783 &
1041 732 1110 782 Ϊ-Ιο·

222 802 320 839 notio
340 800 375 837 in
396 800 541 843 ,compita
563 800 713 842 projectas
735 797 840 835 sordes
857 799 1038 838 Zozimus‚
1062 798 1124 832 uti²

219 851 354 888 dilectas
378 861 525 897 gemmas
539 874 551 890 ,
574 850 722 884 collectas
745 850 882 890 levarit,
907 850 940 884 &
962 849 1035 893 ipfis
1047 847 1110 881 stu·

220 900 330 937 duerit
350 912 470 935 ornare
490 899 873 942 Sedem'Apostolicam.
904 901 938 935 O
951 897 1112 933 miserabi-

223 951 289 986 lem
301 952 407 985 Sansti
422 950 508 984 Petri
535 948 734 986 cathedram
746 970 758 991 ,
783 959 854 991 quae
866 948 1014 993 indiguit
1027 949 1125 981 fuca-.

223 1002 251 1034 ri
262 998 359 1035 foedis
371 999 551 1037 istiusmodi
565 998 758 1042 pigmentis.
785 996 903 1034 Petrus
917 996 1112 1039 Archirsspi-

222 1051 338 1092 scopus
359 1049 393 1083 in
416 1047 632 1091 superioribus
642 1046 756 1084 docuit
770 1070 782 1087 ,
808 1047 899 1091 quod
912 1058 991 1081 ante
1009 1046 1126 1093 Sardi-⁸

221 1098 349 1133 oensem
372 1096 548 1139 Synodum
568 1095 722 1132 Romana
743 1095 841 1134 Sedes
873 1098 908 1132 in
940 1096 1114 1135 Canonica

219 1146 480 1183 Provincialium
501 1146 716 1191 Synodorum
724 1146 854 1193 Judicia
871 1145 958 1182 nihil
971 1147 1114 1192 potuerit

220 1208 278 1241 per
297 1196 552 1241 appellationem
564 1219 576 1238 ‚
601 1205 656 1230 aut
681 1198 943 1233 retractationem
967 1221 980 1239 ‚
1004 1198 1116 1232 coatia

222 1248 288 1281 effe
310 1255 466 1283 contenta
494 1246 570 1283 solis
597 1247 811 1284 relationibus
831 1272 839 1279 .
868 1247 997 1282 Docuit
1025 1247 1115 1290 quod

219 1306 304 1331 tuuc
327 1295 439 1339 inique
451 1296 598 1331 damnati
614 1297 769 1341 Episcopi
783 1297 993 1341 nequiverint
1013 1298 1117 1341 perfu-

223 1358 300 1392 gere
323 1346 364 1380 ad
377 1346 550 1381 Romanos
574 1345 772 1386 Ammites,
799 1347 852 1381 sed
867 1346 908 1381 ab
920 1347 1118 1391 Imperatore

222 1395 405 1439 supplicare
425 1395 555 1439 Judices
569 1396 751 1440 Episcopos
764 1420 774 1436 ‚
801 1396 858 1441 qui
882 1398 1013 1432 causam
1026 1407 1118 1431 retra-

222 1445 346 1481 fiarent
357 1471 364 1478 .
391 1446 533 1486 Docuit,
545 1445 633 1490 quod
648 1447 768 1490 primus
780 1447 812 1481 in
825 1446 1003 1482 Sardicenfi
1015 1448 1118 1490 Syno-

223 1496 269 1530 ‹lo
291 1495 413 1532 Hofius
438 1496 596 1532 studuerit
614 1495 778 1532 honorare
804 1499 998 1532 memoriam
1012 1497 1117 1532 Sansti

222 1545 313 1582 Petri
335 1543 515 1590 Apostoli,
541 1557 643 1591 atque
669 1547 714 1581 ita
727 1548 931 1590 Imperinlem
945 1546 1117 1592 delegandi

223 1595 453 1631 tetra&aturos
473 1597 601 1639 Judices
614 1596 845 1631 authoritatem
858 1599 1120 1632 communicave-

222 1646 265 1680 rit
277 1644 442 1684 Romanis
453 1646 670 1682 Pontificibus
681 1670 688 1678 .
712 1647 844 1691 Nempe
856 1660 975 1691 pauper
985 1648 1118 1682 Saucius

222 1694 339 1731 Petrus
360 1696 452 1739 supra
473 1694 722 1731 Provinciarum
744 1698 899 1740 synodos
925 1697 1009 1732 nihil
1024 1709 1118 1741 pote-

222 1743 313 1779 statis
324 1755 491 1789 acceperat
503 1746 522 1779 ἐι
533 1745 666 1781 Christo
681 1747 831 1782 Domino
844 1773 855 1787 ‚
881 1758 980 1792 atque
992 1749 1037 1782 ita
1065 1760 1120 1791 per

222 1794 323 1832 Hofii
336 1794 529 1831 industriam
543 1797 658 1830 debuit
676 1797 800 1841 aliquid
811 1798 995 1832 mendicare
1005 1800 1047 1832 ab
1058 1800 1120 1833 lm-

222 1844 445 1890 peratoribus.
460 1845 528 1880 Hic
543 1847 619 1880 vero
632 1846 746 1880 Petrus
762 1848 984 1883 Parisienfium
1002 1848 1119 1883 Archi-

225 1894 410 1939 Episcopus
430 1896 546 1936 docet,
575 1897 664 1939 quod
680 1898 840 1931 Arcadius
854 1922 864 1937 ‚
890 1899 924 1932 ὅ(
947 1899 1119 1932 Honorius

222 1944 309 1979 istud
321 1946 412 1979 suum
426 1945 475 1987 jus
487 1946 682 1991 projecerint
691 1971 702 1986 ,
728 1946 829 1990 atque*
840 1948 882 1984 ita
895 1948 987 1981 rebus
998 1949 1062 1981 suis
1075 1959 1120 1981 at-

220 2003 329 2029 tentus
350 1995 507 2030 Zozimus
520 1996 623 2040 ipsum
636 1997 809 2041 collegerit
822 2022 832 2038 ,
857 1997 1032 2039 existimans
1050 2011 1118 2042 gra-

220 2049 287 2077 tum
299 2044 598 2090 Epfiopisfuturum
611 2069 621 2085 ,
629 2046 658 2087 si
664 2046 818 2087 revistones
831 2059 888 2080 non
901 2050 1017 2080 omnino
1027 2049 1120 2081 abole»

221 2102 335 2135 rentur,
344 2093 399 2137 fed
407 2097 510 2128 contra*
524 2096 744 2128 decernerentur
755 2095 936 2129 authoritate
946 2098 1030 2129 Sedis
1044 2102 1121 2138 Apo·

213 2142 326 2187 stolicae
339 2167 346 2175 .
372 2143 501 2187 Nempe
525 2143 585 2177 nist
605 2143 849 2182 Zozimusistas
862 2146 954 2180 faeces
972 2146 1118 2190 collegis·

219 2194 268 2227 set
279 2218 289 2233 ,
318 2194 492 2227 miserandi
506 2194 658 2237 Episcopi
672 2221 683 2236 ,
695 2195 775 2229 dum
788 2196 900 2240 inique*
913 2195 929 2228 ὲ
944 2196 1007 2230 suis
1018 2196 1121 2238 Syno-

219 2242 272 2277 dis
283 2243 542 2287 degradabantur
553 2268 564 2282 ,
578 2255 638 2277 nec
649 2245 690 2278 ad
704 2244 888 2288 Principem
899 2270 910 2286 ,
937 2257 997 2280 nec
1010 2246 1050 2280 ad
1063 2246 1120 2281 Pa·

219 2303 297 2336 pam
310 2293 486 2335 potuissent
497 2294 692 2337 confugere.
723 2293 834 2339 Qare
844 2294 1002 2329 Zozimus
1019 2296 1120 2330 credi-

219 2342 272 2376 dit
293 2343 311 2374 a
334 2342 366 2376 se
392 2343 447 2385 agi
471 2354 539 2377 non
554 2344 643 2377 suam
662 2354 751 2384 rem,
779 2345 833 2378 sed
862 2345 1118 2390 Episcoporum.

222 2392 280 2426 An
294 2389 361 2424 haec
372 2390 541 2436 Dogmata
558 2393 682 2435 sapiant
706 2394 944 2439 Evangelium,
972 2395 1118 2439 judicent

221 2439 278 2476 alii
299 2440 534 2484 Sapientiores.
563 2440 661 2476 Certe
685 2442 842 2479 Zozimus
856 2444 889 2477 in
907 2444 1048 2487 superius
1070 2444 1130 2478 adv

219 2492 319 2525 dudia
342 2489 598 2526 ad.Africanam
622 2491 802 2526 Ecciefiam
828 2493 963 2536 epistola
983 2495 1119 2529 affirmat

224 2542 417 2579 Romanam
436 2540 712 2586 suscipiendarum
738 2543 993 2587 appellationum
1006 2543 1119 2579 autho-

221 2591 378 2630 ritatem,
402 2591 437 2625 &
460 2592 640 2635 supremam
664 2594 757 2636 super
782 2594 1003 2638 quascumque
1013 2596 1118 2639 Syno-

223 2639 283 2680 dos
299 2642 480 2685 potentiam
493 2642 583 2677 effea
597 2642 769 2678 canonica
782 2644 980 2687 antiquitate
992 2669 1002 2685 ,
1027 2645 1046 2680 ὲ
1060 2655 1120 2680 tra-

222 2691 353 2725 ditione
377 2691 534 2734 Pauum,
557 2692 576 2727 ὲ
603 2694 722 2728 San-sto
750 2693 850 2728 Petro
871 2694 1058 2738 Apostolo‚
1083 2706 1120 2730 ac

224 2740 266 2775 nb
289 2742 359 2785 ipso
385 2740 520 2777 Christo
532 2743 709 2783 Domino,
735 2745 791 2788 qui
816 2745 918 2781 Petro
929 2744 1020 2779 dedit
1030 2756 1118 2790 pote-

227 2791 345 2826 statem
371 2790 523 2836 ligandi,
548 2804 585 2827 ac
600 2793 746 2828 solvendi
761 2796 890 2828 omnia.

279 2842 426 2889 Qartus
454 2853 544 2877 error
564 2843 633 2884 est,
659 2843 748 2888 quod
770 2846 913 2888 primum
934 2844 1030 2889 hujus
1057 2847 1118 2881 suae

223 2899 317 2926 novae
337 2892 501 2935 potestatis
521 2895 783 2937 experimentum
809 2895 967 2930 Zozimus
995 2906 1118 2931 tentare

227 2938 368 2974 voluerit
385 2943 469 2984 apud
485 2942 620 2988 ingenia
632 2944 787 2979 Afrorum
800 2970 807 2977 .
834 2948 868 2980 O
880 2946 1117 2989 imprudentem

229 2987 427 3025 Pontificem
446 3015 457 3031 ,
481 2994 540 3036 qui
551 2994 636 3029 istud
649 3004 815 3029 tentamen
831 3007 899 3030 non
914 2996 1118 3034 inchoaverit

227 3038 314 3082 apud
339 3038 471 3074 Gallos.
498 3041 596 3077 Certe
618 3045 761 3088 ipsorum
772 3057 863 3080 aures
883 3047 918 3081 &
933 3057 1062 3082 mentes
1074 3059 1118 3083 re·

229 3090 357 3132 perisset
379 3089 478 3135 longe
501 3092 664 3128 faciliores
685 3096 726 3130 ad
737 3095 909 3130 credendas
934 3097 1116 3132 istiusmodi

227 3138 361 3175 fabellas
371 3165 378 3172 .
406 3141 541 3177 Saniora
554 3143 628 3177 sunt
639 3143 703 3178 haec
714 3145 857 3190 ejusdem
869 3145 1118 3191 Archi-Episco-

81 3207 147 3246 Cap
160 3209 217 3236 ,15¹
230 3189 263 3232 pi
278 3189 373 3223 verba
386 3203 397 3223 :
423 3192 534 3234 ,Quaeri
540 3192 632 3236 potest
643 3217 655 3233 ,
672 3205 833 3236 quamnam
846 3196 881 3229 ob
889 3196 1010 3240 causam
1030 3200 1118 3231 Zozr'·

229 3251 295 3272 mus
304 3242 461 3280 protulerit
471 3245 607 3276 canones
620 3244 806 3288 sadicenses
814 3245 871 3289 sich
881 3254 996 3281 nomine
1017 3253 1117 3292 Conci-

228 3290 264 3322 Ιιί·
274 3292 419 3324 Nicaeni?
446 3290 578 3335 ,Quaestio
589 3290 653 3325 baec
662 3299 770 3328 acriter
779 3319 790 3334 ,
815 3298 850 3330 θ
865 3300 996 3332 animose
1007 3299 1114 3331 tralla-

227 3345 280 3373 ην
289 3343 309 3375 ἃ
318 3342 529 3376 Novatoribus
540 3366 551 3382 ‚
577 3347 629 3385 qui
642 3346 801 3379 zozimam
808 3357 941 3391 arguunt
950 3347 1094 3390 falfitatis
1107 3373 1117 3390 ‚

1885 118 1981 177 283

1172 597 1266 634 Pater
1278 595 1464 635 Paschasius
1475 597 1675 645 Qesnellus
1686 622 1694 630 .
1719 597 1866 634 Proinde
1888 598 1956 645 jam
1968 600 2062 634 ceffet

1172 648 1281 685 omnis
1292 647 1351 682 ista
1361 648 1536 683 contentio
1547 672 1555 679 .
1587 647 1821 685 Adhaereamus
1834 647 1993 684 Romanae
2004 647 2065 681 Ec-

1172 697 1286 737 clefiae,
1297 709 1367 741 quae
1378 697 1472 732 istam
1482 697 1767 736 nomenclaturam
1777 699 1880 735 etiam
1890 697 1964 744 post
1975 696 2066 733 Afri·

1173 758 1270 787 canajs
1287 748 1362 785 lites
1383 747 1734 784 constanter-retinuit.
1759 748 1895 786 Etenim
1917 748 2066 794 Magnus

1173 798 1244 832 Leo
1257 821 1270 839 ,
1293 798 1373 834 dum
1395 798 1439 834 ab
1458 799 1655 842 Imperatore
1667 796 1880 836 Theodosio
1896 797 1943 836 ad
1953 797 2067 834 Sansti

1173 848 1323 885 Flaviani
1346 848 1712 892 Constantinopolitani
1739 849 1919 892 Episcopi,
1943 848 2002 895 qni
2023 846 2066 883 ab

1176 896 1329 942 Ephefini
1352 898 1539 937 Latrocinii
1560 898 1696 945 Judicio
1723 899 1904 944 appellarat
1925 922 1937 939 ,
1963 909 2066 933 retra-

1174 946 1323 982 ctandam
1343 949 1476 983 causam
1500 948 1680 994 postulavit
1712 958 1836 984 novam
1864 948 2064 992 Synodum',

1176 999 1239 1031 suis
1249 997 1362 1032 litteris
1369 998 1513 1041 adjecit:
1533 1001 1644 1043 ,Quam
1650 1007 1755 1037 autem
1760 999 2066 1043 postappellationem
2083 996 2164 1037 Epist·
2177 1008 2226 1035 40-

1174 1046 1374 1089 interpofitam
1396 1047 1449 1082 boc
1465 1049 1784 1091 neceffariepffluletur
1797 1074 1810 1092 ‚
1829 1054 1992 1086 canonum
2010 1052 2070 1084 Ni-
2084 1048 2109 1070 c·
2130 1047 2159 1076 3·

1174 1108 1245 1131 ται
1255 1096 1422 1131 habitorum
1433 1101 1560 1134 Decreta
1568 1098 1714 1139 testantur
1722 1125 1734 1140 ,
1750 1110 1828 1142 quaev
1829 1098 1933 1147 subter
1944 1100 2069 1133 adnexa

1171 1146 1261 1191 sant.
1283 1146 1326 1180 Et
1337 1146 1497 1185 adnexuit
1510 1148 1687 1182 Canonem
1696 1150 1922 1187 sardicensem
1935 1174 1942 1182 .
1965 1148 2071 1196 Quod

1177 1198 1278 1232 etiam
1300 1196 1446 1231 Gelafius
1462 1219 1479 1237 -,
1504 1197 1687 1240 Gregorius
1701 1220 1713 1237 ‚
1737 1199 1863 1243 aliique
1887 1199 2070 1233 Pontifices

1156 1253 1157 1258 ’
1179 1247 1272 1283 issam
1283 1246 1422 1288 phrafim
1443 1245 1650 1287 ufitaverint,
1678 1246 1776 1283 variis
1800 1249 1837 1283 iu
1849 1248 1931 1283 locis
1940 1248 2074 1285 demon-

1179 1297 1256 1335 strat
1264 1294 1469 1334 Hincmarus
1482 1294 1651 1334 Remenfis
1660 1320 1671 1334 .

1299 1635 1343 1682 c
1380 1636 1425 1681 A
1461 1633 1496 1679 P
1533 1633 1579 1681 U
1613 1630 1658 1681 T
1745 1609 1960 1682 xxxm.

1182 1827 1244 1872 An
1257 1821 1312 1871 hae
1324 1823 1516 1888 Africanae
1527 1820 1733 1888 quaestiones
1742 1824 1838 1869 inter
1851 1825 2076 1881 Romanam

1250 1904 1309 1939 Φ
1322 1894 1552 1956 Africanam
1581 1890 1787 1956 Ecclesiam
1818 1890 2005 1958 causave-

1316 1966 1395 2011 rint
1401 1958 1578 2028 fihffma
1591 1962 1729 2009 durans
1757 1960 1869 2027 ufiJue
1885 1961 1941 2011 ad

1392 2030 1660 2094 Pontificatum
1671 2030 1862 2098 Bonifhcii

1531 2097 1718 2169 ficundi?

1274 2292 1411 2326 Ffirmat
1429 2292 1553 2326 famosa
1563 2290 1728 2325 Bonifacii
1751 2291 1882 2326 secundi
1897 2293 2072 2331 Pontificis

1299 2342 1339 2375 ad
1352 2341 1518 2375 Eulaliurn
1531 2341 1741 2375 Alexandriae
1754 2341 1975 2376 Patriarcham
1996 2344 2074 2386 Epi-

1183 2392 1264 2426 stola
1285 2403 1295 2424 τ
1319 2393 1454 2425 Aurelius
1466 2389 1707 2435 carthaginensis
1719 2390 1852 2432 Ecclefiae
1868 2393 1937 2426 olim
1950 2393 2073 2437 Episto-

1180 2450 1238 2483 pus
1250 2465 1261 2482 ,
1285 2451 1350 2474 cum
1363 2442 1491 2487 collegis
1501 2440 1587 2483 suis,
1616 2440 1773 2484 instigante
1798 2443 1921 2475 Diabolo
1935 2467 1945 2481 ,
1967 2443 2072 2485 super-

1183 2492 1245 2524 bire
1257 2490 1437 2533 temporibus
1453 2490 1660 2533 Antei-effatum
1670 2490 1828 2529 nostrorum
1843 2492 1997 2533 Bonifacit
2024 2502 2073 2526 at-

1182 2553 1236 2583 que
1246 2541 1395 2580 caelestim·
1406 2549 1508 2573 contra
1520 2544 1688 2573 Romanam
1708 2540 1864 2581 Ecclefiam
1885 2547 1972 2583 coepit
1982 2567 1993 2583 ,
2013 2541 2073 2586 sed

1182 2593 1290 2624 videns
1308 2590 1342 2634 se
1365 2593 1449 2623 modo
1458 2596 1588 2632 peccatis
1612 2591 1722 2624 Aurelii
1735 2591 1905 2624 Eulaliusa
1924 2596 2070 2627 Romanae

1185 2640 1317 2682 Ecclesr‘ae
1330 2646 1526 2675 communione
1532 2639 1719 2685 segregatum
1726 2664 1737 2681 ‚
1760 2639 1927 2674 humilians
1937 2653 2072 2686 recogno-

1183 2697 1230 2725 vit
1237 2690 1270 2734 se
1282 2691 1404 2734 peccasse
1414 2715 1426 2732 ,
1447 2699 1553 2732 pacem
1573 2693 1607 2725 Cn·
1618 2695 1843 2724 communionem
1853 2696 1999 2726 Romanae
2012 2696 2072 2726 Ec-

1181 2741 1268 2783 clefiae
1277 2751 1382 2783 petens
1398 2765 1408 2780 ,
1429 2740 1636 2785 subscribendo
1644 2753 1710 2774 cum
1723 2743 1751 2773 C
1752 2741 1853 2785 ollegis
1858 2741 1923 2785 suis
1936 2743 2071 2776 damna-

1185 2799 1235 2826 vit
1247 2791 1403 2834 Apostolica
1415 2791 1593 2826 authoritate
1607 2802 1704 2824 omnes
1719 2789 1890 2834 scripturas
1899 2817 1909 2832 ‚
1938 2805 2005 2836 quae
2016 2794 2070 2825 ad-

1181 2843 1286 2876 versus
1307 2845 1452 2876 Romanae
1476 2839 1609 2882 Ecclefiae
1635 2842 1799 2885 privilegia
1819 2854 1932 2885 quoquo
1955 2848 2070 2885 ingenio

1174 2891 1405 2934 fac‘laefuerant
1418 2916 1427 2926 .
1456 2892 1499 2926 Et
1512 2893 1705 2926 confirmare
1729 2892 1856 2925 videtur
1878 2891 1961 2925 liber
1981 2892 2068 2925 Pon·

1181 2943 1309 2976 tificalis
1322 2943 1354 2975 in
1368 2942 1438 2977 vita
1449 2942 1593 2985 ejusdem
1606 2940 1779 2975 Pontificis
1792 2941 1978 2976 Bonifacii:
2007 2945 2068 2974 Eo-

1181 2995 1248 3026 dem
1260 3000 1386 3034 tempore
1396 2998 1482 3026 venir
1494 2994 1599 3025 relatio
1610 2992 1647 3024 ab
1660 2989 1815 3034 Epifiopis
1827 2990 1913 3032 Afris
1936 2993 1974 3025 de
1987 2995 2067 3025 Con-

1174 3043 1324 3083 stitutione
1333 3068 1343 3083 ‚
1370 3044 1404 3075 (τ
1414 3052 1448 3075 ut
1458 3053 1523 3075 cum
1537 3040 1674 3084 Consulto
1686 3042 1771 3075 sedis
1783 3041 1953 3085 apostolica
1964 3047 2064 3076 omnia

1182 3090 1422 3135 Carthaginensi]
1435 3091 1598 3135 Episcopus
1603 3091 1722 3134 faceret
1730 3115 1741 3126 ,

1231 3141 1426 3186 Respondeo
1444 3143 1618 3187 epistolam
1643 3142 1708 3177 esse
1717 3142 1921 3186 imperitam,
1943 3152 1985 3176 ac
2000 3153 2066 3176 ma.-

1183 3192 1296 3229 uifeste
1309 3192 1465 3236 spuriam.
1495 3192 1631 3227 Etenim
1647 3203 1708 3226 nec
1721 3191 1947 3228 Alexandrina
1960 3217 1971 3232 ,
2002 3203 2063 3226 nec

1181 3242 1443 3287 Carthaginenfis
1457 3242 1600 3276 Ecclesia
1613 3243 1698 3277 inter
1709 3243 1784 3276 suos
1804 3243 1984 3286 Episcopos
2005 3254 2066 3276 un·

1180 3295 1276 3337 quam
1299 3291 1412 3327 habuit
1433 3292 1576 3335 aliquem
1601 3292 1768 3327 Bulalium
1794 3316 1802 3325 .
1829 3293 1897 3327 lsso
1921 3302 2065 3335 tempore

1181 3344 1264 3389 apud
1277 3342 1513 3388 Carthaginem
1541 3342 1669 3378 sedebat
1681 3342 1881 3387 Reparatus.
1909 3342 1952 3376 Et
1973 3340 2063 3384 quod

1969 3392 2014 3426 ob
