2326 3718
64 2029 140 2066 Cap·
159 2038 206 2059 ιο·

700 145 974 191 ΚοΜΑΝιε
1008 145 1594 190 ΑΡΡειιΛτῐοΝιΒυς.

226 237 322 272 ‘lima
332 241 421 271 nona
437 229 577 275 Aprilis.
606 227 683 264 Afri
702 224 994 264 adeffedebuerant
1005 228 1117 262 secun-

241 288 283 323 da
301 284 355 319 die
374 282 534 326 Ianuarii.

252 348 255 349 ⁷
274 333 451 368 ‘'Notanda
461 331 506 365 est
519 331 578 366 ista
589 329 746 365 Afrorum
763 327 955 364 obtestatio.
983 328 1117 363 Etenim

226 381 577 421 >RomanamCe1estii
596 379 848 425 appellationem
870 379 1012 414 omnino
1031 386 1118 413 eom-

226 434 391 479 'probavit
403 458 413 474 ‚
423 432 513 467 aliud
527 443 596 465 non
608 429 775 474 postulans
786 454 797 470 ,
808 429 905 471 quam
917 437 955 463 ut
962 428 1118 463 Pontifex

240 495 312 519 non
331 483 390 517 nisi
400 482 472 527 post
484 483 615 527 plenam
625 479 869 515 instructionem
881 479 1068 525 dignaretur
1077 477 1118 512 ad

230 534 470 569 definitionem
493 529 682 576 procedere.
711 530 859 564 Eandem
869 529 1120 573 appellationem

228 583 447 619 ¹constristavit
457 580 614 616 Paulinus
624 579 811 621 Diaconus,
840 579 1017 614 celestium
1036 578 1119 612 defe-

239 645 314 669 rens
328 633 369 668 de
380 643 470 668 novo
480 630 634 666 crimine:
660 630 789 674 Nempe
808 629 897 674 quod
908 630 949 663 ab
962 625 1117 663 Africana

227 683 380 728 synodo
388 682 440 717 de
449 681 553 716 haerefi
565 680 737 715 damnatus
750 689 826 714 ante
836 679 1066 724 purgationem
1081 689 1118 712 ac

230 734 479 779 -reparationem
491 730 728 776 praesumpfiffet
739 730 917 764 consecrati
939 729 973 762 in
986 727 1118 771 Presby-

234 794 345 818 terum
358 807 365 815 .
394 781 426 815 A
442 782 598 816 Romano
623 791 732 815 tamen
744 781 867 814 accessu
888 780 919 813 se
931 779 1094 812 excusavit
1107 791 1118 811 :

229 833 298 867 -Ubi
310 842 383 866 tunc
402 831 484 866 nibil
502 842 588 875 agere
604 836 709 872 potui,
736 835 808 872 quia
818 835 847 862 is
858 853 870 869 ,
896 831 950 872 qui
958 830 1003 862 ad
1013 830 1118 862 Sedem

234 883 427 926 apostolicam
434 890 654 924 provocaverat
663 905 675 920 ‚
701 879 800 922 defuit
814 904 826 920 ,
852 890 938 921 quem
951 887 1118 921 oportuerat

230 927 341 976 *utique*
351 938 458 966 merita
474 932 539 975 suae
559 930 767 973 appellationis
787 928 935 968 adstruere
947 952 959 968 ‚
985 929 1118 961 maxime*

231 995 306 1016 rum
318 982 401 1016 nibil
407 990 510 1025 agente
520 980 700 1022 appellatore
709 1004 720 1019 ,
739 978 899 1021 secundum
910 982 1002 1011 etiam
1012 977 1117 1010 buma-

228 1044 299 1066 παπ
318 1033 394 1075 leges
405 1055 416 1071 ,
437 1030 570 1073 superior
590 1028 630 1068 est
635 1027 752 1070 semper
771 1027 820 1060 ille
827 1031 880 1069 qui
901 1031 974 1059 vicit
985 1051 992 1058 .
1020 1026 1115 1060 Affir-

227 1091 306 1116 -mat
317 1081 348 1114 se
359 1078 668 1123 perfunaumomni
680 1076 874 1111 accusatoris
886 1075 999 1110 officio
1007 1100 1018 1116 ,
1028 1075 1117 1109 ideo-

230 1141 301 1174 que
319 1130 447 1163 causam
470 1127 622 1171 deinceps
643 1127 683 1161 ad
697 1128 729 1161 se
739 1138 807 1160 non
828 1127 982 1170 spestare.
1009 1126 1117 1160 Fuisse

227 1179 438 1223 -perfunitum
450 1202 461 1218 ,
487 1179 521 1212 ὃ(
534 1178 700 1216 solutum,
727 1177 806 1211 dum
820 1176 979 1210 Celestius
1002 1177 1116 1220 appel-

228 1228 396 1263 lationem
407 1227 547 1267 deseruit
557 1253 564 1261 .
590 1226 726 1262 Interim
734 1226 931 1261 Pontificem
942 1226 982 1260 de
993 1227 1116 1269 peccati

233 1278 407 1324 originalis
418 1276 481 1313 fide
492 1303 502 1320 ‚
511 1289 550 1312 ac
559 1277 600 1314 de
611 1277 729 1313 dolosis
741 1276 874 1311 Celestii
882 1275 1005 1311 artibus
1016 1275 1078 1311 abu
1084 1287 1116 1309 n-

233 1329 460 1363 deinstruxit.
490 1328 593 1375 Quod
612 1327 718 1372 ipsum
737 1326 948 1370 synodaliter
967 1327 1114 1361 fecerunt

235 1377 389 1413 Africani
412 1378 605 1414 Antistites.
633 1377 824 1423 Coegerunt
843 1375 1062 1413 ducentorum
1081 1378 1115 1412 &

230 1427 482 1473 quatuordecim
510 1429 748 1474 Episcoporum
775 1428 945 1474 Synodum
966 1454 978 1471 ,
1012 1429 1048 1463 δε
1074 1439 1114 1462 ex

227 1478 302 1522 ipsa
313 1478 354 1513 ad
365 1479 539 1514 Zozimum
552 1481 720 1524 scripsere:
745 1480 958 1520 Constituimur
977 1483 1010 1511 in
1025 1479 1114 1513 Pela·

227 1533 315 1573 gium
323 1531 412 1572 atque
425 1530 576 1569 celestium
592 1539 649 1573 per
661 1532 863 1565 Venerabilem
874 1529 1051 1574 Epist-opum
1067 1533 1113 1561 ln-

229 1586 399 1613 mcentium
419 1581 626 1622 deBeatiffimi
638 1582 759 1624 Apostoli
773 1584 856 1614 Petri
867 1582 940 1614 sede
959 1581 1115 1622 prolatam

230 1639 352 1662 manere
358 1629 536 1673 sententiam
547 1655 558 1671 ,
583 1633 673 1665 donec
688 1633 864 1674 apertiffima
883 1629 1112 1672 confeffionefa-

227 1684 351 1711 ceantur
368 1682 476 1722 gratia
490 1684 552 1713 >Dei
569 1689 625 1722 perv
637 1683 796 1715 Dominum
816 1681 942 1720 nostrum
947 1681 979 1723 J
981 1681 1110 1712 ΕΠΙΜ-

228 1729 459 1768 CHRETUM,
483 1740 541 1763 non
557 1729 652 1774 solum
674 1733 719 1764 ad
735 1729 981 1775 eognfiendam,
1010 1730 1114 1764 verum

227 1783 329 1810 eriam
349 1779 392 1811 ad
402 1779 580 1820 faciendam
584 1782 615 1824 J
615 1781 745 1821 ustitiam
765 1793 817 1814 nos
823 1789 880 1824 per
896 1780 981 1814 ac'iur
984 1779 1110 1823 singulos

228 1826 382 1867 adjuvari
391 1852 403 1869 ,
428 1834 474 1864 ita
481 1838 516 1864 ut
519 1830 580 1873 fine
590 1832 645 1865 ella
655 1831 732 1866 nibil
741 1843 825 1866 verae
834 1857 845 1873 ‚
866 1830 1039 1875 sanc‘laeque
1048 1836 1114 1873 pie·

226 1881 308 1911 tatis
331 1876 440 1912 babere
459 1905 470 1921 ,
494 1886 618 1925 cogitare
636 1904 647 1920 ‚
672 1883 768 1916 dicere
790 1905 801 1922 ‚
826 1892 911 1925 agere
937 1883 1093 1915 valeamus
1106 1905 1113 1912 .

226 1924 308 1960 Hac
317 1925 352 1961 in
362 1928 500 1973 Synodo
508 1932 601 1965 fuisse
613 1942 663 1966 tot
677 1931 857 1976 Episcopos
867 1955 878 1972 ,
906 1931 940 1964 &
954 1930 1039 1964 istud
1052 1930 1115 1964 Zo-

227 1975 320 2011 zimo
330 1977 423 2013 fuisse
435 1978 640 2025 Rescriptum
652 2007 662 2023 ,
688 1982 822 2017 testatur
834 1982 969 2015 sanstus
978 1980 1114 2023 Prosper

224 2027 267 2060 in
279 2025 364 2061 libro
380 2041 501 2064 contra
513 2031 716 2066 Collatorem
731 2057 738 2064 .
767 2032 812 2066 Et
831 2030 918 2069 istud
942 2030 1114 2064 confilium

228 2075 372 2120 probans
381 2079 538 2114 Zozimus
561 2081 701 2123 perrexit
713 2079 754 2115 ad
772 2081 899 2114 causam
911 2080 1091 2113 finiendam
1104 2092 1115 2111 .-

233 2125 284 2160 At
294 2125 455 2163 celestius
465 2129 594 2174 aufugit
608 2154 616 2162 .
644 2130 739 2163 Hinc
753 2128 875 2173 prodiit
886 2128 1116 2162 solemnissima

223 2175 415 2221 Pelagiauae
424 2179 647 2215 damnationis
657 2179 829 2215 TraCtoria
838 2204 846 2211 .
874 2178 918 2213 Et
929 2180 1031 2222 ipsam
1045 2189 1115 2223 pro·

225 2225 406 2270 mulgaturi
426 2229 630 2264 celebrarunt
651 2230 808 2263 famosam
819 2227 929 2263 denuo
943 2229 1115 2271 Synodum

226 2273 448 2311 ducentorum
467 2279 695 2322 septemdecim
719 2278 977 2322 Epffeoporum,
1003 2278 1038 2311 in
1052 2289 1113 2321 qua

224 2324 401 2361 ‚ediderunt
418 2327 558 2373 insignes
578 2328 656 2363 istos
668 2329 825 2363 Canones
836 2327 876 2361 de
886 2327 1024 2373 originis
1036 2339 1114 2370 pec·-

225 2384 331 2414 ατο,
357 2375 391 2408 &
412 2376 455 2410 de
475 2378 638 2420 adjutorio
662 2379 792 2413 Divinae
812 2379 939 2423 gratiae.
970 2377 1113 2422 Vulgata

224 2423 465 2460 conciliorum
475 2427 580 2462 editio
592 2428 678 2471 ipsos
689 2428 727 2461 ad
733 2428 839 2462 scribit
848 2427 997 2462 Milevita
1005 2440 1050 2461 nae
1058 2430 1114 2470 Sy·

226 2474 324 2508 -nodo
337 2497 345 2506 .
372 2472 420 2508 At
430 2487 555 2511 certum
577 2477 622 2512 est
635 2478 720 2520 ipsos
732 2478 794 2510 esse
814 2478 832 2512 a
845 2477 1093 2521 Carthaginensi
1106 2504 1112 2510 .

226 2525 276 2559 Et
295 2525 357 2558 effe
379 2527 576 2571 approbatos
595 2552 606 2568 ,
633 2528 668 2561 &
687 2528 900 2561 confirmatos
923 2538 978 2570 per
1000 2528 1113 2561 Sedem

227 2574 476 2618 Apostolicam.
506 2574 635 2613 Diserte
655 2587 830 2622 utrumque
850 2579 1002 2612 asseverat
1015 2579 1114 2621 septi-

227 2636 305 2660 mus
319 2624 471 2661 articulus
493 2628 627 2663 istorum
642 2651 652 2668 ,
678 2629 733 2670 qui
747 2628 858 2672 paffim
879 2627 1113 2662 subnectuntur

227 2676 302 2719 1³0st
316 2675 421 2710 saneti
433 2677 597 2712 Caelestini
609 2678 783 2712 pontificis
804 2678 1031 2722 Apostolicam
1050 2679 1115 2722 epi·

226 2725 348 2760 stolam
375 2738 432 2770 pro
454 2728 600 2762 doctrina
624 2728 731 2762 Sancti
755 2728 934 2773 Augustini
958 2753 966 2761 .
994 2726 1116 2763 Eadem

226 2775 251 2810 ὲ
274 2776 412 2818 Synodo
433 2778 553 2821 prodiit
576 2778 696 2812 Canon
720 2778 908 2812 Romanam
928 2778 1116 2821 appellatio-

227 2836 308 2860 nem
320 2826 518 2862 interdicens
535 2828 595 2862 soli
613 2829 761 2862 inferiori
776 2829 894 2863 Clero.
924 2829 1054 2873 Nempe
1069 2830 1115 2863 su-

225 2885 339 2917 zprema
351 2877 517 2912 Africanae'
528 2878 676 2912 Ecclefiae
689 2879 722 2913 in
736 2879 827 2912 suum
840 2880 1027 2915 inferiorem
1043 2879 1116 2913 Cle-

232 2935 306 2958 rum
318 2926 454 2968 potestas
465 2927 566 2972 usque
584 2939 663 2965 tunc
675 2928 844 2963 constabat
867 2929 934 2963 sola
947 2930 1115 2963 consuetu·

231 2973 313 3008 dine
326 2999 334 3006 .
361 2975 405 3008 Et
429 2976 529 3019 ipsam
541 2979 692 3012 Romana
715 2978 858 3013 Ecclesia
872 2991 927 3023 per
939 2980 1114 3013 Zozimum

232 3023 433 3059 Pontificem
456 3037 606 3068 potenter
625 3028 796 3063 arietabat.
827 3029 990 3063 Hincista
1003 3041 1115 3063 nume-

232 3075 304 3109 rosa
318 3074 470 3116 synodus
481 3078 591 3111 statuit
603 3078 830 3114 stabiliendam
846 3081 986 3113 Canone
997 3105 1007 3120 ,
1019 3079 1114 3125 atque

230 3126 277 3159 ita
289 3124 445 3168 perpetuo
467 3137 581 3161 contra
591 3128 674 3162 alios
695 3130 826 3164 forsitan
840 3130 977 3164 insultus
990 3142 1114 3164 arman-

232 3174 308 3209 dam
331 3199 338 3207 .
367 3174 550 3209 Ediderunt
577 3176 752 3213 Canonem
778 3181 931 3214 adversus
959 3191 1114 3223 nuperam

231 3224 401 3269 epistolam
415 3248 426 3264 ,
453 3235 516 3267 qua
530 3225 688 3261 Zozimus
702 3229 862 3272 scripserat
876 3245 883 3264 :
913 3234 1043 3263 Tantam
1057 3235 1114 3264 Pe-

231 3283 278 3308 uo
297 3274 425 3317 Apostolo
434 3279 584 3309 canonica
594 3282 764 3320 antiquitas
770 3277 857 3322 super
866 3279 1038 3324 sententias
1054 3293 1115 3313 om·

231 3331 315 3358 nium
337 3326 435 3360 voluit
459 3325 511 3368 effe
527 3332 714 3368 potentiam,
741 3328 848 3371 &ipsa
868 3343 980 3373 quoque
994 3330 1115 3371 Christi

231 3377 291 3408 Des.
298 3375 384 3416 nostri
390 3376 533 3417 promiffio
545 3399 556 3415 ,
582 3386 616 3410 ut
639 3379 674 3411 er
687 3378 785 3421 ligata
795 3377 925 3422 solveret
937 3405 947 3421 ,
976 3383 1009 3415 (θ’
1015 3379 1114 3424 soluta

282 3451 284 3455 .
334 3425 442 3465 Christ.
453 3429 532 3468 Lupi
542 3430 640 3470 Opem
651 3431 685 3461 T.
700 3430 782 3462 VIII.

1181 229 1311 260 vinciret
1320 251 1327 257 .
1355 223 1570 262 Affirmarunt
1583 228 1681 264 etiam
1690 229 1709 265 a
1721 232 1751 266 se
1762 231 1905 278 intelligi
1915 232 2060 279 Evange-

1182 276 1264 309 lium
1275 300 1283 306 .
1310 275 1419 319 Ipsum
1431 275 1593 310 Africanae
1603 282 1831 316 consuetudini
1850 294 1918 317 non
1932 295 2062 319 contra·

1183 326 1246 360 ire.
1273 324 1346 360 Nec
1366 326 1454 369 jota,
1479 335 1537 361 aut
1557 327 1683 370 apicem
1706 332 1910 372 protulerunt
1933 333 1974 368 de
1986 334 2062 378 Epi-

1183 377 1356 419 scoporum
1377 375 1671 420 appellationibus.
1687 378 1788 423 Qd
1805 380 1920 426 nempe
1941 383 2003 418 illae
2023 385 2062 419 li-

1183 425 1267 460 beris
1277 427 1399 470 semper
1407 425 1621 461 ambulassent
1633 427 1770 471 paffibus
1779 451 1789 467 ,
1814 432 1847 465 &
1858 433 1940 467 salva
1951 433 2064 469 Eccle-

1183 476 1232 509 fiae
1241 477 1368 511 unitate
1385 487 1455 511 non
1471 477 1699 522 poffenttangi
1712 502 1720 511 .
1747 479 1824 512 Sola
1836 481 1912 515 item
1925 483 1991 517 haec
2002 486 2062 527 Sy-

1183 526 1291 560 nodus
1311 527 1436 571 aliquid
1457 527 1564 562 sanxit
1586 528 1628 562 de
1649 527 1732 562 fide.
1756 526 1887 572 Nempe
1912 531 2060 568 Africani

1185 577 1339 620 Episcopi
1364 587 1483 611 norant
1505 578 1651 623 regulam
1670 602 1682 619 ,
1710 588 1806 622 quam
1829 578 2000 622 postmodo
2018 583 2061 617 ad

1183 626 1376 661 Faustinum
1387 627 1585 672 Magistrum
1600 628 1716 672 scripsit
1727 628 1872 663 Gelasius
1884 628 2038 664 Pontifex
2050 645 2062 665 .-

1185 678 1342 719 .Quantum
1365 678 1409 710 ad
1419 681 1600 721 Religionem
1604 684 1760 721 pertinet,
1786 689 1843 711 mn
1854 679 1910 721 nisi
1926 680 2064 722 Apostoli-

1183 738 1226 759 cae
1241 727 1307 759 Sedi
1323 751 1334 767 ,
1353 729 1451 768 juxta
1463 733 1598 764 canones
1609 753 1619 769 ,
1646 729 1767 762 debetur
1781 735 1873 763 torius
1885 731 2064 772 summaju-

1184 777 1276 809 dicii.
1304 777 1397 811 Hinc
1409 778 1467 812 ista
1479 778 1634 821 synodus
1649 779 1738 813 aliud
1762 791 1829 813 non
1842 779 1939 820 fecit,
1963 792 2063 825 quam

1185 826 1379 861 confirmare
1405 829 1546 862 Decreta
1568 828 1697 862 Zozimi
1722 853 1729 860 .
1757 829 1882 863 Eadem
1903 830 1945 865 de
1967 830 2063 865 causa

1187 876 1262 910 Afri
1283 877 1405 921 semper
1426 878 1640 922 permiserunt
1663 878 1853 912 inferiorem
1874 881 1974 916 etiam
1990 880 2065 915 Cle·

1183 937 1256 964 rum
1265 925 1300 961 in
1314 927 1390 963 fidei
1402 930 1535 967 materia
1546 928 1691 972 Romam
1702 939 1895 975 provocare.

1405 1131 2009 1156 &mm—*Q*—

1323 1274 1366 1320 c
1401 1276 1444 1320 A
1479 1274 1514 1319 P
1549 1275 1597 1320 u
1632 1274 1674 1321 T
1708 1327 1714 1331 „
1735 1251 1930 1338 xxxu.

1179 1466 1395 1531 Exponitur
1438 1463 1626 1530 Africana
1676 1467 1922 1532 controversia
1968 1471 2071 1529 circa

1400 1534 1633 1602 Sardicensts
1656 1541 1847 1585 Catanen

1253 1729 1351 1765 Rima
1362 1731 1495 1776 quaestio
1516 1732 1585 1775 est,
1613 1733 1666 1768 Ex
1679 1743 1746 1776 quo
1757 1734 1877 1767 fastum
1897 1732 1954 1770 sit,
1980 1731 2071 1774 quod

1276 1780 1434 1816 Afrorum
1459 1782 1633 1818 Antistites
1653 1784 1876 1828 ignoraverint
1915 1783 2071 1816 canones

1179 1829 1381 1866 Sardicenses
1394 1833 1410 1864 ?
1423 1833 1526 1879 Qod
1542 1835 1628 1877 ipsos
1639 1831 1753 1868 harum
1765 1833 1980 1878 quaestionum
1992 1841 2059 1866 tem

1180 1889 1257 1923 pore
1267 1882 1397 1923 penitus
1408 1883 1630 1926 ignoraverint
1641 1908 1653 1926 ,
1678 1895 1719 1917 ex
1733 1883 1921 1927 supradictis
1938 1883 1983 1916 est
2007 1893 2071 1916 ma.

1179 1929 1332 1963 nifestum
1344 1955 1351 1962 .
1378 1931 1481 1976 Qod
1494 1935 1598 1976 ipsum
1609 1940 1696 1976 patet
1705 1945 1744 1967 ex
1757 1934 1874 1968 litteris
1883 1933 1990 1966 Sancti
2004 1931 2059 1966 Au

1179 1978 1301 2023 gustini
1321 1979 1360 2014 ad
1379 1981 1542 2016 Eleusium
1554 1983 1588 2016 δε
1603 1983 1759 2017 Glorium
1773 2008 1784 2024 ,
1810 1983 1991 2026 episcopos
2001 1982 2073 2017 Do·

1181 2029 1328 2063 natistas:
1359 2034 1545 2072 Potuimus,
1562 2031 1809 2067 Tuburficensis
1820 2032 2072 2069 Donatistarum

1181 2077 1379 2121 Episcopus,
1402 2083 1530 2121 protulit
1551 2083 1702 2123 quoddam
1710 2084 1866 2121 volumen,
1894 2082 1943 2114 ubi
1954 2082 2072 2116 volebat
2090 2071 2245 2111 Epist-¹⁶3·

1178 2126 1323 2166 ostendere
1344 2129 1518 2172 sardicense*
1540 2133 1702 2164 Concilium
1724 2133 1767 2164 ad
1778 2130 1939 2173 Episcopos
1958 2132 2069 2174 Afros,

1179 2181 1230 2219 qui
1259 2188 1348 2211 erant
1367 2186 1578 2214 communionis
1608 2184 1723 2214 Donati
1748 2206 1759 2222 ,
1791 2183 1862 2215 dedi
1884 2193 1899 2214 e
1929 2183 2069 2215 litteras.

1179 2227 1515 2273 ,Quodcumlegeretun
1540 2233 1715 2264 audivimus
1740 2235 1854 2264 Donati
1866 2243 1968 2266 nomen
1992 2238 2069 2267 inter

1178 2285 1297 2310 cataros
1321 2277 1502 2322 Episcopos,
1531 2281 1637 2322 quibus
1662 2283 1708 2314 illi
1725 2280 1907 2325 scripserant
1929 2307 1936 2314 .
1964 2287 2070 2325 Itaque

1182 2325 1481 2370 flagitarem-pineus
1496 2354 1507 2370 ,
1533 2339 1567 2364 ut
1594 2332 1744 2365 doceretur
1760 2346 1775 2372 3
1801 2333 1899 2364 utrum
1919 2331 1981 2374 ipse
2003 2334 2069 2375 esset

1179 2378 1317 2410 Donatus
1329 2402 1339 2418 ‚
1366 2381 1403 2411 de
1420 2382 1502 2420 cuius
1519 2389 1612 2422 parte
1631 2379 1676 2413 illi
1696 2387 1958 2425 cognominantur:
1987 2386 2071 2416 Fieri

1177 2429 1257 2459 enlm
1276 2429 1396 2470 potuisse
1413 2430 1423 2469 ”,
1442 2439 1481 2462 ut
1501 2432 1590 2463 alicui
1601 2435 1718 2464 Donato
1726 2430 1977 2471 alterius·baerefis
1993 2436 2071 2474 Epi-

1178 2525 1287 2566 Africae
1297 2533 1406 2560 mentio
1418 2528 1613 2570 far‘lafuerit
1626 2554 1633 2561 .
1661 2532 1815 2573 ,Quomodo
1826 2542 1894 2574 ergo
1904 2531 1992 2573 posset
1999 2540 2070 2573 pro-

1178 2580 1249 2608 bare
1273 2579 1425 2610 Donatum
1441 2587 1543 2621 patris
1565 2584 1679 2613 Donati
1701 2579 1881 2622 Episcopum
1892 2587 2006 2614 nomine
2018 2584 2068 2615 illo

1181 2627 1381 2667 accipiendum
1390 2629 1440 2670 esse
1450 2654 1460 2668 ,
1484 2632 1603 2672 quando
1613 2642 1647 2662 ne
1660 2632 1695 2663 td
1703 2632 1822 2674 quidem
1831 2631 1959 2671 probare
1965 2633 2068 2674 posset,

1163 2701 1166 2707 ἴ
1180 2677 1277 2708 utricm
1289 2678 1335 2709 ad
1344 2678 1552 2719 Africanarum
1569 2679 1733 2722 specialiter
1746 2679 1939 2720 Ecclefiarum
1948 2683 1977 2712 E
1975 2681 2069 2724 pisco-

1176 2733 1231 2767 pos
1246 2728 1307 2759 illae
1317 2728 1427 2762 litterae
1439 2730 1527 2773 missae
1538 2730 1673 2771 fuerint.
1700 2733 1995 2774 ,Quamquam-enim
2007 2735 2068 2765 Do·

1180 2782 1246 2808 nati
1269 2788 1373 2811 nomen
1388 2778 1492 2819 Afrum
1504 2781 1554 2822 esse
1557 2779 1649 2822 soleat
1662 2805 1672 2820 ‚
1699 2793 1756 2814 non
1767 2791 1867 2815 tamen
1889 2789 2068 2825 repugnaret

1178 2827 1294 2865 avero,
1319 2836 1352 2861 ut
1373 2831 1426 2862 vel
1427 2838 1563 2871 partium
1583 2832 1702 2864 illarum
1712 2834 1821 2874 aliquis
1853 2831 2006 2865 vocaretur
2019 2843 2067 2864 no-

1177 2882 1256 2909 mine
1279 2877 1374 2918 Afro,
1400 2881 1452 2912 vel
1474 2882 1583 2923 aliquis
1609 2881 1719 2920 Afer-in
1730 2883 1788 2914 illis
1798 2882 1942 2923 partibus
1965 2881 2067 2920 consti-

1178 2934 1301 2959 tueretur
1323 2927 1487 2972 Episcopus
1509 2955 1517 2963 .
1546 2933 1651 2972 Neque
1672 2937 1749 2963 enim
1772 2938 1805 2963 in
1827 2936 1869 2964 eis
1892 2934 1945 2964 vel
1963 2934 2064 2972 diem,

1177 2977 1228 3009 vel
1249 2976 1401 3020 Consulem
1412 2986 1584 3013 invenimus
1597 3005 1607 3020 ,
1633 2992 1665 3013 ue
1671 2979 1782 3023 saltem
1794 2979 1978 3021 consideratis
1990 2992 2063 3014 tem-

1172 3028 1294 3068 poribus
1316 3034 1388 3060 certi
1407 3031 1524 3072 aliquid
1540 3031 1678 3064 eluceret.
1706 3033 1784 3064 Sane
1808 3033 1948 3073 quoniam
1969 3030 2063 3073 nescio

1177 3079 1294 3118 q'uando
1305 3080 1494 3112 audieramus
1510 3085 1634 3112 Arianos
1648 3105 1657 3119 ,
1682 3090 1745 3113 cum
1755 3083 1982 3114 &commumone
2002 3085 2064 3113 Ca·

1176 3127 1278 3159 tholica
1290 3126 1492 3171 discrepassent
1502 3154 1512 3169 ,
1539 3130 1710 3171 Donatistas
1733 3137 1764 3163 in
1777 3133 1879 3174 Africa
1889 3130 1946 3173 fibi
1951 3129 2063 3173 sociare

1176 3178 1295 3220 tentasse
1307 3202 1317 3217 ‚
1342 3180 1387 3210 ad
1408 3191 1511 3213 aurem
1531 3179 1605 3213 mih}
1625 3180 1675 3214 hoc
1695 3181 1791 3223 ipsum
1813 3185 1924 3214 Frater
1946 3182 2061 3222 Alipius

1172 3224 1369 3271 subsuggeffit.
1390 3232 1479 3263 >Tunc
1509 3239 1622 3272 accepto
1644 3230 1706 3273 ipso
1729 3233 1875 3264 volumine
1896 3255 1906 3270 ‚
1931 3230 2062 3273 ejusdem

1172 3279 1298 3311 vomitu
1318 3280 1439 3314 statuta
1460 3279 1641 3320 confidet-ans
1653 3305 1663 3320 ,
1690 3283 1749 3324 legi
1768 3281 1959 3320 Athanafium
1984 3284 2060 3322 Epi·

1172 3325 1290 3369 scopum
1314 3330 1548 3363 Alexandrinum
1577 3331 1758 3364 Carbantum
1771 3343 1797 3372 ’,-
1818 3334 1903 3372 cujus
1930 3331 2059 3362 mamm?

1177 3379 1338 3413 adversum
1361 3383 1487 3414 Arianos
1507 3387 1725 3414 acerrimarum.
1747 3380 1981 3425 disputationum
1998 3389 2059 3410 con-

1556 3431 1586 3464 A
1614 3444 1632 3466 a
1683 3443 1705 3467 2
1915 3427 2009 3468 fh'ffus

1168 2474 1260 2518 -scopo,
1262 2474 1452 2519 scripserint,
1480 2483 1687 2513 cummaxime
1712 2486 1744 2512 in
1765 2481 1825 2513 illis
1838 2480 2003 2513 nominibus
2017 2493 2069 2516 nec
