2326 3718
217 3093 220 3095 Α
265 3050 389 3092 semper
402 3052 487 3086 idern
502 3078 509 3084 .
535 3053 641 3087 Lucet
654 3063 695 3086 ex
705 3051 898 3086 testimonio
919 3051 1027 3086 Sanni
1037 3050 1147 3084 Isidori

127 3162 191 3196 Ast.
214 3166 240 3193 s.

372 187 389 218 1
402 179 467 231 76

299 250 493 296 quibusdam
512 246 687 286 convenire
699 274 710 292 ,
735 251 770 285 in
795 251 989 296 quibusdam
1001 250 1159 295 distingui
1179 275 1187 282 .

301 302 495 344 Utrumque
519 300 565 335 est
576 300 705 336 laneum
718 326 732 343 ,
754 302 952 337 &crucibus
972 302 1184 347 insignitum.

297 350 506 395 singularem.
524 349 630 386 Graeci
651 353 792 386 formam
815 351 1013 395 compendio
1035 349 1187 386 describit

297 399 334 433 in
359 400 647 437 Annotationibus
666 402 708 437 ad
746 402 936 435 Graecorum
959 400 1194 435 ordinationes

295 448 436 492 Ioannes
458 451 631 486 Morinus:
649 456 796 485 Graecum
821 453 951 484 Pallium
974 451 1011 491 est
1032 452 1119 495 longa
1123 450 1184 492 fa·

288 499 352 542 scia
365 525 376 542 ,
401 500 535 545 ejusdem
543 513 609 536 eum
618 504 731 542 latino,
754 509 809 533 aut
828 502 918 543 paula
945 503 1068 541 maj0ris
1078 503 1181 534 latitu-

291 551 398 592 dinis,
425 561 528 594 nempe
549 557 640 585 trium
650 551 809 594 digitorum
821 574 832 590 ‚
855 552 954 592 primo
965 551 1069 584 collum
1089 552 1181 584 invol-

755 180 785 205 κ
820 169 907 216 ΒΕ
943 172 1277 222 ,ΑῑνιιιεΛΝΛῑ
1324 163 1630 215 Εεεῑεειπ

1248 248 1673 297 sub-Diaconu‘Regionarius
1683 253 1753 286 tidie
1764 253 1893 289 Palllum
1902 256 1941 291 de
1950 256 2018 291 collo
2037 255 2127 299 εἵως

1247 299 1283 332 ὀ*
1293 298 1385 332 duxit
1401 309 1467 332 eum
1483 307 1514 335 in
1523 303 1683 336 cubiculum
1694 326 1706 342 ,
1733 304 1767 338 6·
1780 303 1945 347 exspolians
1967 319 2033 342 eum
2046 331 2057 348 ‚
2081 314 2128 341 in·

1246 349 1313 381 duit
1333 359 1400 382 eum
1413 351 1597 391 Mmasticam
1619 352 1724 392 vestem
1738 376 1748 386 .
1775 352 1916 391 Pallium
1936 357 2065 403 tegebat
2077 358 2126 392 so-

1250 398 1319 433 lum
1331 398 1456 433 collum
1467 425 1474 432 .
1498 401 1609 438 Plenis
1620 403 1760 437 vestibus
1771 414 1840 438 non
1853 406 1890 439 in
1900 407 2037 450 Synodo
2047 419 2124 442 exu-

1246 459 1298 482 tus
1307 449 1370 483 fuit
1382 474 1393 489 ,
1420 449 1518 486 sedin
1534 453 1688 488 cubiculo
1709 478 1716 486 .
1743 453 1788 488 Et
1811 453 1852 489 de
1869 455 1986 491 Sansto
2005 457 2123 493 Marti·

1245 510 1290 533 no
1303 499 1488 541 Pontifice,
1513 502 1592 537 dum
1610 503 1904 548 Constantinopoli
1926 505 2122 551 degradaba-

1244 560 1317 590 tur,
1343 549 1453 584 scribit
1462 550 1649 589 authentica
1661 553 1826 599 incogniti
1839 553 1989 590 authoris
2007 557 2122 600 episto·

290 604 389 642 vens,
420 603 527 636 deinde
547 603 569 633 ἃ
587 602 656 634 collo
673 608 728 642 per
739 599 978 642 mediumpearus
999 600 1084 644 long?
1095 600 1180 642 infra
1241 599 1272 634 la
1287 612 1295 632 :
1321 600 1483 642 carnifices
1494 608 1624 636 exterius
1634 605 1701 646 ejus
1713 606 1844 638 Pallium
1853 607 2051 640 Sacerdotain
2059 605 2122 646 stov

144 636 218 675 cap·
235 647 262 672 7‘
283 662 385 695 genua
402 651 598 694 deflendam.
627 649 757 685 Eodem
779 650 882 686 modo
902 650 1001 684 altera
1020 651 1090 694 ejus
1110 662 1180 694 pars
1238 649 1279 684 1ae
1291 659 1435 696 egr-uerunt
1448 676 1460 692 ,
1486 653 1521 685 <st
1535 649 1702 694 scindentes
1722 656 1792 689 alas
1811 664 1941 698 tuntcae,
1967 667 2036 700 quae
2056 665 2122 691 orat

284 701 454 736 descendit
474 713 530 744 per
552 699 700 734 medium
711 701 861 735 dorsum.
890 700 1018 742 Diserte
1027 700 1092 734 hoc
1106 701 1177 735 scri-

284 751 336 785 bit
358 752 493 784 Simeon
515 748 814 786 Thessalonicensis
836 764 848 784 .·
873 751 954 784 Collo
988 752 1023 784 <w
1045 749 1175 785 humeris

285 798 424 842 Epist-opi
435 806 596 842 imponitur
606 826 615 834 .
644 805 735 835 Circa
749 801 882 836 humeros
893 807 1025 835 anterius
1045 803 1080 836 (2³
1087 801 1177 843 poste·

283 856 346 883 rius
357 875 365 882 .
393 850 438 884 Et
451 851 516 886 tale
529 850 671 886 Panium
682 851 974 897 gestavitMagnus
984 851 1173 897 Gregorius.

282 900 329 934 Et
340 900 447 945 piures
457 900 602 936 Romani
615 901 793 936 Pontifices
803 926 814 942 ,
840 913 878 935 ac
889 902 961 936 alii.
975 901 1171 936 Latinorum

282 949 437 995 Episcopi
460 977 467 984 .
497 952 612 999 Qare
643 952 808 998 utriusque
834 951 921 987 Palli
949 952 1022 987 usus
1046 952 1171 988 videtur

278 1002 361 1035 olim
381 1001 467 1044 apud
488 1012 549 1038 nos
573 1001 668 1035 fuisse
679 1002 899 1045 promiscuus.
926 1001 1060 1046 Insuper
1083 1003 1167 1038 Lati·

277 1062 359 1085 num
373 1051 516 1085 Pallium
528 1052 611 1085 olim
623 1051 687 1086 fuit
707 1052 848 1096 longum
859 1077 871 1094 ,
897 1052 1095 1087 descendens
1121 1054 1165 1086 us-

277 1111 342 1144 que
349 1101 478 1135 adoras
488 1100 629 1135 Casulae.
657 1102 706 1135 Ita
719 1102 806 1137 lucet
821 1114 863 1136 ex
874 1103 1019 1146 antiquis
1031 1114 1086 1146 per
1099 1113 1165 1137 om·

274 1161 353 1184 nem
373 1149 509 1185 latinam
529 1151 705 1185 Ecclesiam
738 1152 885 1195 picturis.
912 1152 1087 1187 Romanus
1106 1152 1162 1186 Pa-

272 1198 468 1235 triarchatus
488 1200 749 1245 comprehendit*
766 1203 873 1246 plures
887 1202 1013 1237 Graecas
1026 1202 1162 1236 Provin-

271 1252 358 1285 cias:
386 1250 517 1294 Nempe
536 1252 830 1295 totumOrientale
842 1253 1018 1295 Illyricum
1032 1266 1046 1284 .·
1067 1252 1162 1285 Hinc

271 1300 375 1344 igitur
395 1300 540 1334 Romani
567 1300 772 1341 Pontifices,
798 1303 956 1345 quoniam
982 1301 1017 1334 ἀ
1032 1301 1160 1335 Latinis

270 1350 438 1384 &Graecis
452 1349 614 1384 debebant
636 1351 856 1385 transmittere
881 1350 1008 1391 Pallia,
1036 1350 1158 1394 poffint
1181 1374 1184 1377 -

269 1410 406 1443 utraque
418 1401 436 1432 s
431 1400 521 1443 pecie
532 1401 625 1434 fuisse
637 1400 857 1435 indifferenter
866 1402 912 1435 usi
925 1425 933 1434 .

319 1449 430 1496 Qare
440 1451 562 1494 primus
571 1451 713 1485 Domini
722 1449 991 1495 Archi-Episcopi
1001 1462 1089 1486 error
1097 1452 1156 1490 est,

265 1499 357 1544 quod
379 1501 521 1544 joannes
545 1501 719 1537 Diaconus
735 1502 826 1536 dicat
855 1502 978 1547 Magni
1003 1501 1155 1545 Gregorii

264 1550 411 1585 Pallium
423 1551 758 1588 fuiffeinstarzvestis.
789 1552 923 1585 Etenim
946 1551 1087 1593 Ioannes
1108 1549 1155 1584 di-

261 1598 346 1634 serte
356 1599 466 1633 scribit
477 1601 582 1643 ipsum
592 1601 685 1634 fuisse
693 1600 888 1636 devolutum
898 1601 985 1635 circa
996 1600 1081 1635 solas
1092 1601 1154 1634 sca-

260 1650 375 1693 pulas.
405 1649 524 1684 Scribit
546 1650 615 1694 ejus
627 1651 751 1685 nullam
773 1650 792 1684 a
814 1651 862 1684 sui
877 1651 1034 1695 temporis
1045 1650 1155 1685 Pallio

258 1701 356 1734 fuisse
375 1700 615 1742 differentiam,
642 1701 701 1734 nisi
710 1699 806 1744 ‘quod
816 1702 893 1735 esset
912 1711 956 1734 ex
979 1700 1052 1734 lino
1073 1712 1154 1734 con-

259 1759 389 1784 textum
403 1773 414 1789 ‚
441 1751 474 1784 ἃ
497 1749 598 1784 nullis
617 1748 739 1784 acubus
762 1749 921 1789 affixum,
944 1748 997 1784 sed
1021 1750 1153 1785 devolu-

257 1808 350 1835 tum.
379 1800 459 1833 Hoc
483 1799 529 1834 est
544 1824 555 1840 ,
583 1800 674 1843 quod
696 1801 774 1835 esset
795 1811 864 1835 non
890 1801 1071 1842 Latinum,
1097 1800 1153 1835 sed

258 1852 415 1884 Graecum
428 1875 438 1882 .
467 1850 512 1884 Et
522 1851 567 1884 ita
580 1850 666 1885 luce't
677 1851 719 1885 eir
730 1851 866 1895 antiqua
878 1850 986 1885 Sancti
998 1849 1153 1895 Gregorii

258 1900 406 1943 picium,
433 1912 533 1945 quam
558 1901 705 1946 vulgavit
726 1901 837 1935 Frater
854 1899 1005 1946 Angelus
1014 1901 1152 1941 Rocca,

258 1949 444 1994 Episcopus
456 1951 680 1995 Tagastensis.
694 1951 849 1994 rIoannes
859 1962 928 1985 non
941 1949 1051 1985 scribit
1071 1950 1151 1985 fuis-

257 2000 293 2035 se
307 2000 499 2043 Byffiuum:
527 2001 582 2035 Sic
594 2002 685 2035 enim
704 2010 774 2035 non
797 2001 949 2046 potuisset
970 2001 1153 2047 significare

257 2057 359 2085 bvem
378 2051 539 2093 perditam
554 2076 561 2083 .
587 2051 705 2086 Scribit
717 2051 811 2085 fu'iffe
833 2051 990 2094 exbyffo
1012 2060 1152 2086 contex-

256 2111 356 2141 tum,
383 2100 417 2134 id
429 2099 498 2142 est,
525 2101 757 2135 intertextum.
784 2101 940 2137 Texturae
951 2101 1151 2136 funduserat

254 2150 424 2194 byssinus.
453 2150 559 2193 Cujus
569 2150 799 2196 singularitatis
822 2151 965 2185 radicem
987 2151 1127 2196 ignoro.
1193 2191 1198 2200 ι

257 2216 262 2219 >
310 2200 481 2236 Secundus
499 2203 588 2235 er‘ror
609 2200 655 2236 est
667 2224 680 2242 ‚
706 2200 796 2246 quod
817 2200 1051 2236 Acoemetensis
1074 2198 1151 2236 Μοέ

258 2250 383 2286 nachus
407 2251 528 2286 Felicis
548 2251 636 2286 tertii
661 2250 856 2287 sententiam
868 2252 1008 2285 affixerit
1019 2251 1151 2295 Episco-

256 2301 327 2345 pali
339 2301 445 2336 Pallio
465 2301 601 2336 Aeacii.
630 2301 693 2335 Est'
710 2301 760 2335 res
779 2301 901 2335 incerta
917 2325 934 2342 ,.
954 2300 1096 2343 ideoque
1115 2301 1152 2334 fi-

254 2361 304 2387 ne
319 2361 427 2385 errore
442 2362 510 2385 non
523 2350 619 2394 poffit
640 2351 805 2385 asseverari
819 2376 826 2383 .
853 2349 1004 2385 Dubium
1028 2351 1152 2385 faciunt

258 2398 333 2435 haec
345 2398 460 2434 verba:
486 2402 567 2435 Dum
576 2401 623 2434 ad
630 2399 807 2435 celebranda
818 2403 839 2434 5
839 2412 911 2435 acra
924 2401 1132 2443 ingrederetur
1140 2425 1149 2433 .

256 2450 418 2484 Dubium
444 2450 512 2491 est,
538 2462 580 2484 an
603 2460 704 2495 agant
722 2451 765 2485 de
786 2449 927 2485 solemni
942 2451 1151 2493 'processuex

259 2498 431 2535 Vestiario
441 2500 483 2534 ad
497 2499 631 2539 Altare,
656 2511 698 2533 an
715 2499 758 2534 de
777 2500 923 2544 processu
948 2498 967 2533 ὲ
985 2498 1090 2535 domo
1111 2499 1151 2535 ad

256 2551 439 2585 *Ecclesiam
450 2575 458 2582 .
485 2549 583 2585 Certe
596 2550 631 2584 in
642 2549 742 2594 priori
754 2552 898 2594 processu
907 2549 1052 2584 Diaconi
1065 2562 1153 2585 com·

261 2600 368 2635 binati
381 2600 508 2636 ducunt
520 2611 638 2645 agmen
650 2624 662 2641 ,
689 2600 871 2644 Episcopus
882 2600 968 2636 hinc>
986 2600 1066 2635 inde
1086 2602 1150 2636 suf·

261 2651 398 2685 fulcitur
421 2651 637 2692 aDiaconis,
660 2650 695 2684 &
718 2649 903 2694 Presbyteri
924 2650 1031 2693 ipsum
1050 2649 1152 2685 subse-

260 2710 408 2745 quuntur
428 2726 435 2733 .
474 2702 522 2735 Ita
543 2699 652 2735 scribit
673 2699 807 2735 Simeon
829 2698 1150 2734 Thessalonicensis.

263 2750 452 2798 Qomodo
464 2751 562 2795 igitur
574 2748 763 2787 Monachus
775 2750 929 2794 potuisset
935 2748 1034 2784 isthic
1045 2751 1151 2795 affige-

263 2811 299 2834 re
311 2799 458 2835 chartam
471 2800 579 2836 Pallio
594 2800 708 2835 Aeacii
721 2801 738 2833 .?
757 2800 806 2835 At
819 2799 896 2834 vero
909 2799 1068 2844 posterior
1080 2812 1151 2844 pro·

263 2850 362 2886 ceffio
372 2850 470 2886 fiebat
491 2863 569 2886 cum
588 2852 689 2885 unico
709 2850 867 2885 Diacono
883 2874 896 2891 ,
921 2850 1062 2893 ideoque
1080 2860 1148 2885 erat

263 2902 372 2945 aptior
381 2902 571 2940 affixionem
583 2901 754 2936 admittere
763 2923 770 2932 .
799 2900 904 2935 Porro
914 2911 995 2935 tunc
1007 2900 1150 2936 Aeacius

264 2962 333 2985 non
345 2962 412 2987 erat
422 2952 558 2986 indutus
572 2951 766 2996 Episcopale
786 2949 1022 2994 Omophorion
1038 2976 1047 2985 .

316 3002 488 3047 Qudquid
517 3003 578 3043 sit,
603 3001 793 3036 Graecorum
815 3000 1050 3045 omophorion
1086 3000 1149 3036 suit

266 3099 453 3133 Pelusiorae.
481 3101 525 3135 Et
543 3114 585 3136 ex
608 3104 695 3137 sexta
718 3100 884 3145 synodo,
910 3112 981 3145 quae
1001 3100 1148 3135 adversus

268 3148 455 3183 Macarium
479 3150 667 3185 Antiochiae
687 3150 907 3186 patriarcham
931 3150 1146 3185 exclamavit.-

266 3202 419 3231 Macarius
442 3201 595 3233 meritaab
618 3200 799 3243 Episcopatu
815 3202 977 3235 alienetur.
1003 3201 1146 3234 Nudetur

263 3246 458 3290 tircumpofito
470 3254 495 3280 ει·
506 3252 619 3283 Pallio.
649 3252 692 3284 Et
703 3251 798 3294 hujus
811 3252 908 3285 Pallii
919 3250 1087 3286 materiam
1112 3250 1145 3283 ὃ(

265 3300 405 3334 formam
426 3299 578 3339 exposuit
598 3300 632 3332 in
647 3300 822 3337 Relatione
839 3301 881 3336 ad
892 3301 1044 3335 Sanctum
1058 3301 1145 3344 Aga-

266 3347 403 3383 thonern
415 3347 611 3381 Pontificem
623 3362 633 3380 .-
661 3352 823 3382 Macarium
837 3351 1074 3392 Pastoritiapelle
1088 3361 1149 3385 me-.

266 3402 324 3431 rito
336 3399 560 3432 denudavimus.
589 3397 699 3431 Etiam
714 3398 754 3431 de
761 3400 882 3434 Sanrsto
895 3401 984 3444 Papa
994 3399 1142 3439 Silverio,

266 3447 345 3483 dum
371 3447 599 3494 degradaretur
615 3471 628 3490 ,
652 3447 764 3483 scribit
800 3449 882 3484 liber
917 3449 1143 3486 Pontificalis:

1240 702 1364 734 imerius
1375 725 1387 743 ‚
1414 703 1434 734 ἃ
1440 700 1553 744 summo
1572 700 1662 745 usque
1678 703 1812 748 deorsum
1825 731 1836 747 ‚
1861 705 2121 750 circumposuerunt

1233 749 1336 791 ferrea
1345 752 1467 785 vincula
1479 757 1510 784 in
1517 750 1656 795 sanciam
1668 753 1731 793 ejus
1741 765 1853 789 carnem
1866 781 1873 788 .
1901 758 2031 799 Nempe
2042 757 2119 790 loco

1237 800 1453 836 Sacerdotalis
1463 801 1561 836 Pallii
1575 827 1582 835 .
1608 802 1662 836 De
1674 804 1792 838 Sancto
1803 806 1883 840 item
1897 807 2031 852 Ignatio
2053 805 2119 840 Pa·-

1237 850 1374 885 triarcha
1397 851 1772 896 Constantinopolitano
1785 878 1797 895 ,
1823 855 1903 889 dum
1921 856 2119 902 Aegra-iabiu

1236 911 1309 942 tur,
1335 901 1447 937 scribit
1463 902 1598 937 Nicetas
1619 903 1815 949 Paphlago.-
1841 908 1997 948 Procopius
2021 912 2120 948 Hypo-r

1235 954 1385 984 Diaconus
1397 976 1408 993 ‚
1433 952 1561 985 ablato&
1575 953 1754 988 Patriarcba
1776 956 1895 996 Pallio,
1922 956 2054 999 vesteque
2075 967 2119 990 re-

1233 1002 1316 1043 liqua
1326 1000 1437 1044 sacra,
1458 1002 1695 1044 proclamabat-³
1710 1003 1856 1039 Pallium
1881 1017 1950 1040 erat
1971 1008 2118 1051 suprema

1231 1052 1382 1085 omnium
1403 1053 1561 1088 sacrarum
1583 1054 1720 1087 vestium
1740 1078 1748 1085 .
1782 1055 1862 1089 Erat
1884 1057 2121 1099 superpositum

1231 1100 1547 1137 Casulae.›Proinde
1568 1103 1682 1136 omnia
1702 1103 1760 1138 ista
1782 1103 1887 1139 Pallia
1908 1117 2117 1150 nequaquam

1229 1151 1359 1185 suerunt
1384 1152 1479 1194 plena
1506 1152 1694 1188 vestimenta
1707 1178 1718 1193 ‚
1743 1154 1796 1188 sed
1811 1155 1909 1198 pelles
1920 1157 2093 1199 pastoritiae
2104 1179 2119 1198 ,

1229 1199 1328 1234 laneae
1340 1200 1442 1235 fasciae
1456 1226 1464 1233 .
1492 1202 1606 1250 Qare
1631 1203 1666 1235 δε
1686 1203 1849 1243 Aeacius,
1874 1205 1954 1239 dum
1976 1205 2116 1242 celebra-

1226 1248 1281 1283 bat
1307 1250 1432 1284 Divina
1457 1274 1469 1290 ‚
1494 1250 1627 1294 gerebat
1649 1251 1743 1285 istam
1764 1253 1882 1295 pellem
1906 1277 1914 1285 .
1949 1254 1994 1287 Et
2012 1256 2116 1291 etiam

1224 1299 1292 1340 post
1307 1298 1436 1334 dorsum
1449 1299 1668 1344 propendebat
1689 1302 1788 1344 usque
1800 1301 1841 1335 ad
1854 1313 1945 1336 oram
1970 1302 2114 1338 Casulae.

1225 1348 1329 1383 Unde
1355 1350 1389 1384 ὅ(
1410 1350 1450 1384 ad
1462 1351 1566 1394 ipsam
1587 1349 1778 1386 Monachus
1794 1354 1902 1395 potuit
1923 1353 2012 1387 suam
2026 1352 2115 1389 cbar-

1222 1409 1288 1434 tam
1308 1400 1460 1444 affigere.
1487 1400 1544 1433 Est
1567 1411 1677 1435 tamen
1700 1413 1749 1436 res
1774 1401 1896 1437 incerta
1910 1428 1917 1436 .
1943 1404 2112 1440 incertum

1221 1449 1292 1489 est,
1316 1460 1358 1485 an
1381 1449 1496 1484 affixio
1507 1451 1544 1484 sit
1567 1450 1650 1485 facta
1670 1450 1753 1486 intra
1779 1451 1976 1487 Ecclesiam.
2003 1454 2112 1501 Qid-

1219 1498 1299 1541 quid
1319 1499 1379 1538 fit,
1404 1498 1483 1539 isti,
1510 1499 1708 1544 Episcopum
1734 1500 1827 1544 plene
1850 1502 2023 1543 vestienti,
2048 1504 2114 1538 lm.

1221 1547 1333 1591 periali
1354 1547 1463 1582 Pallio
1484 1549 1575 1584 nulla
1597 1550 1789 1596 suffragatur
1807 1550 1987 1587 authoritas
2000 1576 2021 1593 ,.
2037 1553 2111 1589 nul·,

1220 1598 1289 1632 lum
1309 1598 1559 1639 testimonium,
1587 1600 1680 1635 nulla
1713 1601 1848 1646 antiqua
1870 1603 2011 1646 pistura,
2035 1603 2111 1640 nui.-

1219 1649 1288 1683 lum
1300 1648 1475 1683 musivum.
1502 1650 1559 1683 Est
1572 1648 1758 1685 hesternum
1792 1652 2006 1696 figmentum.

1231 1770 2102 1810 -ss—„ss—-ssss

1367 1878 1722 1928 CAPUT
1790 1861 1983 1928 νΙΙΙ.11

1215 2020 1278 2066 An
1301 2007 1465 2085 filtrum
1490 2015 1898 2088 Archi-Epifioporum
1933 2017 2104 2068 Pallium

1375 2088 1432 2153 stt
1467 2088 1662 2156 Imperiale
1695 2095 1847 2137 Donum
1882 2109 1930 2137 ac

1527 2157 1784 2224 Beneficium}

1310 2297 1454 2333 Ominus
1467 2296 1766 2343 Archi-Episcopus
1777 2299 1915 2334 affirmat
1929 2312 1939 2333 :
1966 2302 2101 2335 Alterum

1334 2349 1412 2391 quod
1432 2350 1509 2383 mibi
1528 2347 1691 2393 observaeffe
1713 2351 1817 2384 videor
1828 2359 1933 2383 notatu
1952 2353 2075 2394 dignum
2086 2374 2100 2391 ,

1212 2399 1317 2439 nempe*
1329 2399 1461 2433 Pallium
1470 2401 1624 2443 effegenus
1635 2400 1783 2443 quoddam
1802 2402 1989 2440 Imperatori}
2009 2401 2103 2434 iudu-

1212 2453 1307 2481 menti
1315 2471 1326 2488 ,
1352 2450 1436 2488 cujus
1453 2448 1536 2492 usum
1554 2452 1752 2490 Imperatores
1771 2448 1933 2495 permisere
1961 2452 2099 2483 Patriar·

1211 2496 1274 2529 cbis
1288 2521 1299 2536 ‚
1319 2503 1426 2539 prima
1438 2498 1545 2541 fronte
1565 2499 1665 2532 videri
1683 2499 1776 2542 poffet
1796 2501 1932 2533 audactae
1950 2502 2096 2541 plenum,

1212 2546 1462 2592 nififidey‘uffores
1473 2555 1597 2591 optimos
1606 2549 1726 2583 darem.
1753 2549 1881 2590 Ecclefia
1893 2560 2020 2590 namque
2039 2553 2109 2594 Ro-¹

1212 2607 1303 2633 mana
1312 2603 1359 2632 ita
1372 2598 1424 2641 effe
1428 2598 1552 2640 fatetur
1563 2621 1575 2638 ,
1599 2610 1667 2640 quae
1681 2599 1867 2639 Constantini
1888 2600 2096 2639 donationem,

1211 2647 1263 2680 ubi
1279 2645 1425 2690 scriptum
1445 2648 1483 2690 est
1496 2650 1627 2684 uallium
1645 2651 1778 2683 Romano
1794 2649 1930 2691 Pontifici
1950 2649 2095 2698 tributum

1211 2697 1345 2742 beneficio
1361 2697 1444 2740 istius
1455 2702 1646 2741 Imperatoris
1658 2724 1669 2739 ,
1697 2703 1821 2734 Decreta
1842 2703 1986 2732 Gratiani
2005 2697 2094 2742 insw

1212 2756 1275 2781 taem
1282 2746 1411 2791 suftepit
1423 2774 1430 2781 .
1460 2750 1600 2791 Assentior
1607 2750 1701 2792 plan?
1712 2755 1791 2784 viris
1799 2750 1923 2783 eruditis
1932 2773 1944 2789 ,
1968 2754 2021 2792 qui
2035 2750 2096 2785 do-

1211 2803 1361 2831 nationem
1374 2799 1460 2832 illam
1464 2798 1541 2842 falfi
1546 2808 1697 2844 arguunt,
1724 2811 1756 2833 eo
1765 2805 1797 2832 in
1809 2804 1919 2841 primis
1937 2810 2093 2842 argumen-

1211 2856 1242 2883 to
1251 2870 1263 2888 ,
1289 2850 1371 2890 quod
1376 2851 1397 2882 a=
1406 2849 1598 2890 Constantino
1606 2849 1752 2894 effefaHa
1765 2850 1872 2882 dicitur
1878 2869 1887 2879 .
1915 2850 2092 2882 Fatendum

1211 2897 1247 2937 est
1257 2897 1446 2932 nibilominus
1457 2910 1544 2934 vetus
1556 2901 1609 2943 effe
1632 2904 1837 2932 monimentum
1856 2899 1954 2937 illud,
1981 2900 2016 2932 (Β
2036 2909 2093 2931 an-

1210 2947 1338 2983 tecedere
1359 2958 1493 2994 tempora
1513 2951 1613 2994 Caroli
1635 2949 1747 2988 Cale,
1772 2950 1876 2981 contra*
1886 2949 1979 2990 qudm
1991 2946 2090 2990 vistim

1210 2997 1300 3040 estjis
1309 3023 1322 3041 ,
1347 3006 1396 3043 qui
1408 3006 1619 3043 antiquitatem
1629 3003 1657 3032 ei
1666 3002 1834 3031 maximam
1850 2998 1976 3032 tribuere
1993 2997 2097 3040 existi--

1208 3055 1295 3082 mant
1303 3074 1316 3091 ‚
1341 3061 1406 3084 cum
1411 3052 1481 3092 jam
1491 3055 1523 3082 in
1534 3059 1632 3082 rerum
1643 3056 1752 3082 natura
1753 3048 1852 3088 fuerit
1872 3060 1939 3082 aevo
1958 3049 2088 3082 Adriani

1202 3103 1298 3140 primi
1310 3123 1322 3139 ,
1347 3100 1495 3134 &Caroli
1507 3101 1613 3141 Magni
1625 3122 1633 3130 .
1657 3099 1765 3139 Sufficit
1781 3105 1814 3132 in
1831 3097 2085 3141 presentiarum,

1205 3149 1284 3189 quod
1292 3150 1411 3182 donatio
1422 3149 1474 3182 illa
1486 3171 1498 3187 ,
1523 3150 1607 3188 eujus
1620 3147 1788 3182 authoritas
1803 3148 1920 3192 semper
1936 3153 2033 3193 viguit
2051 3153 2085 3179 in

1203 3201 1342 3231 Romana
1357 3197 1482 3240 Ecclesia
1491 3221 1503 3238 ,
1528 3198 1617 3231 donec
1628 3197 1736 3231 techna
1747 3198 1801 3239 ista
1813 3199 1931 3232 detedla
1949 3198 2006 3238 est,
2030 3201 2085 3228 orl-

1198 3251 1298 3291 ginem
1320 3249 1412 3281 Pallii
1434 3246 1539 3280 tribuit
1554 3247 1800 3290 imperatoribus.
1827 3250 1868 3282 Id
1885 3253 1964 3282 enim
1972 3244 2082 3287 probat

1195 3308 1272 3333 eam·
1286 3297 1461 3340 obsingentos
1480 3306 1538 3339 per
1561 3310 1658 3332 annos
1678 3299 1832 3342 invaluiffe
1840 3302 2015 3340 opinionem,
2045 3297 2081 3328 (5

1201 3346 1235 3381 ob
1258 3345 1309 3380 boc
1328 3346 1426 3389 ipsum
1450 3354 1507 3380 non
1514 3348 1589 3391 posse
1609 3355 1695 3392 argui
1705 3351 1871 3383 novitatis.
1899 3349 1968 3378 Arte
1977 3354 2079 3378 tamen

1202 3397 1332 3439 quadam
1343 3421 1354 3437 ,
1379 3399 1413 3431 (θ’
1438 3398 1582 3438 industria
1602 3400 1674 3440 opus
1689 3398 1728 3438 est
1740 3422 1752 3438 ‚
1776 3406 1810 3431 ut
1821 3396 1950 3429 Polliam
1968 3401 2000 3428 in
2022 3393 2078 3427 hac

1201 3449 1358 3483 donatione
1369 3447 1549 3490 deprehendi
1561 3449 1660 3491 poffit:
1689 3446 1862 3483 Existimat
1881 3443 2078 3528 depregendi

1932 3507 1968 3530 m
2005 3505 2031 3529 is
