2326 3718
330 169 423 215 350

748 166 815 197 DE
853 152 1118 197 Romam
1157 153 1616 195 APPELLATIONE

256 243 339 283 ‚Sedis
347 242 541 282 judiciumin
550 236 800 281 fideiolefinitione
814 237 974 280 firmavit,
1002 245 1053 266 nec
1067 236 1144 268 circii
1202 241 1340 277 recipiat.
1372 236 1583 279 Compendio
1604 234 1672 269 haec
1697 234 1833 271 illustrat
1853 235 1887 272 in
1916 238 2084 274 Breviario

255 290 429 333 cujusqucim
454 289 602 329 vestrum,
629 293 679 330 qui
691 287 833 330 nobiscum
840 297 894 329 pro
916 283 1066 316 Catholica
1084 285 1144 328 fide

255 340 421 380 laborastis,
426 338 581 382 personam
592 340 755 381 quidquem
765 336 917 379 reprobum
930 336 1028 367 videri
1035 339 1143 375 permi-

249 391 292 434 fio
309 414 316 422 .
350 393 435 433 ,Quia
455 402 507 423 nec
522 397 640 432 poterat
659 414 669 429 ‚
698 391 813 429 Spiritu
834 385 939 417 santio
957 386 1117 426 judicante
1135 408 1145 423 ,

256 440 411 484 quisqucim
436 452 473 473 ex
484 446 525 474 eis
546 450 601 473 non
621 437 713 472 villar
723 441 804 468 exire
817 459 828 474 ,
854 446 977 477 quorum
990 436 1058 475 jam
1069 441 1146 468 vice-

256 501 306 525 rat
324 492 417 534 fides.
447 492 556 525 Docet
580 490 686 532 plura.
718 484 852 525 Primo,
881 485 971 529 quod
995 484 1144 528 Aposto-

257 542 318 576 lica
341 540 439 575 Sedes
458 539 713 573 Theodoretum
747 534 891 579 probarit
925 547 962 569 ac
994 534 1144 577 judicarit

255 592 418 627 mundum
443 590 483 624 ab
505 584 739 623 omnimacula
756 586 919 620 haeresios.
948 585 1079 628 Nempe
1090 595 1162 628 per'

254 641 537 677 interlocutoriam
561 636 755 671 sententiam
776 661 788 678 ,
814 647 878 679 qua
902 635 1077 679 spoliatum
1102 647 1147 669 re-

254 691 360 731 ssituit
375 715 386 731 ‚
411 701 449 723 ac
470 689 511 722 de
538 688 740 731 Episcopatu
754 686 918 721 revestivit
934 710 941 717 .
970 683 1145 726 Secundo,

253 741 346 786 quod
369 739 564 782 Apostolica
587 738 688 771 Sedes
707 738 810 781 ipsum
825 735 968 770 omnino
982 735 1146 770 revestive·

253 793 299 828 xit
312 816 319 823 .
348 790 391 823 Et
413 789 546 833 quidem
560 800 613 833 per
626 799 765 833 magnos
778 788 904 821 labores
917 811 924 818 .
952 786 1083 830 Nempe
1100 786 1145 820 ob

256 840 556 876 contradicentium
570 838 753 883 potentiam
765 837 1145 871 &contumaciam.Ter-

257 891 304 926 tio
316 917 324 931 ‚
349 891 438 934 quod
452 890 535 924 istud
547 890 659 924 fecerit
672 901 726 932 per
737 888 897 932 judicium
908 912 915 920 .
946 886 1079 931 Nempe
1091 897 1146 930 per

257 940 539 975 interlocutoriam
561 941 756 974 sententiam
780 937 988 973 admittendo
1011 937 1078 980 ejus
1095 949 1145 982 ap-

256 992 467 1036 pellationem
489 1016 499 1031 ‚
526 992 574 1024 illi
599 989 711 1024 dando
735 989 949 1033 suspensivum
971 987 1120 1022 effectum
1136 1012 1146 1028 ,

257 1055 295 1076 ac
307 1042 526 1086 appellantem
540 1066 550 1080 ,
577 1052 644 1085 quo
655 1052 798 1074 armatus
821 1040 855 1073 in
868 1039 1089 1074 tetradiatorio
1099 1038 1144 1082 ju-

254 1087 347 1126 dicio
368 1092 526 1135 congredi
549 1093 672 1134 posset,
702 1092 735 1124 in
751 1088 1146 1134 Episcopalisdignitatis

256 1144 367 1178 locum
396 1142 596 1176 restituendo
622 1167 629 1174 .
654 1141 785 1187 Qarto
805 1165 815 1180 ‚
842 1140 932 1184 quod
954 1138 1144 1174 Chalcedo-

249 1195 361 1231 nensis
382 1191 536 1236 synodus
558 1192 754 1236 appellatam
782 1189 990 1225 Theodoreti
1014 1190 1142 1224 causam

255 1242 352 1287 plene
372 1243 608 1282 retractaverit,
634 1253 673 1275 ac
695 1241 982 1275 interlocutoriurn
1004 1238 1157 1281 Apono--

255 1295 324 1329 licae
335 1292 596 1335 Sedisjudicium
614 1290 877 1328 confirmaverit,
904 1298 941 1320 ac
964 1287 1144 1322 traduxerit

256 1346 291 1379 in
306 1343 516 1377 definitivum
530 1365 537 1372 .
564 1338 698 1386 Quint&
710 1363 720 1378 ,
748 1338 838 1382 quod
849 1336 977 1371 laudata
990 1337 1145 1381 synodus

256 1392 341 1428 istud
353 1393 465 1425 fecerit
478 1402 546 1425 non
562 1391 646 1424 circa
658 1389 764 1423 solum
785 1386 1041 1423 Theodoretum
1053 1412 1064 1430 ,
1091 1388 1143 1423 sed

257 1445 357 1479 etiam
369 1441 452 1476 circa
464 1441 561 1475 alios.

307 1492 536 1528 Diffinitivam
561 1489 839 1526 Chalcedonensis
870 1488 997 1532 Synodi
1019 1489 1144 1523 senten-

257 1546 337 1579 tiam
352 1552 573 1584 conceperunt
587 1540 796 1575 Paschasinus
807 1538 1024 1583 Lilybetanus
1035 1564 1045 1580 ,
1074 1539 1145 1574 Lu-

257 1595 386 1630 centius
408 1594 611 1633 Esculanus,
638 1591 836 1634 aclulianus
858 1590 994 1625 coensis
1014 1589 1146 1632 Episco-

257 1658 317 1688 pus
328 1669 339 1685 ,
366 1655 427 1677 nec
440 1655 505 1676 non
523 1642 713 1676 Bonifacius
725 1641 888 1676 Romanae
899 1640 1046 1674 Ecclesiae
1058 1638 1146 1674 Pres-

258 1694 371 1738 byter,
398 1694 514 1739 Legati
530 1692 649 1737 Magni
663 1691 784 1726 Leonis
803 1716 814 1734 ,
840 1693 873 1726 &
887 1690 1145 1734 pronunciarunt

258 1746 323 1780 hoc
346 1755 480 1780 tenore:
510 1743 748 1778 Sanctiffimum
769 1755 807 1775 ac
829 1741 1047 1776 venerabilem
1071 1740 1141 1784 Epi·

258 1799 395 1839 stopum
407 1794 620 1828 Theodoretum
637 1796 656 1826 5
660 1792 832 1835 anlliffimus
846 1804 880 1826 ac
891 1791 1072 1832 Beatissimus
1083 1796 1146 1823 uni-

258 1845 356 1890 versae
370 1844 501 1886 Ecclesi'ae
514 1843 680 1887 Episcopus
693 1844 775 1876 urbis
796 1846 897 1875 Romae
910 1846 967 1875 Leo
980 1842 1093 1875 dudum
1112 1846 1146 1874 in

258 1904 487 1931 communionem
496 1893 622 1938 suscepit
633 1896 678 1927 itti
689 1918 699 1933 ,
720 1893 791 1935 ficut
802 1895 915 1926 litterae
933 1893 970 1924 ab
983 1904 1015 1925 eo
1036 1893 1080 1924 ad
1092 1903 1146 1924 no-

252 1948 350 1990 stram
375 1948 583 1982 Humilitatem
593 1943 882 1982 direc‘laetestantur.
908 1944 938 1972 51
948 1947 1038 1983 igitur
1055 1939 1147 1979 fidem

259 1997 448 2031 Catholicam
471 2020 481 2036 ‚
519 2003 574 2027 icut
591 1996 742 2035 promittit
766 2014 776 2031 ,
802 1992 836 2024 (a
858 1990 1016 2030 secundum
1032 1990 1145 2030 praedi·

258 2047 337 2081 oium
349 2050 388 2078 Β.
417 2043 595 2086 Episcopum
613 2039 858 2084 subscriptionem
880 2043 1041 2079 inproprie
1050 2038 1148 2070 libello

252 2099 369 2139 ‘direxit
380 2120 390 2136 ‚
418 2096 452 2128 (5
471 2092 573 2133 nostrae
585 2089 701 2133 insuper
719 2090 892 2124 Humilitati
915 2088 974 2120 alio
987 2088 1058 2119 dato
1067 2085 1147 2119 libel-

258 2149 286 2183 lo
298 2144 474 2187 monstravit
484 2166 496 2183 ,
509 2142 647 2186 quoniam
660 2141 692 2173 (⁸2⁴
703 2138 872 2179 Nestorium
885 2139 918 2172 Θ
929 2136 1079 2176 Eutychen
1092 2148 1149 2169 non

253 2197 350 2244 solum
375 2198 487 2237 Scripta
500 2219 510 2235 ,
532 2191 590 2236 sed
610 2187 706 2233 &sub
723 2187 885 2231 praesentia
895 2194 987 2221 totius
1001 2185 1149 2228 Confessus

259 2260 305 2283 ore
314 2252 434 2292 proprio
445 2243 723 2278 anathematizavit
738 2264 749 2280 ,
775 2239 946 2279 hocjudicio
969 2238 1150 2277 Sanllffima

261 2311 296 2333 tic
319 2296 568 2335 Venerandiffima
589 2292 715 2331 synodus
726 2315 735 2330 ‚
761 2287 878 2332 insuper
900 2291 972 2321 vero
997 2289 1031 2321 Θ
1056 2287 1150 2327 nostra

262 2350 425 2384 Humilitas
457 2345 545 2386 reddi
568 2347 594 2375 ei
625 2339 782 2380 Ecclefiam
808 2343 963 2380 propriam
990 2335 1149 2377 definivit.

263 2398 437 2434 Maximus
449 2391 638 2429 Antiochia:
661 2387 847 2423 patriarcha
863 2389 919 2422 suo
930 2387 1084 2430 suffragio
1097 2386 1150 2420 ad·

262 2447 346 2483 didit
359 2462 369 2481 :
398 2445 520 2478 Dudum
542 2443 762 2482 &Eprincipio
773 2439 1054 2477 Reverendiffimum
1075 2440 1151 2478 Epi-

258 2499 376 2544 scopum
397 2495 606 2528 Theodoretum
623 2494 691 2523 novi
712 2488 918 2528 catholicum,
946 2488 1073 2520 audiens
1096 2489 1151 2520 do-

263 2552 392 2584 c‘lrinam
413 2547 475 2588 ejus
500 2551 531 2577 in
551 2544 600 2576 55.
625 2538 748 2581 Ecclesia
770 2564 776 2571 .
805 2537 1019 2573 Antiochena
1043 2562 1051 2569 .
1079 2537 1153 2571 Illic

262 2601 353 2635 enim
372 2595 609 2631 Theodoretus
629 2589 689 2625 sub
709 2590 810 2624 tribus
823 2586 994 2622 successive
1017 2587 1153 2622 Patriar-

262 2649 356 2691 chis,
381 2643 748 2690 Theodoto,Joanne‚
773 2651 811 2673 ac
822 2641 985 2677 Domno‚
1012 2639 1155 2682 frequen-

264 2699 382 2736 tissime
403 2700 505 2732 fuerat
516 2697 735 2729 concionatus
749 2715 759 2731 ‚
786 2691 819 2724 &
842 2692 859 2723 a
876 2688 1050 2729 Maximo,
1077 2699 1156 2722 tunc

267 2750 399 2787 Abbate
412 2757 468 2781 aut
489 2743 662 2780 Monacho
676 2768 687 2784 ,
711 2739 861 2776 auditus.
889 2739 932 2772 Et
956 2738 1100 2772 Maximi
1114 2750 1155 2772 te·

268 2799 464 2836 stimonium
476 2807 541 2831 etat
562 2794 679 2829 summi
710 2790 884 2836 ponderis:
912 2789 1045 2831 Semper
1067 2790 1157 2823 enim

270 2852 326 2886 ille
339 2852 442 2885 fuerat
453 2847 626 2882 acerrimus
639 2842 851 2879 Adversarius
865 2839 1139 2873 Nestorianorum
1153 2864 1159 2870 .

271 2900 508 2936 Theodoretus
553 2894 724 2938 nunquam
771 2891 899 2926 dixerat
935 2890 1018 2923 duos
1053 2890 1159 2923 filios.

274 2953 378 2986 Erant
397 2946 586 2984 consutaein
601 2947 705 2989 ipsum
716 2942 886 2977 calumniae
899 2952 952 2983 per
972 2940 1163 2974 Fafflonem

275 3001 431 3036 Dioscori
444 3011 480 3033 ac
494 2996 690 3040 Eutychetis
702 3018 710 3026 .
738 2994 833 3026 Hinc
848 2992 932 3024 iliud
948 2989 1164 3034 Apostolico-

277 3063 348 3085 rum
360 3053 559 3097 Legatorum
571 3046 730 3090 judicium
743 3042 896 3087 singulari
912 3041 1065 3084 suffragio
1088 3051 1165 3074 con·

279 3103 449 3135 firmarunt
471 3109 587 3134 omnes
619 3095 748 3139 Synodi
770 3094 930 3127 Primates
951 3116 962 3132 ,
995 3092 1029 3125 &
1051 3101 1166 3124 omnes

281 3150 414 3184 tandem
435 3147 589 3192 Episcopi
613 3148 857 3179 exclamarunt.-
885 3149 945 3177 Hoc
959 3141 1073 3183 justum
1084 3143 1166 3182 judi-

281 3208 358 3235 cium
379 3224 389 3238 ,
416 3199 476 3231 haec
489 3199 571 3239 justa
595 3195 742 3240 sententia
765 3219 776 3234 ,
802 3193 853 3225 hoc
873 3190 981 3232 christi
994 3193 1161 3233 judicium.

283 3257 339 3284 His
364 3251 397 3283 6
415 3259 463 3280 nos
487 3247 697 3290 consentimus.
725 3250 796 3277 Haec
819 3253 916 3275 omnes
937 3244 1062 3274 dicimus
1083 3265 1090 3272 .
1121 3241 1162 3274 Et

282 3297 501 3346 gloriosissimi
537 3298 660 3338 ludices
685 3296 837 3329 miserunt
857 3294 889 3325 in
914 3291 1161 3326 executionem:

284 3351 477 3386 Theodoram
500 3348 547 3379 55.
573 3345 737 3388 Episcopus
759 3341 919 3384 Ecclesiam
941 3347 1078 3376 civitatis
1094 3344 1176 3386 Cyrig

1170 3390 1178 3492 i

1203 286 1374 319 Liberatus
1398 286 1586 321 Diaconus:
1615 286 1773 320 celebrata
1805 286 1842 326 es}
1853 289 1953 330 Δᾶῐο,
1979 296 2086 332 inqua

1202 335 1399 369 Theodoretus
1423 335 1587 379 Episcopus
1613 340 1703 376 Cyri,
1729 347 1815 378 quem
1838 337 1987 380 Dioscorus
1999 348 2090 381 expu-

1201 386 1277 418 lerat
1296 410 1307 427 ‚
1334 385 1524 420 Orthodoxus
1554 388 1710 430 ‚iudicatus
1731 386 1769 427 est
1791 411 1803 428 ,
1828 388 1863 421 et
1885 388 1994 431 dignus
2015 391 2073 425 sed

1196 435 1274 480 sua.
2053 461 2055 463 ,

1252 485 1453 530 Apostolicae
1474 486 1666 532 Legationis
1693 486 1883 532 suffragium
1905 485 2006 522 docet
2030 497 2090 525 nm

1207 537 1288 570 varia
1301 562 1308 569 .
1337 536 1452 570 Primo
1465 562 1476 577 ‚
1502 536 1591 580 quod
1602 538 1733 572 sancius
1745 539 1817 572 Leo
1834 536 2092 572 Theodoretum

1206 586 1328 621 dudum
1351 595 1427 620 ante
1450 585 1756 622 Chalcedonensem
1769 587 1944 631 Synodum
1963 588 2096 632 recepis-

1206 637 1296 671 setin
1310 637 1358 670 sui
1371 637 1490 682 gradus
1500 638 1772 672 communionem
1786 663 1797 679 ,
1823 639 1879 672 seu
1900 638 1942 673 de
1962 638 2096 682 Episco-

1206 697 1280 729 patu
1304 688 1491 721 revestiisset
1504 713 1511 720 .
1539 687 1685 722 Forsitan
1698 688 1733 722 in
1747 689 1851 731 prima
1865 689 1920 722 sua
1941 689 2013 732 post
2033 688 2097 722 Le-

1205 748 1356 781 gatorutn
1379 749 1420 772 ex
1443 738 1608 782 Ephefino
1632 738 1990 774 Latrociniovreditum
2015 739 2098 772 cele-

1206 788 1294 822 brata
1321 788 1480 831 Synodo-.
1508 787 1683 829 Secundo,
1708 788 1804 832 quo'd⁸
1820 789 1895 823 Leo
1913 788 2100 823 Chalcedo-

1207 850 1278 872 nem
1315 839 1357 872 ad
1380 839 1453 872 suos
1480 838 1626 884 Legatos
1662 838 1872 873 transmiserit
1898 837 2097 873 Mandatum

1206 900 1242 922 ac
1267 888 1518 923 instructionem
1532 913 1542 929 ‚
1567 888 1658 932 juxta
1681 900 1750 933 quae
1771 888 1903 924 volebat
1922 889 2098 924 fieriretra-

1206 939 1379 974 statorium
1407 963 1418 979 ,
1458 938 1668 974 Theodoreti
1703 937 1864 982 judicium
1903 963 1912 973 .
1949 937 2071 973 Tertio
2087 962 2099 978 ,

1206 989 1294 1033 quod
1323 989 1579 1024 Chalcedonesis
1601 989 1755 1033 Synodus
1778 988 1866 1024 hanc
1879 990 2010 1024 causam
2028 1000 2098 1023 non

1206 1040 1446 1079 retractaverit,
1472 1039 1531 1074 nisi
1554 1052 1596 1074 ex
1623 1039 1847 1085 Delegatione
1874 1040 1910 1074 &
1930 1039 2098 1074 Mandato

1183 1100 1185 1104 ’
1206 1090 1346 1124 Leonis.
1377 1090 1470 1124 Tota
1491 1090 1582 1124 enirn
1596 1092 1703 1124 causae
1719 1089 1959 1124 administratio
1970 1089 2101 1133 privati-

1206 1139 1242 1172 ve
1253 1138 1460 1182 speciabaead
1472 1141 1578 1182 ipsum
1592 1165 1599 1172 .
1617 1140 1671 1173 :Et
1685 1141 1751 1182 ipse
1761 1150 1834 1173 earn
1851 1141 1911 1174 suo
1933 1139 2100 1183 rapientis·

1204 1189 1284 1222 fimo
1307 1187 1524 1231 Beneplacito
1549 1188 1645 1223 duxit
1671 1189 1891 1233 delegandam
1916 1188 2100 1224 Chalcedo-

1209 1238 1293 1271 nensi
1318 1262 1330 1278 ,
1355 1237 1446 1281 qnod
1467 1249 1547 1272 tunc
1587 1238 1728 1272 instabat
1752 1262 1764 1278 ,
1790 1236 1948 1271 Concilio
1968 1255 1987 1268 .<
2002 1237 2099 1281 Juxu‘t

1207 1289 1364 1323 canones
1386 1288 1607 1323 Sardicenses.
1633 1288 1766 1336 Qarto
1784 1312 1796 1329 ,
1822 1287 1913 1331 quod
1935 1285 2101 1321 Theodo·

1208 1349 1293 1374 retus
1317 1350 1372 1382 per
1391 1339 1505 1373 omnia
1525 1337 1687 1372 obediens
1709 1337 1895 1382 procefferit
1917 1337 2098 1377 secundum

1209 1388 1391 1432 praediRum
1413 1389 1552 1423 Beatum
1577 1389 1775 1432 Episcopum
1796 1412 1805 1420 .
1830 1386 2018 1422 Secundum
2041 1387 2100 1420 Be-

1210 1439 1371 1483 neplacita
1393 1439 1427 1472 &
1453 1438 1615 1473 Mandata
1643 1438 1919 1483 MagniLeonis.
1947 1436 2098 1486 Qinto,

1203 1489 1295 1531 quod
1316 1490 1451 1525 Sanctus
1471 1490 1562 1529 Leo,
1589 1488 1738 1533 adeoque
1760 1489 1919 1522 &omnis
1940 1486 2100 1521 Pontifex

1207 1540 1244 1573 sit
1268 1550 1337 1573 non
1360 1539 1459 1573 solius
1483 1539 1600 1573 Romae
1625 1539 1806 1582 Episcopus
1829 1563 1839 1579 ,
1865 1538 1919 1572 sed
1943 1537 2100 1571 universe

1209 1590 1336 1634 insuper
1358 1589 1526 1624 Ecclesiae.
1556 1589 1594 1622 ln
1608 1590 1753 1633 antiquis
1774 1589 1986 1631 Synodorum
2007 1586 2101 1621 Astis

1207 1639 1365 1675 Pontifex
1391 1640 1503 1682 paffim
1528 1639 1717 1674 inscribitur
1739 1637 1905 1682 Episcopus
1937 1637 2100 1671 catholica

1208 1690 1341 1732 Ecclefiae
1367 1691 1448 1723 urbis
1470 1694 1589 1723 Romae.
1617 1690 1767 1737 Qidam
1789 1690 1922 1723 censent
1955 1687 2100 1731 intelligi

1210 1742 1309 1775 solam
1321 1740 1408 1774 urbis
1422 1740 1595 1774 Ecclesiam
1609 1764 1616 1772 .
1646 1741 1689 1774 Et
1704 1741 1762 1774 suo
1773 1739 1941 1774 intellectu
1959 1738 2100 1772 abutun-

1207 1803 1276 1825 tur.
1307 1790 1483 1837 Qiidquid
1498 1791 1552 1830 sit,
1582 1791 1653 1825 Leo
1666 1788 1720 1824 hic
1731 1789 1960 1824 inscribitur&
1976 1789 2100 1822 Roma-

1209 1854 1256 1876 nae
1272 1840 1360 1875 urbis
1385 1842 1584 1885 Episcopus,
1611 1841 1644 1874 &
1666 1841 1819 1874 universe,
1842 1838 2011 1872 Ecclesiae.
2040 1837 2100 1871 Ea-

1207 1892 1329 1926 demin
1354 1891 1492 1934 synodo
1513 1890 1692 1933 appellatur
1711 1889 1877 1932 Episcopus
1898 1886 2077 1930 universalis
2091 1910 2101 1920 .

1208 1941 1334 1974 Verum
1358 1939 1449 1982 quod
1470 1941 1661 1972 recusaverit
1684 1939 1816 1971 invidiae
1836 1937 2023 1971 obnoxium
2046 1946 2101 1969 vo-

1206 1989 1388 2030 cabulum,
1414 1986 1547 2022 tenatur
1569 1987 1716 2032 Magnus
1745 1987 1947 2032 Gregorius.

1256 2037 1362 2071 Porro
1376 2038 1462 2070 inter
1484 2038 1567 2070 alios
1586 2036 1627 2068 ab
1641 2036 1804 2078 Ephefino
1827 2036 2022 2070 Latrocinio
2044 2035 2101 2070 dc-

1208 2086 1366 2132 gradatos
1383 2085 1565 2129 Episcopus
1579 2109 1590 2126 ,
1615 2096 1698 2128 quos
1719 2085 1761 2119 ad
1774 2086 1805 2118 se
1817 2084 2011 2128 appellasse,
2037 2084 2101 2120 ase

1208 2137 1399 2177 revestitos,
1424 2147 1466 2170 ac
1485 2136 1504 2170 a
1521 2134 1781 2170 chalcedonensi
1795 2135 1934 2178 Synodo
1956 2135 2050 2168 fuisse
2059 2146 2103 2169 ex

1210 2189 1341 2231 integro
1359 2196 1523 2229 reparatos
1545 2185 1665 2228 scripfit
1689 2186 1731 2219 ad
1743 2185 2000 2220 Theodoretum
2021 2185 2102 2219 Ma-

1214 2249 1301 2282 gnus
1316 2236 1409 2275 Leo,
1436 2236 1500 2270 fuit
1523 2233 1718 2280 Eutychetis
1739 2235 1921 2270 Accusator
1943 2235 2101 2269 Eusebius

1213 2287 1448 2330 Dorylaeensis.
1475 2287 1530 2319 De
1541 2285 1609 2328 ipso
1631 2284 1720 2318 idem
1744 2285 1902 2318 Pontifex
1928 2285 2047 2326 scripsit
2058 2284 2101 2319 ad

1213 2339 1361 2372 Sanctam
1384 2335 1628 2378 Imperatricem
1652 2332 1883 2368 Pulcheriam:
1912 2334 1997 2377 ,Quid
2018 2340 2103 2368 novd-

1213 2399 1276 2421 mus
1295 2411 1306 2427 ,
1332 2395 1478 2428 quantum
1490 2390 1551 2426 plae
1560 2382 1772 2426 sollicitudinis
1783 2381 1947 2417 Catholicis
1964 2385 2102 2417 Sacerdo-

1215 2439 1294 2471 tibus
1307 2434 1502 2478 Mansuetudo
1512 2434 1611 2475 vestra
1622 2435 1762 2477 dignetur
1773 2435 1945 2476 impendere
1966 2435 2102 2467 indican-

1216 2490 1287 2521 dum
1297 2487 1347 2529 effe
1362 2491 1535 2519 curavimus
1550 2488 1693 2518 Fratrem
1714 2486 1747 2519 (ν
1760 2481 1992 2526 CoEpiscopum
2004 2495 2102 2528 mem

1215 2536 1371 2581 Eusebium
1389 2534 1534 2578 nobiscum
1557 2536 1659 2578 degere
1676 2559 1687 2574 ‚
1717 2537 1752 2568 (9·
1767 2534 1871 2575 noslrae
1893 2539 2104 2568 communionis

1218 2589 1268 2632 esse
1279 2583 1436 2630 consortem
1451 2610 1462 2626 ,
1472 2587 1555 2627 cujus
1565 2586 1802 2619 commendamus
1814 2583 1972 2626 Ecclefiam
1984 2607 1994 2624 ,
2012 2590 2104 2627 quan

1220 2642 1328 2672 dicitur
1348 2636 1486 2677 vastare,
1511 2641 1563 2678 qui
1585 2637 1630 2668 illi
1641 2634 1747 2675 injuste*
1771 2635 1903 2678 asseritur
1910 2634 2102 2679 subrogatus.

1222 2690 1274 2723 De
1286 2687 1403 2722 eodem
1416 2686 1535 2728 scripsit
1557 2686 1597 2719 ad
1610 2685 1807 2719 Anatolium
1822 2684 2104 2727 Constantinopo-

1222 2741 1363 2773 litanum
1402 2737 1600 2780 Episcopum
1631 2749 1640 2769 .·

1222 2800 1306 2823 tuam
1326 2787 1397 2830 noffe
1407 2788 1564 2826 volumus,
1592 2789 1735 2819 Fratrem
1757 2788 1791 2819 &¹
1803 2784 2038 2827 CossEpiftopum
2054 2795 2103 2816 no-

1218 2839 1313 2880 strum
1326 2836 1511 2880 Eusebium,
1541 2842 1592 2878 qui
1607 2835 1695 2878 causa
1710 2837 1784 2877 fidei
1794 2836 1888 2868 multa
1907 2833 2102 2876 discrlmina,

1224 2887 1392 2931 laboresque
1416 2889 1558 2921 toleravit
1586 2909 1597 2926 ,
1623 2885 1768 2929 nobiscum
1791 2890 1911 2917 interlin
1937 2886 2104 2923 demorari,

1226 2943 1259 2974 (θ’
1273 2946 1304 2972 in
1327 2937 1420 2978 nostra
1440 2949 1516 2970 nunc
1532 2943 1730 2970 communione
1747 2932 1912 2975 perfistere,
1938 2936 2022 2974 cujus
2044 2937 2105 2967 Ec-

1225 2989 1336 3030 clefiam
1359 2999 1411 3022 tua
1428 2987 1630 3031 sollicttudine-
1644 2987 1775 3018 volumus
1797 2984 1849 3026 esse
1871 2982 2044 3027 defensam,
2070 2991 2104 3016 ut

1228 3040 1305 3072 nihil
1323 3051 1354 3072 eo
1364 3037 1483 3081 absente
1505 3039 1660 3079 depereat,
1685 3035 1782 3066 nullus
1802 3039 1829 3067 ei
1841 3040 1872 3066 in
1885 3036 1982 3076 aliquo
1992 3035 2103 3075 praeju-

1228 3092 1325 3123 dicare
1342 3087 1509 3131 praesumat
1522 3111 1533 3126 ,
1558 3087 1646 3118 donec
1667 3095 1732 3117 cum
1756 3086 1922 3117 litterarum
1942 3085 2104 3124 nostrarum

1225 3142 1270 3173 ad
1288 3151 1341 3173 vos
1364 3137 1559 3181 prosecutione
1576 3141 1737 3175 perveniat
1758 3159 1765 3166 .
1796 3134 1949 3167 Affirmat
1973 3135 2104 3176 primo,

1226 3189 1315 3233 quod
1328 3189 1483 3223 Eusebius
1496 3186 1681 3218 Romanam
1696 3184 1869 3218 Ecclesiam
1891 3196 1957 3218 non
1980 3185 2103 3217 solum·

1226 3237 1327 3274 modo
1339 3235 1545 3281 appellaverit
1557 3260 1567 3276 ,
1595 3234 1648 3268 sed
1660 3234 1758 3268 etiam
1780 3235 1988 3277 personaliter
2005 3231 2107 3267 acces-

1226 3290 1299 3323 serit
1311 3313 1318 3320 .
1349 3289 1391 3320 Et
1404 3286 1537 3329 quidem
1559 3297 1614 3328 per
1626 3285 1728 3318 multa
1748 3285 1890 3326 pericula
1908 3296 1951 3319 ,ac
1964 3283 2083 3317 labores
2098 3304 2106 3312 .

1231 3337 1362 3383 Utpote
1371 3338 1497 3381 elapsus
1511 3347 1551 3370 ex
1561 3345 1704 3370 carcere.
1734 3334 1886 3370 Secundo
1899 3359 1912 3376 ‚
1937 3330 2023 3414 quosd
2038 3331 2108 3364 Leo

1955 3393 1987 3425 ip
2004 3391 2058 3415 um

1673 2737 1754 2769 Illud
1777 2737 1889 2778 quoque*
1916 2736 2103 2769 Dllefflvnem
2126 2750 2276 2786 &pouces-
