2326 3718
348 203 409 234 20

272 277 353 311 tavit
372 301 381 310 .
407 270 847 319 Attamen'ne²magistrum
880 275 1053 310 potificem
1077 300 1088 316 ,
1114 287 1151 310 ac

273 325 461 362 Romanam
476 323 650 359 Ecclesiam
662 325 856 366 offenderet,
886 326 1060 359 transmisit
1075 327 1152 360 Res-

273 377 422 419 ponsales
436 373 567 415 ,verum
579 385 654 409 cum
669 375 912 420 protestatione.
933 375 1026 421 Qid
1041 376 1080 409 ad
1091 376 1149 410 ista

270 424 451 468 Gregorius
470 423 487 455 ἓ
523 423 708 468 Respondit
736 427 798 460 elie
831 425 927 459 verba
955 426 1149 460 stultorum:

270 474 376 508 Verba
390 473 520 508 inania.
548 475 593 509 Et
611 475 842 510 demonstravit
865 486 906 509 ex
932 475 1149 509 recentissimo

267 523 663 568 Constantinopolitanae,
692 525 725 560 in
750 535 905 568 quabnon
932 524 1032 559 Italiae
1053 526 1148 559 Exar-

266 572 346 608 chus
358 598 370 614 ,
395 573 449 609 sed
461 575 562 609 totius
574 575 696 609 Mundi
708 576 886 619 Imperator
900 575 1016 610 Sedem
1029 574 1067 607 ha
1074 575 1126 608 bet
1137 598 1148 614 ,

266 623 418 658 Eeclefiae
443 625 593 668 exemplo
616 650 624 657 .
653 624 788 659 Etenim
815 626 954 669 Joannes
976 623 1148 666 Presbyter

263 684 377 709 contra
403 674 561 721 Joannem
591 673 811 710 patriarcham
838 675 1050 717 appellaverat
1079 673 1145 708 Ro-

261 735 352 759 mam
364 748 375 765 ,
400 725 512 769 &ipse
528 725 734 759 Marinianus
750 725 885 768 propriis
907 725 1012 758 oculis
1025 722 1144 758 viderat

261 774 357 812 istam
367 776 496 809 causam
510 775 669 808 retraetari
683 775 715 808 in
732 774 810 809 urbe
821 800 832 815 ‚
861 786 898 808 ac
909 774 1039 808 definiri
1053 774 1142 816 juxta

259 825 401 862 formam
411 824 627 859 Sardicensem
641 849 648 857 .
678 823 814 859 Viderat
827 836 887 860 nec
902 822 1118 858 patriarcham
1133 849 1143 864 ‚

259 885 321 909 nec
339 875 589 917 Imperatorem,
617 875 673 918 qui
686 883 794 909 tamen
810 885 942 916 uterque
965 874 1141 908 admodum

260 923 391 959 modice
412 925 570 969 diligebat
585 925 804 969 Gregorium‚
832 926 866 958 in
888 924 956 957 ullo
979 925 1141 958 contraiis-

259 975 306 1007 se.
335 973 397 1007 Ista
408 975 508 1019 igitur
533 975 597 1018 ipsa
611 974 781 1009 stultorum
805 975 915 1008 inania
928 973 1045 1013 verba,
1073 985 1142 1018 quae

260 1023 414 1059 Sanstum
428 1025 653 1059 Marinianum
668 1025 820 1066 cespitare
831 1026 993 1061 fecerunt,
1012 1023 1141 1057 seduxe-

256 1084 334 1108 runt
346 1074 496 1109 Sanstum
512 1074 698 1108 Hilarium.
718 1073 920 1116 -Utrumque
945 1072 1064 1105 eximie
1085 1074 1140 1108 do-

257 1124 343 1170 &um
366 1136 404 1159 ac
426 1126 588 1157 sanctum.
606 1117 744 1170 'Nempe
766 1122 800 1155 in
827 1122 1139 1167 propriaedignitatis

259 1174 351 1207 causa
365 1176 552 1216 ‚Quandoque
561 1171 650 1204 bonus
665 1172 807 1205 dormitat
824 1178 985 1207 Homerus.

302 1222 422 1255 Iterum
436 1221 606 1255 audiamus
630 1222 928 1265 eloquentissimum
942 1224 1136 1268 Magistrum

257 1272 405 1309 nostrum
418 1285 429 1304 .-
456 1274 517 1305 Sua
537 1270 599 1305 haec
608 1273 740 1314 judicia
754 1276 811 1305 Leo
824 1273 1006 1317 significavit
1018 1273 1133 1317 Episco-

248 1323 300 1363 pis
315 1321 482 1364 Viennensis
500 1323 668 1356 Provincia·
695 1322 811 1364 epistola
824 1325 877 1356 illa
889 1349 898 1363 ‚
926 1326 1065 1366 quaejam
1074 1326 1136 1357 lau-

252 1372 393 1414 dataest3
418 1383 483 1404 cum
505 1382 604 1406 autem
629 1374 807 1416 inteHigeret
827 1380 883 1406 vix
907 1372 1048 1407 habitura
1071 1374 1137 1414 effe-

250 1422 329 1454 t‘lum
352 1419 437 1463 apud
447 1424 567 1462 Gallos,
596 1433 659 1456 tum
683 1429 754 1465 quia
777 1425 905 1456 nondum
926 1425 1027 1467 affueti
1047 1434 1136 1457 erant

250 1473 505 1514 Appellationibus
518 1475 580 1505 illis
593 1481 686 1515 nuper
700 1474 827 1507 invenis
839 1498 850 1514 ,
872 1484 935 1507 tum
957 1478 1028 1508 vero
1040 1481 1135 1507 maxi-

249 1525 297 1556 me*
318 1525 396 1563 quod
416 1521 627 1565 Episcoporum
651 1525 871 1557 Gallicanorum
907 1524 1011 1567 causas
1033 1529 1134 1557 Rvmae

246 1574 418 1616 cognovffe‘t
442 1598 452 1612 ,
480 1575 725 1606 Valentinianum
756 1579 965 1615 Imperatorem
992 1580 1110 1616 rogavit
1123 1597 1132 1610 ‚

245 1632 281 1657 ut
293 1623 401 1654 Edic‘Jo
419 1622 474 1665 fico
487 1625 685 1666 judiciorum
699 1646 709 1661 ,
735 1620 803 1663 quae
822 1623 931 1654 tulerat
955 1646 965 1661 ,
993 1624 1128 1655 e‘xecut-io-

247 1681 314 1704 nem
326 1671 417 1703 vellet
439 1672 611 1710 adiuvare.
638 1672 890 1707 Valentinianus,
921 1674 1012 1700 Leoni
1026 1679 1134 1699 morem

242 1731 373 1765 gerens,
401 1717 548 1749 Edit‘i'um
571 1714 678 1755 emifir.
709 1714 869 1759 Magister
891 1716 1024 1750 adducit
1037 1716 1133 1759 Capi-

246 1768 326 1803 talia
348 1765 456 1799 Edisti
480 1763 597 1805 verba,
623 1765 657 1799 &
671 1764 797 1809 pergit:
828 1768 890 1798 Hac
908 1774 998 1807 porro
1023 1765 1135 1806 Consti-

246 1824 359 1853 tutione
373 1818 445 1858 plus
484 1817 568 1848 abdit
582 1815 811 1848 Valentinianus
824 1841 836 1857 ,
864 1818 954 1858 quam
976 1819 1035 1849 Leo
1044 1829 1133 1859 roga-

246 1876 360 1902 verat.
390 1868 482 1899 Immo
504 1867 677 1908 &amplius
704 1867 807 1905 dedit,
834 1878 924 1907 quam
945 1865 1007 1908 ipse
1024 1867 1133 1910 poffi-t.

247 1920 324 1952 Pius
336 1917 455 1959 quidem
464 1917 549 1949 dedit
563 1918 654 1959 qucim
667 1919 726 1948 Leo
742 1926 919 1959 rogaverat:
949 1918 1041 1949 Aliud
1050 1924 1132 1959 quip-

240 1978 284 2015 pe
296 1966 379 2000 nibil·
396 1973 557 2008 optaverat
569 1970 648 2007 Leo,
674 1977 763 2008 quam
782 1975 814 1999 ut
817 1970 851 2011 J
853 1967 940 1999 udicii
968 1974 1070 1999 contra
1082 1972 1132 1999 Hi·

246 2021 359 2051 larium
381 2017 438 2049 lati
460 2023 586 2050 executio
595 2020 790 2059 Imperatoria
805 2015 988 2049 Authoritate
1003 2019 1134 2058 juvare—

247 2078 319 2101 tur.
345 2059 420 2101 Plus
445 2072 535 2101 eriam
557 2061 693 2109 indulsit,
719 2077 810 2110 quam
824 2068 934 2112 poffet:
963 2070 1040 2104 Cum
1052 2073 1131 2102 enim

247 2123 440 2161 Imperatores
463 2119 667 2162 condereleges
689 2119 724 2151 de
739 2118 938 2159 Ecclefiasticis
958 2119 1045 2152 rebus
1076 2129 1131 2151 non

244 2169 356 2213 possent
366 2193 376 2209 ,
405 2166 533 2211 nifiquae
544 2168 705 2210 conformes
713 2167 774 2209 fini·
789 2169 961 2201 Canonibus
973 2193 984 2209 ,
1012 2179 1133 2212 quaeque

249 2219 293 2251 ad
310 2230 408 2252 eorum
425 2223 624 2252 executionem
647 2220 797 2257 tendant,
818 2218 887 2260 fert
906 2218 953 2252 rbi
965 2220 1055 2263 legem
1077 2225 1134 2254 Va-

250 2269 433 2301 lentinianus
455 2293 466 2309 ‚
491 2279 559 2311 quae
578 2268 749 2301 Canonibus
774 2279 831 2301 non
865 2268 1019 2312 quibusvis
1044 2294 1055 2310 ‚
1079 2269 1137 2313 sed

250 2315 541 2359 sardicenfibusipfis
553 2323 668 2350 omnino
679 2324 830 2351 contraria
843 2318 881 2357 est
890 2343 897 2349 .
917 2318 1041 2364 Jubent
1055 2327 1136 2353 enim

252 2366 441 2410 sardicenses
456 2371 591 2401 canones
605 2365 814 2410 Episcoporum
837 2367 943 2411 causas
968 2375 1081 2414 agitari
1103 2376 1137 2403 in

254 2420 424 2451 Provinciis
440 2441 451 2456 ,
469 2416 532 2458 five
554 2419 652 2460 quoad
670 2424 803 2459 primam
823 2441 835 2458 ,
853 2417 919 2460 five
939 2421 1020 2462 quod
1034 2419 1136 2463 ficun-

254 2469 326 2500 dam
337 2473 526 2511 cognitionem
541 2492 548 2499 .
576 2472 740 2510 Imperator
750 2471 822 2502 vero
829 2471 970 2512 cogendos
980 2472 1048 2504 vult
1062 2474 1137 2512 Epi-

250 2517 369 2560 scopor‚
396 2525 428 2549 ut
448 2522 479 2549 in
494 2516 601 2550 Urbem
614 2517 651 2549 ab
667 2516 813 2559 Episcopo
825 2518 964 2552 Romano
975 2521 1137 2560 ‚iudicandi

251 2566 312 2610 sese
336 2566 490 2608 conferant
511 2592 517 2598 .
544 2568 649 2610 ‚Quare
673 2572 781 2599 mirum
802 2567 882 2600 nibil
899 2569 959 2606 eli,
981 2567 1012 2609 fi
1031 2571 1135 2612 Galli,

255 2621 411 2651 Canonum
433 2622 620 2657 antiquorum
643 2615 733 2658 usque
739 2615 857 2658 semper
874 2616 1133 2660 observantrffimi,

251 2668 383 2711 generali
394 2666 460 2699 huic
468 2665 524 2708 leg-1
542 2666 581 2699 de
594 2667 727 2707 petenda
738 2666 814 2700 Urbe
837 2677 988 2709 nunquam
1011 2668 1136 2711 obsecuta·

253 2716 330 2760 fint.
706 2739 708 2741 v

309 2766 422 2800 Palam
433 2765 604 2801 retrocedit
619 2767 701 2802 asna
715 2768 814 2812 priori
836 2768 990 2813 sapientia
1010 2769 1043 2803 in
1069 2769 1137 2813 plu-

257 2827 306 2851 ·res
319 2827 449 2850 errores.
477 2816 604 2850 Primus
628 2818 694 2859 est,
722 2819 811 2862 qnod
836 2820 996 2854 Romanae
1019 2819 1136 2862 Appel-

260 2867 400 2901 lationes
411 2877 490 2900 tunc
502 2868 601 2901 essent
614 2879 714 2911 nuper
726 2870 856 2903 invectat
867 2893 878 2908 ,
905 2869 1046 2913 ideoque
1058 2870 1137 2903 Gal-

260 2916 526 2960 licaniEpiscopi
548 2917 687 2952 necdum
699 2919 801 2952 essent
826 2919 900 2962 ipfis
919 2921 1051 2954 affueti.
1081 2920 1136 2953 Et-

261 2966 349 2999 enim
362 2967 494 3000 Sanstus
502 2966 706 3002 Maximinus
717 2967 927 3003 Treverensrs
940 2970 1118 3012 Episcopus
1127 2993 1137 3009 ,

261 3014 341 3048 dum
365 3015 471 3047 Sancti
485 3016 652 3052 Athanasii
666 3042 676 3059 ,
703 3026 741 3052 ac
762 3019 902 3052 aliorum
916 3019 1136 3053 Orientalium

268 3063 503 3107 Episcoporurn
518 3067 778 3107 appellationem
794 3067 947 3109 admitti,
973 3070 1007 3102 ἀ
1019 3069 1138 3103 Antio·

264 3112 372 3147 chenae
384 3113 510 3156 Synodi
521 3112 561 3147 de
572 3115 641 3156 ipsis
652 3118 814 3158 Iudicium
825 3117 972 3162 suspendi
997 3130 1033 3152 ac
1044 3129 1137 3152 retra-

265 3164 340 3197 Elari
362 3163 455 3196 suasit
483 3174 519 3196 ac
541 3164 687 3206 persuasit
709 3168 826 3202 Sancto
849 3168 937 3211 Julio
960 3193 972 3208 ,
997 3169 1138 3202 omnino

135 3216 199 3249 Lib.
229 3226 253 3245 ι·
267 3213 361 3246 suasit
371 3223 411 3246 ex
424 3224 512 3246 more
536 3214 671 3247 &sensu
685 3226 753 3248 non
767 3218 865 3251 solius
880 3218 1058 3258 Romarm,
1085 3217 1137 3251 sed

134 3261 206 3295 C2P‘
228 3267 256 3292 4·
268 3263 303 3297 &
318 3261 495 3295 Gallicanae
507 3263 654 3299 Ecclesiae
668 3288 674 3295 .
701 3264 792 3309 Qu
816 3267 918 3300 immd
937 3268 1023 3311 quod
1036 3268 1139 3311 Julius

265 3313 305 3347 sit
324 3312 494 3354 antiquum
507 3311 714 3347 Universalis
726 3314 874 3348 Ecclefiae
885 3316 1057 3352 canonem
1080 3316 1137 3350 ista

264 3363 302 3396 in
326 3373 359 3395 re
379 3363 552 3403 sequutus,
576 3361 692 3396 diserte
713 3363 846 3398 testatur
867 3367 902 3398 in
918 3365 1137 3401 Ecclesiastica

266 3410 400 3446 historia
410 3409 660 3445 Theodoretus.
687 3412 846 3455 Ipseitem
857 3413 960 3455 Julius
981 3416 1068 3450 idem
1088 3416 1139 3449 as-

267 3463 389 3496 severat
411 3460 447 3495 in
465 3460 584 3496 litteris
612 3459 652 3495 ad
676 3460 924 3499 Antiochenam
949 3464 1137 3509 synodum.

1255 635 1276 657 o
1302 623 1345 656 est
1357 649 1367 665 ,
1395 624 1481 668 quod
1501 624 1644 669 Magnus
1656 627 1756 662 Leo
1746 640 1782 661 m
1794 639 1836 662 eo
1846 626 1990 662 maxime
1999 626 2078 663 deli-

1204 674 1327 716 querit,
1355 675 1442 718 quod
1457 674 1701 711 Gallicanorum
1715 677 1952 722 Episcoporum
1972 680 2083 714 causas

716 184 847 230 -ΒΕ
894 176 1262 232 GALLICANAE
1307 183 1621 234 Ecctestni

1211 274 1254 307 Et
1265 272 1361 306 istum
1375 272 1547 312 Canonem
1561 275 1710 312 laudatus
1726 276 1934 320 Maximinus
1946 280 2086 315 omnino

1210 325 1380 356 innovavit
1401 334 1439 357 ac
1451 326 1611 362 stabilivit
1635 326 1718 371 apud
1732 326 1913 364 sardicam.
1941 330 1984 364 Et
2002 331 2086 375 quid.

1208 373 1353 417 Magnus
1380 373 1449 407 Leo
1474 376 1519 410 de
1544 377 1656 411 harum
1693 377 1962 420 Appellationum
1995 392 2036 425 ap
2038 379 2084 415 ud

1209 423 1324 458 Gallos
1342 423 1535 467 antiquitate
1553 427 1639 462 dicat
1660 451 1671 468 ‚
1703 426 1766 470 jam
1805 427 1933 463 abunde
1961 431 2085 464 audivi-

1208 483 1278 507 mus
1302 498 1309 505 .
1350 474 1492 508 Proinde
1510 476 1551 510 de
1585 477 1650 512 hoc
1679 477 1943 522 eloquentissimo
1974 481 2085 525 Magi-

1207 522 1271 556 stro
1305 523 1415 557 nostro
1447 524 1589 570 Magnus
1621 527 1800 572 Gregorius
1819 528 1969 568 diceret,
1994 530 2082 570 quod

1207 583 1325 607 venum
1337 584 1477 617 exponat
1488 578 1592 610 inania
1604 579 1699 611 verba
1715 577 1890 617 stultorum.
1917 579 2085 614 Secundus

1203 725 1398 768 cognoverit
1412 724 1526 758 Romae
1537 749 1544 756 .
1570 724 1704 760 Etenim
1713 723 1860 763 laudatus
1873 728 2084 764 Maximinus

1205 774 1322 807 Sancto
1337 774 1425 816 Julio
1448 775 1547 809 etiam
1559 773 1678 810 author
1700 775 1784 817 fuit,
1808 789 1845 812 ut
1859 779 1967 813 Sansti
1980 777 2083 813 Atha-

1205 823 1282 857 nasii
1308 823 1491 858 &aliorum
1506 826 1728 859 Orientalium
1751 824 1984 872 Episcoporum
2008 839 2083 864 cau-

1204 875 1268 907 sam
1279 875 1489 919 cognosceret
1501 874 1615 909 Romae
1624 900 1631 907 .
1658 875 1700 909 Et
1712 875 1801 909 istius
1813 877 1860 911 sui
1871 879 1998 913 consilii
2010 881 2086 913 fun-

1201 922 1353 958 damenta
1379 925 1520 958 omnino
1544 924 1717 968 desumpsit
1736 936 1777 959 ex
1788 936 1878 960 more
1899 927 2087 962 &Canono

1203 976 1303 1007 totius
1319 974 1466 1008 Ecclesiae
1479 999 1490 1014 ,
1517 976 1579 1008 suae
1594 975 1765 1018 praesertim
1778 975 1973 1010 Gallicanae.
1999 977 2083 1024 Qat

1201 1025 1314 1057 omnia
1328 1024 1473 1068 Magnus
1484 1025 1553 1058 Leo
1564 1025 1737 1058 confirmat
1747 1050 1754 1058 .
1783 1025 1903 1068 Operis
1921 1024 2017 1068 hujus
2030 1027 2084 1060 de-

1201 1074 1307 1107 cursus
1319 1072 1454 1109 adducet
1466 1074 1559 1118 plura
1570 1073 1761 1110 authentica
1772 1075 1920 1119 exempla
1941 1087 1979 1110 ac
1987 1075 2084 1111 testi·

1201 1123 1237 1156 sti
1246 1125 1359 1167 monia
1373 1149 1381 1156 .

1251 1171 1392 1208 Proinde
1405 1175 1517 1209 tertius
1537 1187 1624 1210 error
1643 1175 1712 1216 est,
1737 1175 1827 1219 quod
1847 1176 1994 1222 Magnus
2007 1176 2082 1212 Leo

1199 1223 1238 1256 ad
1251 1222 1335 1258 hanc
1348 1225 1395 1258 sui
1407 1226 1514 1268 operis
1540 1225 1719 1261 novitatem
1732 1226 1913 1261 Gallicanis
1927 1227 2081 1262 Ecclefiis

1200 1273 1431 1316 imponendam
1453 1274 1494 1309 ab
1508 1275 1707 1319 Imperatore
1719 1275 1959 1311 Valentiniano
1973 1278 2084 1321 postu·

1199 1322 1272 1358 larit-
1285 1324 1384 1368 Legis
1399 1325 1597 1368 adjutorium
1615 1351 1623 1360 .
1652 1326 1784 1361 Etenim
1811 1327 1877 1370 ipse
1898 1326 2081 1370 Imperator

1201 1374 1233 1406 in
1248 1374 1313 1416 ipsa
1326 1375 1397 1419 lege
1408 1376 1513 1418 palam
1540 1375 1651 1410 scribit
1664 1377 1885 1411 contrarium:
1915 1381 1987 1410 Haec
2012 1387 2081 1410 cum

1199 1423 1338 1457 hactenus
1363 1425 1577 1459 inviolabiliter
1599 1426 1720 1469 fuerint
1740 1426 1880 1467 custodita
1900 1451 1911 1467 ‚
1938 1429 2081 1461 Hilarius

1198 1479 1356 1507 contumaci
1388 1473 1462 1518 ausu
1473 1477 1585 1511 inlicita
1605 1478 1745 1519 quaedam
1753 1475 1964 1520 praesumenda
1980 1485 2080 1511 tenta-

1199 1531 1249 1557 vit
1265 1548 1272 1555 .
1300 1528 1353 1556 Ne
1374 1526 1450 1564 quid
1470 1526 1635 1558 Gallicanis
1645 1525 1800 1568 Epfitopis
1825 1536 1929 1561 eontra
1948 1536 2080 1562 veterem

1197 1570 1434 1611 consuetudinem
1463 1571 1552 1603 liceat
1573 1596 1581 1604 .
1610 1572 1726 1606 Unica
1753 1575 1855 1618 igitur
1878 1574 2084 1618 postulandae

1198 1619 1298 1660 Legis
1307 1619 1391 1650 ratio
1404 1618 1467 1650 fuit
1486 1618 1566 1651 dura
1580 1621 1704 1652 Hilarii
1727 1622 1762 1651 in
1776 1622 1931 1662 papalem
1946 1621 2083 1655 Autho-

1197 1665 1325 1699 ritatem
1337 1689 1349 1705 ,
1359 1666 1408 1699 ,δε
1419 1666 1539 1700 avitam
1551 1665 1729 1702 Gallicanae
1740 1668 1888 1703 Ecclefiae
1904 1671 2080 1706 consuetu·

1197 1714 1308 1749 dinem
1331 1715 1538 1750 contumacia
1551 1742 1558 1749 .
1582 1717 1662 1752 Hoc
1683 1718 1748 1761 ipse
1762 1718 1942 1762 Imperator
1961 1719 2082 1755 'diserte

1199 1766 1366 1809 profitetur
1379 1790 1386 1798 .
1414 1769 1460 1798 Et
1480 1774 1546 1800 erat
1564 1767 1682 1809 quidem
1703 1766 1770 1810 ipsa
1781 1771 1907 1810 papalis
1923 1767 2077 1812 sententia

1193 1824 1246 1858 per
1256 1817 1377 1849 Gallias
1399 1825 1491 1849 ettam
1507 1816 1570 1858 fine
1580 1819 1732 1859 Imperiali
1744 1819 1898 1853 Sanfflone
1920 1821 2055 1854 valitura
2066 1846 2078 1853 .

1198 1867 1286 1908 ,Quid
1303 1870 1381 1899 enim
1403 1872 1483 1898 tanti
1508 1867 1659 1909 Pontifici:
1671 1868 1852 1902 Authoritati
1873 1876 1906 1902 in
1933 1870 2077 1912 Ecclefias

1198 1927 1255 1949 non
1268 1917 1368 1950 liceret
1385 1916 1401 1947 ?
1428 1918 1489 1951 Sed
1500 1916 1626 1958 nostram
1648 1930 1759 1961 quoque
1775 1922 2004 1962 Praeceptionem
2011 1921 2083 1954 baec'

1197 1970 1274 1999 ratio
1295 1972 1495 2009 provocavit,
1521 1979 1558 2001 ne
1581 1969 1703 2002 ulterius
1714 1970 1850 2010 Hilario,
1876 1975 2078 2014 neecuiquam

1197 2017 1285 2049 alteri
1302 2017 1390 2050 liceat
1415 2020 1574 2060 Praeceptis
1600 2022 1728 2052 Romani
1751 2020 1898 2059 Antistius
1931 2021 2076 2055 obviare.

1200 2067 1239 2101 Et
1254 2067 1323 2100 Lex
1350 2066 1428 2100 nulli
1453 2068 1558 2112 magis
1578 2069 1702 2111 profuit
1723 2080 1822 2111 quam
1843 2071 1899 2113 ipsi
1921 2072 2075 2106 Hilario.

1199 2116 1275 2160 Ejus
1287 2118 1375 2150 enim
1396 2117 1552 2152 dutitiam
1563 2119 1682 2163 fregit,
1710 2120 1835 2162 aperuit
1846 2121 1981 2162 oculos,
2010 2132 2079 2164 pert

1197 2167 1292 2202 duxit
1315 2167 1355 2200 ad
1373 2167 1515 2201 veritatis
1537 2169 1765 2212 cognitionem
1789 2180 1827 2203 ac
1845 2180 1954 2204 veram
1975 2170 2077 2214 poeni-

1197 2217 1332 2254 tentiam
1351 2241 1363 2260 ,
1403 2217 1601 2265 perfecitque
1633 2218 1668 2252 in
1696 2219 1923 2254 sanffiffimum
1945 2219 2079 2263 Episco-

1198 2281 1274 2314 pum
1289 2295 1296 2302 .

1247 2321 1394 2368 Qartus
1411 2331 1499 2355 error
1521 2320 1565 2355 est
1578 2346 1589 2363 ,
1615 2321 1704 2365 quod
1725 2321 1873 2368 Magnus
1883 2323 1954 2357 Leo
1972 2320 2076 2356 solam

1197 2371 1369 2405 furcontra
1393 2371 1561 2405 Hilarium
1584 2372 1703 2414 Iudicii
1723 2373 1958 2408 executionem
1971 2372 2078 2417 postu-

1197 2420 1270 2454 l'arrt
1293 2445 1303 2460 ,
1340 2420 1488 2465 adeoque
1523 2421 1776 2457 Valentinianus
1807 2423 1898 2466 plura
1929 2423 2081 2463 dederit,

1197 2469 1293 2514 quam
1308 2471 1405 2504 fuerit
1435 2481 1569 2515 rogatus
1583 2497 1590 2504 .
1619 2472 1753 2506 Etenim
1764 2474 1910 2517 Magnus
1924 2473 1994 2506 Leo
2007 2472 2080 2504 nul·
2122 2511 2124 2514 y

1197 2521 1263 2555 lam
1284 2531 1396 2555 contra
1421 2520 1588 2555 Hilarium
1614 2521 1692 2555 tulit
1715 2522 1920 2556 definitivam
1951 2523 2078 2555 senten-

1198 2581 1277 2605 tiam
1291 2595 1302 2611 ‚
1318 2571 1371 2605 sed
1386 2570 1530 2613 principi
1538 2571 1688 2613 exposuit
1698 2572 1789 2612 plura
1800 2571 1862 2604 alia
1877 2593 1888 2609 ‚
1898 2571 2010 2604 omnia
2022 2582 2079 2613 po-

1197 2621 1318 2654 stulans
1330 2619 1470 2663 adjuvari
1482 2630 1536 2663 per
1545 2619 1609 2663 ejus
1621 2618 1811 2654 Brachium.
1839 2618 1953 2653 Primo
1963 2644 1975 2661 ,
1986 2619 2078 2664 quod

1196 2670 1346 2703 Hilarius
1373 2669 1455 2703 alios
1469 2669 1729 2713 incompetenter
1755 2670 1936 2704 removisset
1954 2695 1965 2710 ,
1992 2670 2081 2704 alios

1199 2720 1375 2762 Episcopos
1386 2719 1571 2754 indecenter
1590 2719 1702 2753 invitis
1712 2730 1750 2754 ac
1760 2719 2019 2764 repugnantibus
2031 2720 2078 2754 ei·

1198 2769 1291 2804 vibus
1302 2770 1474 2803 ordinasset
1493 2794 1500 2801 .
1527 2769 1697 2810 Secundo,
1712 2770 1800 2811 quod
1811 2769 1897 2812 ipsos
1909 2781 1965 2813 per
1976 2780 2077 2804 arma-

1199 2829 1266 2854 tam
1280 2818 1652 2853 violentiamintrufiffet
1671 2820 1735 2853 suis
1755 2819 1904 2853 Sedibus.
1934 2818 2078 2860 Tertid,

1199 2868 1288 2914 quod
1301 2868 1461 2902 Romanis
1482 2867 1770 2911 Appellationibus
1782 2880 1841 2903 nec
1859 2870 2077 2912 suspenfivum

1199 2920 1348 2953 effeslum
1368 2943 1379 2959 ,
1406 2930 1467 2952 nec
1485 2918 1676 2953 Romanum
1698 2919 1796 2953 vellet
1817 2918 1956 2953 concedi
1977 2921 2081 2954 acces·

1201 2969 1268 3003 sum
1286 2993 1297 3010 ‚
1323 2968 1465 3013 ideoque
1484 2968 1551 3003 nec'
1573 2969 1774 3012 appellantes
1806 2969 1986 3012 Episcopos
2009 2969 2079 3003 Ro-

1201 3029 1288 3052 mam
1317 3018 1469 3053 accedere
1486 3042 1497 3058 ,
1536 3029 1597 3052 nec
1624 3030 1737 3053 eorum
1764 3019 1986 3053 Damnatores
2012 3031 2079 3062 per·

1201 3069 1344 3102 mitteret
1371 3067 1450 3103 illuc
1475 3068 1604 3103 evocari
1627 3093 1634 3101 .
1673 3068 1775 3115 Qod
1802 3067 1852 3103 his
1877 3069 2080 3103 evocationis

1201 3118 1262 3152 bus
1298 3129 1435 3152 omnem
1469 3118 1644 3162 denegaret
1679 3117 1902 3153 obedientiam
1931 3145 1938 3151 .
1974 3118 2078 3163 quue

1201 3179 1316 3202 contra
1347 3170 1469 3209 sacras,
1494 3166 1687 3203 Sardicenfis
1707 3169 1820 3212 utique
1855 3181 1894 3203 ac
1915 3168 2077 3205 Nicaenae,

1201 3217 1328 3260 synodi
1354 3216 1620 3252 Authoritatem.
1650 3217 1694 3252 Et
1716 3218 1828 3252 omnia
1848 3218 1906 3253 tria
1930 3215 2077 3252 Valenti·

1201 3268 1319 3301 nianus
1341 3267 1536 3310 damnavit,
1563 3267 1658 3313 plene
1684 3269 1890 3336 confirmans
1901 3265 2079 3300 Pontifici-*²

1201 3315 1386 3360 Iudicium.

1250 3366 1399 3413 Qintus
1423 3378 1511 3403 error
1529 3369 1575 3403 est
1589 3392 1601 3409 ,
1627 3369 1715 3412 quod
1739 3341 1990 3404 Valentinianus
2013 3366 2075 3399 suae

1202 3416 1374 3450 Potestatis
1398 3416 1520 3453 limites
1545 3418 1740 3453 excesserit:
1766 3417 1938 3464 Qoniam
1971 3415 2076 3449 Sardi-

1201 3466 1313 3501 censes
1325 3466 1479 3504 Canones
1491 3479 1550 3503 nec
1564 3467 1813 3513 Appellantium
1837 3466 2076 3559 Episctfpgrum

1958 3525 1978 3548 u
2003 3526 2029 3548 ι-
