2326 3718
713 127 987 174 RoMAms
1021 122 1608 169 Aprum-smmum.
1912 127 2002 184 183

250 219 315 250 vim
327 217 353 249 ei
364 213 531 258 legtpaetam
540 210 662 253 adferre
674 212 827 244 noluerunt
839 233 851 249 ‚
871 207 929 251 sed
937 207 1133 250 Metropolita-

251 278 304 301 nos
313 269 357 299 rei
363 260 454 305 cujus
449 263 521 295 dam
534 273 620 296 novae
632 262 772 296 miraculo
781 261 864 293 velut
878 258 1136 301 obstupefecerunt,

251 326 316 359 qua
325 320 358 346 m
369 317 454 345 inmo
477 314 633 357 magnifica
646 337 658 354 ,
678 311 830 354 paulatim
851 317 950 342 tamen
975 314 1135 351 antiquam

249 375 347 399 eorum
363 362 531 396 libertatem
548 371 604 405 per
628 361 768 397 cuniculos
798 360 935 404 infregit:
964 361 997 393 δ’
1017 359 1137 397 synodo-

250 425 321 448 rum
342 415 577 447 Provincialtum
609 411 822 447 authoritatem
840 408 1032 453 pessumdedit
1053 433 1060 440 .
1090 411 1136 440 De

251 464 346 497 Pallii
364 462 416 506 usu
434 465 531 506 loquor
542 488 553 504 ,
578 464 659 506 cujus
673 466 749 505 origo
761 471 825 494 cum
843 460 882 502 fit
899 459 980 503 satis
996 456 1111 497 vetusta
1124 479 1134 495 ‚

250 511 370 553 effecJus
381 523 483 548 tamen
494 516 558 555 ejus
569 537 581 553 ,
607 514 640 547 o·
649 520 757 544 caetera
768 522 833 553 quae
845 520 925 543 nunc
935 507 1118 552 usurpantur
1126 530 1135 546 ‚

251 564 431 606 antiquitati
439 564 564 606 prorsus
576 567 677 606 ignota
680 560 770 603 fuere
780 586 787 593 .
818 561 940 605 ,Quippe
967 558 1133 591 Galliarum

250 614 473 656 Metropolitum
485 612 589 652 statim
605 611 669 653 post
690 614 909 645 ordinationem
915 609 1003 653 suam
1022 618 1135 642 exerce-

258 663 506 706 bantfundiones
516 660 560 704 sut
571 667 702 695 muneris
712 686 723 702 ‚
729 663 827 702 Juxta
838 665 974 693 canones
987 663 1133 700 antiquar.

251 716 353 755 A-tjus
365 723 473 747 novum
483 722 530 744 eos
538 711 674 754 probibet
684 715 848 754 quidquam
857 708 1039 750 Pontificalts
1053 708 1136 750 officii

252 769 398 807 attingere
408 785 420 801 ,
445 762 534 797 donec
544 765 564 794 ἃ
576 763 648 795 sede
662 761 819 804 apostolica
839 763 954 803 miffum
964 760 1008 792 ad
1014 769 1060 791 eos
1066 757 1133 799 fue-

251 819 295 846 rit
322 813 452 846 Pallrum
482 836 494 853 ,
519 813 555 845 de
581 816 708 854 Corpore
732 814 824 845 Beati
850 813 936 845 Pem
957 807 1111 852 sumptum
1126 832 1133 839 .

251 863 423 897 Dominus
435 860 733 906 Archi-Episcopus
745 886 756 902 ‚
781 861 831 895 uti
844 861 1011 895 Romanas
1034 856 1138 902 appel-

252 912 394 947 lationes
406 936 417 952 ,
443 912 488 946 ita
499 912 598 946 etiam
613 911 686 945 odit
708 911 877 946 Romanas
902 910 1138 960 Episcoporum

255 961 524 997 confirmationes
535 985 547 1000 ,
572 960 757 1003 ideoque&
770 959 965 1002 Episcopale
975 957 1117 992 Pallium
1128 980 1138 995 ‚

254 1011 452 1054 Symboluni
488 1009 579 1043 istius
612 1009 876 1043 confirmationis
900 1033 908 1041 .
945 1007 1139 1041 Romanum

242 1060 453 1099 ,Pontificem
467 1058 571 1092 studet
583 1058 689 1093 facere
699 1059 771 1092 solo
786 1056 914 1092 honore
940 1057 974 1092 δε
993 1057 1068 1091 loco
1080 1057 1139 1101 pri-

252 1119 348 1144 mum
370 1108 456 1142 inter
469 1107 670 1152 Episcopos,
696 1118 835 1143 exutum
858 1109 951 1142 omni
964 1107 1139 1152 potestate.

251 1157 424 1193 Romana-s
445 1157 679 1202 appellationes
699 1160 760 1193 esse
782 1159 950 1202 quoddam
973 1182 985 1198 ,
1008 1158 1043 1191 <Sc
1064 1157 1141 1201 qui-

251 1208 329 1244 dem
341 1206 566 1250 diminutum,
592 1208 772 1253 Imperialis
784 1209 1036 1254 Delegationis3
1065 1208 1142 1252 Epi-

251 1259 383 1302 scopate
404 1257 550 1292 Pallium
574 1259 644 1293 vult
666 1258 845 1303 Imperialis
866 1259 1054 1293 indumenti
1078 1258 1141 1292 effe

253 1308 499 1344 imitamentum
527 1320 565 1343 ac
586 1309 783 1344 beneficium
804 1334 812 1342 .
841 1310 884 1343 Et
907 1308 1141 1352 appellationes

253 1359 569 1394 &confirmationes
580 1359 649 1393 vult
659 1359 816 1394 Pontifici
826 1361 890 1395 esse
909 1369 978 1393 non
1000 1359 1021 1392 ὴ
1048 1355 1141 1392 Chri-

254 1407 308 1443 sto
318 1407 473 1442 Domino
486 1431 497 1448 ,
523 1408 578 1443 sed
588 1408 608 1442 ὲ
620 1409 729 1444 Laicis
749 1408 957 1453 Principibus
970 1433 978 1442 .
1002 1408 1144 1442 Ita‘Ro·

256 1468 377 1493 manus
387 1458 550 1493 Primatus
560 1459 710 1502 dejicitur
722 1459 756 1494 in
768 1469 910 1500 terram,
933 1458 1067 1494 &intra
1086 1458 1143 1493 Al-

257 1516 319 1543 mae
330 1506 439 1542 Urbis
449 1509 594 1551 pomeria
605 1509 877 1544 circumscribitur
887 1534 895 1542 .

310 1556 470 1592 Adductis
479 1558 543 1592 suis
552 1558 656 1594 verbis
666 1559 834 1594 Dominus
847 1557 1144 1604 Archi-Episcopus

258 1607 494 1651 pluresiterum
512 1619 635 1643 errores
656 1609 785 1644 inserit.
812 1609 941 1644 Primus
959 1610 1028 1650 est,
1054 1610 1142 1654 quod

255 1656 407 1691 Romani
418 1657 598 1691 Pontifices
609 1659 733 1702 semper
745 1660 930 1702 optaverint
942 1683 953 1699 ,
980 1669 1018 1693 ut
1027 1670 1142 1694 omnes

255 1705 387 1741 suarum
409 1706 595 1741 Dioecesion
617 1707 841 1752 Metropolitae
861 1708 996 1753 aliquod
1026 1710 1143 1743 confir-

256 1755 416 1791 mationis
436 1767 542 1801 genus
564 1756 605 1791 ab
626 1756 821 1802 Apostolica
842 1759 923 1794 Sede
935 1759 1118 1802 acciperent
1135 1784 1142 1791 .

256 1805 394 1841 Etenim
407 1817 475 1840 non
500 1817 678 1850 optarunt,
703 1809 757 1843 sed
777 1807 832 1842 fibi
857 1821 912 1853 per
922 1810 1077 1844 Nicaenos
1101 1817 1145 1844 at·

257 1867 324 1900 que
336 1853 548 1900 Apostolicos
568 1857 726 1893 Canones
738 1883 749 1899 ,
775 1858 882 1893 immo
901 1871 955 1903 per
976 1858 1147 1905 Evangeli-

255 1917 337 1941 cum
358 1904 481 1941 Christi
493 1906 635 1942 Domini
663 1907 860 1943 beneficium
883 1911 1047 1944 sciverunt
1060 1909 1144 1943 istud

254 1955 307 2000 jus
318 1966 506 2000 competere
518 1981 530 1997 ,
556 1966 656 2001 atque
666 1958 711 1993 ita
725 1961 920 2003 opportunis
931 1959 1039 1994 modis
1048 1982 1060 1999 ,
1086 1958 1141 1994 ubi

256 2005 293 2040 δε
313 2006 449 2051 quando
473 2007 547 2051 ipsis
566 2007 690 2051 placuit
709 2034 720 2050 ‚
747 2010 903 2044 miserunt
926 2010 961 2044 in
982 2011 1147 2045 executio-

257 2065 336 2090 nem
358 2080 365 2088 .
392 2057 560 2091 Secundus
578 2068 665 2092 error
686 2058 731 2092 est
752 2084 763 2099 ,
791 2060 881 2103 quod
908 2061 1148 2104 Episcoporum

260 2103 386 2148 ubique
407 2115 496 2140 extra
520 2106 649 2141 Italiam
671 2109 934 2142 consecrationes
956 2110 1071 2144 fierent
1082 2110 1149 2143 sine

261 2153 408 2198 ipsorum
430 2155 608 2190 consensu.
639 2155 772 2191 Etenim
797 2159 1005 2201 quantumvis
1028 2159 1148 2202 sincip-

261 2204 373 2239 sorum
392 2204 505 2247 praevia
524 2206 776 2241 confirmatione
798 2209 934 2247 fierent,
960 2219 1148 2243 nontamen

258 2252 330 2286 fine
349 2254 528 2286 consensu.
555 2255 695 2289 Fiebant
716 2267 773 2298 per
788 2257 934 2299 ipsorum
955 2257 1127 2292 Indultum
1141 2281 1151 2298 ,

259 2300 402 2346 gratiose
423 2301 537 2337 datum
559 2303 766 2339 oblocorum
780 2305 984 2341 distantiam.
1015 2307 1152 2341 Tertius

261 2363 350 2385 error
371 2350 417 2385 est
431 2376 443 2393 ,
468 2352 559 2396 q'uod
583 2353 643 2388 ista
665 2355 909 2400 Episcopalium
937 2358 1153 2392 consecratio-

264 2412 348 2436 num
359 2401 464 2436 forma
478 2401 574 2436 fuerit
586 2403 639 2437 lex
653 2428 661 2437 .
692 2405 771 2439 Erat
780 2406 871 2440 enim
885 2407 1060 2450 precarium
1084 2418 1154 2451 gra-

264 2451 336 2486 tiosi
349 2449 475 2497 Indulti
489 2450 684 2487 beneficium
697 2478 704 2486 .
731 2455 878 2502 Qartns
889 2467 975 2490 error
984 2457 1028 2490 est
1043 2472 1053 2496 ,-
1065 2456 1154 2500 quod

265 2500 413 2536 Romani
437 2501 639 2542 Pontifices,
667 2503 746 2538 dum
768 2504 819 2538 isti
843 2505 907 2550 legi
934 2506 1052 2540 nolunt
1065 2518 1158 2550 aper-

265 2558 334 2585 tam
346 2551 412 2584 vim
424 2551 547 2593 facere,
573 2553 805 2597 Metropolitas
821 2566 914 2590 novae
935 2556 979 2590 rei
991 2555 1150 2590 miraculo

266 2600 557 2644 obstupefecerint:
587 2602 719 2647 Nempe
736 2605 793 2639 usu
818 2605 939 2640 Pallii.
966 2606 1069 2653 Qod
1091 2606 1158 2649 ejus

266 2651 365 2695 origo
389 2651 426 2683 fit
452 2650 584 2695 quidem
608 2654 767 2698 antiqua,
794 2655 845 2689 sed
861 2651 1066 2697 ejuseffenus
1077 2656 1157 2690 anti-

267 2702 375 2746 quitas
395 2701 612 2744 ignoraverit.
638 2704 770 2747 Nempe
795 2706 967 2747 effectum,
994 2708 1051 2750 qui
1080 2706 1158 2740 Me-

266 2750 462 2794 tropolitas,
487 2761 566 2786 ante
588 2763 758 2796 acceptum
781 2754 892 2790 Roma
914 2755 1056 2791 Pallium
1070 2766 1156 2791 vetat

266 2800 395 2844 aliquid
417 2799 623 2837 pontificalis
644 2804 746 2838 officii
767 2806 943 2850 attingere.
972 2806 1029 2840 Est
1054 2806 1157 2840 mani·

267 2851 366 2886 festus
377 2861 464 2885 error
475 2877 482 2883 .
510 2851 644 2886 Etenim
658 2852 828 2888 Liberatus
849 2855 1156 2902 Carthaginensium

270 2898 563 2937 Archi-Diaconus
587 2902 704 2938 diserte
726 2904 836 2938 scribit
851 2905 1058 2941 Alexandriae
1069 2906 1157 2940 anti-

272 2957 372 2990 quam
381 2951 442 2984 effe
452 2953 742 2995 consuetudinem,
771 2964 807 2989 ut
820 2954 1005 2991 Patriarcha
1029 2967 1098 2990 non
1111 2956 1157 2990 ni-

271 2996 297 3029 fi
311 2998 380 3041 post
392 3009 559 3044 acceptum
572 3003 715 3038 Pallium
727 3004 874 3050 legitime
898 3006 1003 3040 sedeat
1017 3030 1025 3038 .
1053 3006 1156 3041 Eaest

275 3046 375 3082 Pallii
396 3057 508 3084 natura
541 3063 601 3095 per·
618 3054 828 3098 Apostolicos
855 3055 1010 3098 Canones
1028 3080 1036 3088 .
1065 3055 1158 3091 Hinc

276 3096 388 3132 omnis
402 3096 586 3136 Patriarcha
612 3114 650 3138 ac
660 3105 875 3150 Metropolita
888 3118 946 3150 per
954 3106 1057 3140 Pallii
1073 3106 1158 3140 abla-

277 3146 403 3181 tionem
416 3147 626 3194 degradatur,
652 3154 792 3199 ideoque
803 3150 1037 3200 deiflcepsnon
1056 3157 1157 3200 potest

278 3195 388 3234 sedere
403 3221 410 3229 .
437 3199 585 3245 Qintus
597 3213 682 3237 error
691 3203 735 3238 est
748 3229 760 3245 ,
784 3207 873 3249 quod
886 3208 984 3241 etiam
1004 3206 1157 3241 Romana

279 3245 378 3283 Pallii
391 3249 582 3283 transmiffio
593 3251 629 3285 fit
642 3263 727 3289 nova
739 3278 748 3288 .
777 3255 911 3292 Etenim
923 3258 1070 3302 Magnus
1081 3257 1157 3290 Gre-

279 3297 392 3341 gorius
403 3298 584 3340 frequenter
594 3300 701 3336 scribit
711 3304 811 3347 ipsam
822 3307 885 3341 esse
903 3308 1058 3342 vetustam
1078 3319 1156 3341 con-

1194 204 1328 248 infregit
1349 203 1519 249 antiquam
1540 208 1840 252 Metropolitarum''
1858 208 2043 246 libertatem
2063 235 2070 242 -

1196 255 1323 298 Nempe
1336 252 1517 289 libertatem
1530 279 1541 295 ‚
1567 268 1630 299 qua
1638 260 1840 304 quandoque
1859 272 1919 295 nec
1930 271 2003 296 ante
2013 265 2074 296 nec

1195 304 1266 349 post
1294 306 1575 339 consecrationem
1603 307 1819 349 supplica-tunt
1848 312 2073 354 Apostolicam

1195 356 1257 390 suat.
1275 355 1449 401 dignitatis
1463 356 1748 398 confirmationem
1761 382 1768 389 .
1795 360 1928 395 Etenim
1956 362 2015 395 ista
2038 362 2075 395 li-

1196 406 1320 446 bcrtas,
1347 407 1526 450 precarium
1543 406 1742 450 Apostolicae
1751 407 1839 442 Sedis
1857 411 2050 446 beneficium
2063 436 2074 453 ,

1195 466 1262 491 erat
1274 465 1386 500 patens
1399 466 1490 500 porta
1501 456 1541 491 ad
1553 456 1755 492 lacerandam
1768 457 1948 494 Catholicae
1967 462 2077 496 Eccle-

1195 507 1264 546 fiae,
1291 507 1326 540 &
1348 507 1494 541 Rotnani
1519 507 1690 550 praesertim
1709 506 1952 543 ‘Patriarchatus
1976 511 2078 544 unita·

1196 567 1263 590 tem
1276 581 1288 597 ,
1313 555 1453 602 ideoque
1463 557 1581 591 merito
1591 557 1655 591 fuit
1665 555 1770 592 ablata
1782 582 1790 589 .
1817 553 1981 601 Septimus
1991 572 2078 594 error

1195 606 1242 641 est
1264 632 1275 648 ‚
1300 607 1390 650 quod
1408 606 1466 641 ista
1483 607 1678 641 transmiffio
1697 608 1796 642 etiam
1821 608 2080 643 Provincialium

1197 657 1408 699 Synodorum
1429 658 1589 692 vetustam
1610 657 1844 692 authoritatem
1865 658 2082 704 pessumdede-

1199 706 1261 740 rit.
1288 707 1417 750 Nempe
1428 707 1660 753 authoritatem
1670 709 1850 752 supremam
1877 720 1914 743 ac
1935 708 2083 753 inappel*

1198 755 1348 791 labilem.
1377 758 1481 791 Hunc
1503 769 1642 792 errorem
1664 760 1763 793 revici
1784 759 1817 792 in
1841 757 2058 802 superioribus
2074 783 2082 791 .

1200 805 1297 841 Alios
1320 831 1332 847 ,
1361 806 1450 851 quod
1471 809 1656 851 praesentem
1678 810 1848 849 materiam
1869 808 1986 844 directe
2013 821 2083 844 non

1200 866 1338 901 tangant
1357 880 1368 897 ,
1393 857 1536 900 judicavi
1561 858 1774 892 solummodo
1801 858 2011 894 indicandos.
2040 859 2085 893 Et

1202 907 1276 940 sane
1286 907 1370 949 ipsos
1381 907 1534 942 indicasse
1545 908 1591 942 est
1604 907 1803 952 expugnasse
1816 932 1823 939 .
1852 907 2085 944 Nihilominus

1201 957 1280 990 dum
1293 958 1436 991 Domini
1449 956 1722 1002 Archi-Episcopi
1736 959 1922 1002 Symmistis
1933 959 2089 1001 placuerit

1203 1005 1309 1048 ample
1319 1007 1475 1041 convinci
1496 1019 1538 1042 ex
1568 1009 1813 1049 fundamentis,
1836 1009 1972 1044 confido
1997 1010 2090 1049 fore,

1203 1066 1240 1090 ut
1252 1055 1380 1091 Divina
1390 1067 1459 1090 non
1471 1057 1552 1091 defit
1563 1058 1667 1102 gratia
1678 1083 1686 1091 .

1378 1305 1734 1355 CAPUT
1805 1309 1924 1354 IX.

1208 1451 1271 1495 An
1303 1450 1471 1504 Romani
1505 1444 1697 1510 Pontifices
1747 1445 2005 1515 Metropolitis
2049 1434 2098 1507 ac

1265 1534 1269 1537 Α
1288 1515 1374 1564 'aliis
1407 1514 1610 1634 Epz'stopis)¹
1621 1514 2016 1634 olllz'mptransmiserint

1607 1606 1631 1633 a
1663 1607 1703 1635 m
1718 1625 1727 1635 .
1980 1606 1982 1608 ·

1315 1707 1493 1750 Espondeo
1519 1708 1722 1742 transmisisse
1749 1732 1757 1740 .
1793 1708 1927 1742 Etenim
1955 1709 2103 1751 Magnus

1339 1758 1519 1802 Gregorius
1536 1757 1711 1791 transmitit
1731 1758 1932 1799 Constantio
1943 1756 2103 1791 Mediola-

1215 1807 1305 1842 nenfi
1320 1807 1488 1851 Episcopo
1501 1832 1513 1849 ,
1539 1807 1804 1852 Metropolitano
1817 1807 1931 1842 ltaliae.
1959 1806 2004 1841 Et
2015 1805 2104 1842 addi·
2122 1818 2240 1855 L·3·EP·
2254 1827 2276 1846 1.

1213 1858 1282 1892 dit:
1310 1858 1459 1891 Utendum
1485 1869 1524 1892 ex
1536 1869 1614 1892 more
1624 1857 1859 1902 transmisimus.
1888 1858 2021 1898 Voces,
2048 1860 2104 1890 Ex

1206 1917 1314 1947 more,
1341 1918 1457 1952 regunt
1484 1909 1517 1941 δε
1533 1909 1765 1952 participium,
1791 1910 1964 1949 Utendum,
1992 1908 2026 1941 ὃς
2039 1918 2107 1941 ver-

1214 1957 1315 1998 bum,
1342 1956 1581 2001 Transmtfimus.
1611 1958 1652 1992 Ei
1663 1959 1862 1998 transmisit,
1888 1958 1969 1992 dum
1990 1958 2108 1991 confit·-

1214 2007 1316 2042 mavit
1342 2007 1436 2051 ipfius
1461 2009 1695 2052 Episcopatum
1710 2033 1717 2040 .
1746 2009 1858 2043 Etiam
1871 2007 2042 2043 transmisit
2054 2008 2106 2051 Jo-

1213 2057 1293 2092 anni
1306 2056 1470 2100 Episcopo
1484 2059 1591 2101 primae
1604 2059 1791 2106 Iustinianae
1803 2083 1815 2099 ,
1839 2058 2106 2101 Metropolitano

1214 2106 1387 2141 Dardaniae
1406 2131 1413 2138 .
1441 2107 1485 2140 Et
1511 2106 1656 2141 addidit:
1685 2111 1740 2141 Ex
1766 2119 1845 2142 more
1870 2106 2104 2151 transmisimus.

1215 2155 1258 2189 Et
1279 2155 1319 2190 ad
1336 2155 1517 2200 Virgilium
1544 2157 1767 2191 Rrelatensem
1787 2159 1821 2191 in
1848 2159 1958 2193 Gallia
1982 2158 2106 2192 Archi-

1219 2206 1418 2248 Episcopum
1444 2205 1598 2250 rescripsit
1620 2220 1627 2240 :
1656 2208 1765 2250 Juxta
1787 2214 1944 2250 antiquum
1972 2219 2104 2249 morem,
2144 2237 2173 2268 ‚b

1213 2254 1298 2297 usum
1325 2257 1448 2297 Pallii,
1473 2267 1509 2290 ac
1538 2264 1619 2291 vices
1637 2259 1723 2291 Sedis
1752 2258 1915 2300 Apostoltcae
1938 2258 2102 2300 postulasti.
2119 2240 2280 2318 &Jemffilr'ng

1220 2305 1263 2338 Et
1280 2307 1419 2339 iterum':
1446 2305 1663 2349 Cumpriscam
1680 2305 1914 2350 consuetudinem
1932 2310 2018 2342 Sedit
2034 2314 2105 2350 Apo·
2120 2318 2180 2348 Lib.
2210 2329 2237 2353 4·

1212 2354 1320 2394 stoltcae
1334 2358 1526 2389 Frater-nitas
1554 2356 1651 2390 veBra
1662 2364 1768 2399 repetit
1779 2381 1790 2398 ‚
1814 2357 1892 2400 quid
1909 2360 1996 2391 aliud
2014 2369 2104 2400 quam
2121 2356 2197 2398 Epist
2213 2368 2259 2395 50·

1220 2405 1295 2437 bona
1316 2403 1426 2447 soboles
1437 2407 1480 2438 ad
1495 2404 1591 2446 finum
1604 2411 1715 2440 Matris
1733 2406 1865 2450 Ecclefiae
1885 2410 2034 2442 recurrit?
2060 2408 2105 2443 Et

1218 2455 1258 2488 ad
1279 2454 1531 2489 Childebettum
1558 2456 1705 2500 Regem,
1733 2459 1789 2499 qui
1811 2469 1870 2499 pro
1891 2458 2036 2501 Virgilio
2056 2458 2105 2492 in-

1219 2504 1396 2538 tercesserat
1410 2528 1420 2544 ,
1444 2504 1599 2547 rescripfit
1616 2517 1623 2537 ε
1651 2508 1774 2548 Virgilio
1791 2507 1884 2539 Palla·
1904 2506 2009 2549 usum,
2030 2506 2103 2548 ficut

1213 2552 1314 2597 prisca
1326 2553 1430 2588 babuit
1451 2552 1642 2597 consuetudo,
1669 2556 1861 2595 conceffimus.
1892 2556 1933 2589 Et
1957 2556 2103 2591 Palliurn

1218 2605 1251 2637 ἀ
1262 2603 1470 2647 Apostolicas
1482 2605 1567 2639 vices
1579 2604 1684 2645 dedit,
1714 2605 1792 2639 dum
1804 2606 2009 2640 confirmavit
2030 2602 2110 2649 ejus*

1220 2654 1452 2698 Episcopatum
1466 2681 1473 2687 .
1501 2654 1540 2688 In
1554 2654 1736 2698 Episcopali
1758 2659 1856 2690 etiam
1881 2656 2101 2690 confirmatio-

1219 2716 1258 2737 ne
1271 2704 1361 2747 juxta
1373 2705 1542 2748 antiquam
1554 2705 1824 2740 consuetudinem
1837 2706 2011 2740 transmisit
2028 2706 2102 2740 Ma-

1217 2755 1347 2789 riniano
1360 2754 1642 2799 Archi-Episcopo
1657 2755 1840 2790 Ravennati
1854 2781 1862 2788 .
1890 2755 1933 2790 Et
1953 2757 1993 2790 ad
2006 2756 2101 2800 Joan-

1218 2816 1293 2839 nem
1318 2804 1473 2839 Corinthi
1498 2805 1719 2849 Episcopum,
1746 2805 1896 2841 Helladis
1906 2806 2103 2850 Metropoli-

1218 2865 1284 2888 tam
1297 2878 1307 2894 ,
1333 2854 1505 2898 rescripsit:
1533 2856 1663 2889 Panium
1683 2856 1871 2897 direximus,
1897 2869 1954 2899 quo
1975 2862 2022 2889 ita
2043 2867 2100 2890 voe
2118 2850 2203 2891 Epist·
2228 2864 2240 2891 5
2247 2865 2271 2892 5-

1217 2911 1262 2938 uti
1282 2905 1384 2947 necesse
1394 2905 1433 2944 est
1446 2929 1457 2946 ,
1474 2904 1550 2947 ficut
1576 2907 1799 2949 Praedereffores
1810 2906 1900 2946 vestri
1920 2905 1981 2947 usi,
2006 2916 2098 2941 conce-

1216 2955 1356 2988 dentibus
1391 2954 1495 2995 nostris
1532 2956 1789 3000 Prqdeteffotibus
1816 2979 1828 2996 ,
1865 2956 2071 2998 approbantur
2083 2983 2091 2991 .

1219 3003 1345 3039 Eodem
1366 3006 1468 3039 modo
1480 3007 1687 3041 confirmavit
1709 3005 1944 3050 Episcopatum
1957 3006 2095 3041 Andreae

1218 3053 1445 3098 Nicopolitani
1458 3056 1610 3099 Episcopi
1622 3079 1634 3096 ‚
1659 3056 1883 3100 Metropolitae
1893 3057 2008 3091 veteris
2019 3056 2096 3101 Epi-

1213 3106 1241 3139 ’τί
1253 3130 1265 3147 ,
1290 3104 1462 3139 rescribens
1474 3105 1514 3139 ad
1527 3106 1595 3148 ejus
1606 3106 1851 3151 Suffraganeos:
1879 3108 2007 3141 Andreae
2019 3111 2095 3140 Fra·
2112 3123 2141 3152 L
2152 3130 2176 3158 ς,
2186 3123 2233 3161 ΕΡ,
2243 3133 2271 3159 7·

1216 3161 1259 3189 tri
1285 3156 1318 3190 Θ
1328 3154 1524 3198 Co-Eptscopo
1535 3155 1628 3196 nostro
1639 3158 1770 3190 Palltum
1780 3168 1833 3190 nos
1845 3157 1982 3200 dirextffe
2000 3169 2094 3201 cogno-

1211 3204 1307 3248 scite,
1332 3214 1422 3248 atque
1442 3207 1608 3250 Prtvtlegia
1626 3207 1754 3248 cunda,
1780 3218 1848 3250 quae
1871 3210 2093 3250 Praedeceffores

1216 3255 1300 3297 nostri
1313 3257 1378 3299 ejus
1398 3255 1831 3298 Praedeceffortbus·contulere.
1857 3258 1968 3292 Etiam
1987 3258 2092 3291 Maxi-

1216 3317 1273 3341 mo
1294 3306 1488 3342 Salonitano
1515 3306 1702 3351 Episcopo,
1727 3308 1954 3343 Dalmatarum
1967 3307 2090 3341 Metro-

277 3346 505 3385 suetudinem.
532 3351 648 3385 Sextus
667 3363 754 3387 error
775 3355 820 3388 est
833 3380 844 3396 ,
870 3357 960 3401 quod
981 3357 1039 3401 isti
1061 3357 1156 3392 trans·
1199 3357 1346 3401 politae,
1373 3355 1452 3390 dum
1471 3356 1604 3391 tandem
1627 3369 1668 3391 ex
1689 3358 1841 3403 singulari
1853 3359 1957 3403 gratia
1972 3357 2090 3391 confir·

279 3396 435 3441 gniffiosrt
447 3399 637 3442 cuniculus,
663 3412 717 3446 per
727 3413 820 3446 quem
840 3405 992 3441 Romana
1014 3407 1155 3442 Ecclefia

263 3442 267 3456 ¹
382 3446 689 3494 cbrffl.Lup10pera
708 3455 741 3484 T.
753 3457 833 3487 Vm.

1214 3407 1316 3442 mavit
1344 3406 1412 3451 ejus
1440 3406 1593 3442 vitiosum
1618 3406 1885 3451 Episcopum-tr,
1917 3403 2090 3487 tralgsrltiifit

1655 3457 1704 3503 Q
1742 3469 1765 3494 2
1991 3466 2006 3487 ⁵¹
2022 3469 2038 3476 ”
