2326 3718
401 93 460 151 58
801 91 917 137 VDE
952 87 1324 138 eamcam
1359 88 1667 140 Ecctesnz

334 177 508 220 fiaesttcorum
521 168 617 219 capite
630 172 789 220 oaogefimo
799 184 908 218 quma
918 200 929 217 ,
955 174 1060 217 Gelafit
1077 178 1172 217 Papa
1190 176 1228 208 de
1285 184 1357 208 cem
1368 198 1380 215 ,
1403 173 1493 220 quod
1502 189 1540 213 ea
1551 189 1624 223 (με
1637 190 1691 223 per
1702 178 1863 223 {ustitiam
1875 179 1910 215 dc
1920 179 2073 216 Canones
2090 186 2160 218 nor!

336 228 421 262 libris
449 224 621 267 apocryphis
641 249 656 266 .‚
683 226 851 259 Marcellini
876 230 1001 259 Comitis
1031 231 1063 258 in
1084 223 1225 259 chronico
1286 233 1433 267 poterat,
1457 229 1555 264 fuerit
1565 240 1719 264 executus
1729 242 1784 273 per
1794 230 1928 265 Laicam
1946 231 2135 267 violentiam
2148 257 2158 265 .
2218 248 2221 251 r

1282 273 1380 310 etiam
1392 273 1427 310 in
1437 277 1503 312 alio
1513 278 1589 314 loco
1602 291 1667 314 non
1680 280 1838 315 erubescit
1845 281 1997 315 sanctum
2008 283 2157 317 Leonem

1281 324 1439 358 infamare
1449 327 1491 362 de
1502 329 1595 364 variis
1605 328 1780 365 exceffibus
1789 353 1800 370 ,
1824 331 1859 366 &
1871 331 1980 366 scribit
2005 333 2090 366 inter
2099 343 2158 366 cae·

1280 385 1344 408 tera
1359 388 1369 408 :
1397 377 1514 418 ‚Quarto
1535 381 1657 423 dentque
1683 387 1714 413 in
1739 388 1873 415 canones
1890 383 2015 425 peccaffe
2031 383 2157 417 videtur

1280 428 1340 458 Leo
1355 450 1365 465 ,
1390 436 1454 458 cum
1473 436 1529 471 per
1549 435 1773 473 imperatoriam
1791 430 1976 467 saumonem
1986 434 2155 467 Gallicana·

1278 472 1409 517 Ecclefiae
1433 475 1628 520 consuetudini
1651 482 1790 524 derogare
1809 485 1926 522 primus
1936 488 2094 524 tentavit,
2119 484 2156 516 il·

1276 526 1411 567 ludqueci
1422 527 1629 564 Valentiniano
1651 538 1738 565 temo
1761 531 1906 564 Edictum
1918 530 2060 565 obtinuit.
2087 532 2153 567 Ca·

1276 575 1418 610 nonibus
1433 578 1735 616 adversariaffirmat
1752 580 1820 616 haec
1834 581 1939 616 Edisti
1957 581 2071 616 verba:
2098 587 2152 616 Νι·

1274 627 1351 675 quid
1357 635 1421 659 tam
1431 625 1586 670 Episcopi:
1598 632 1776 671 Gallicanis,
1787 644 1877 675 quam
1885 633 2012 665 aliarum
2023 634 2155 666 Provin-·

1273 683 1386 710 ciarum
1396 677 1482 710 liceat
1486 677 1548 718 fine
1559 682 1627 711 Vm
1645 682 1823 716 venerabilis
1837 685 1932 724 Papae
1942 682 2029 716 Urbtt
2040 691 2151 724 aeterng

1275 726 1457 761 authoritate
1469 736 1586 762 tentare
1596 752 1608 769 ,
1629 727 1777 773 sedilum,
1802 731 1989 775 omnibusque
2002 741 2059 774 pro
2070 736 2152 776 Lege

1265 775 1303 818 fit
1317 802 1327 817 ‚
1352 779 1505 820 quidquid
1509 777 1619 821 sanxit
1630 804 1641 819 ,
1666 778 1718 812 vel
1733 778 1870 822 sanxerit
1881 783 2044 825 Apostoltcae
2062 785 2150 816 Sedis

1271 825 1435 860 authoritas
1457 852 1464 860 .
1492 828 1548 861 Est
1571 828 1770 863 Sanfflffirna
1793 831 1997 867 Constitutio
2021 844 2028 864 :
2055 831 2149 867 Abfit

1271 889 1306 910 ut
1318 877 1412 911 sacris
1422 878 1617 913 Canonibus
1627 879 1808 914 adversetur
1820 905 1828 912 .
1855 880 1944 916 lstud
1956 893 2024 925 non
2045 882 2085 916 de
2096 894 2149 926 ap-

1272 927 1411 970 pellandi
1422 927 1492 971 jure
1503 938 1558 962 aut
1571 939 1663 963 more
1675 929 1781 962 sanxit
1794 954 1805 969 ,
1830 928 1943 964 sed-de
1965 929 2150 976 Episcopo-

1270 989 1339 1011 rum
1353 977 1683 1020 consecrationibus,
1711 978 1797 1013 circa
1819 990 1899 1023 quas
1919 980 2068 1014 Hilarius
2079 992 2168 1025 gra·>

1269 1027 1391 1062 viffime
1404 1029 1574 1064 excesserat
1588 1054 1596 1062 .
1623 1029 1728 1064 Porro
1752 1029 1826 1074 quis
1840 1030 1962 1065 nesciat
1973 1031 2124 1066 omnium
2134 1055 2156 1074 ,-

1267 1078 1365 1112 etiam
1382 1078 1640 1113 Provincialium
1654 1103 1664 1119 ‚
1692 1079 1932 1126 Episcoporum
1955 1091 2024 1114 non
2045 1080 2149 1115 solam

1267 1128 1563 1163 Confirmationem
1575 1154 1585 1170 ,
1596 1129 1648 1163 sed
1660 1129 1760 1164 etiam
1772 1130 2063 1165 Consecrationem
2076 1131 2149 1174 spe·-

1266 1179 1349 1212 stare
1360 1179 1399 1212 ad
1412 1177 1633 1213 patriarcham
1646 1181 1658 1213 ἓ
1686 1179 1740 1212 Est
1752 1190 1838 1214 certa
1864 1182 1898 1215 δε
1909 1181 1994 1215 clara
2015 1181 2148 1215 Sanstio

1266 1228 1344 1261 sexti
1359 1227 1487 1262 Nicaeni
1500 1228 1670 1268 Canonis,
1699 1229 1846 1272 adeoque
1864 1230 1910 1264 est
1924 1230 2042 1264 Canon
2057 1229 2151 1273 Apo·

1265 1278 1396 1312 stolicus
1408 1301 1415 1310 .
1445 1277 1499 1312 Ad
1512 1278 1702 1313 Gallicanos
1721 1279 1810 1312 enim
1827 1278 2006 1323 Episcopus
2026 1279 2067 1313 de
2084 1280 2147 1315 Ni-

1264 1339 1349 1363 caena
1371 1329 1508 1371 Synodo
1535 1328 1616 1363 reste
1636 1329 1756 1372 scripsit
1775 1329 1895 1372 primus
1906 1329 2121 1364 Innocentius
2133 1343 2147 1363 .-

327 278 436 320 fincero
447 300 459 315 ,
485 277 519 309 (9
530 287 588 309 non
600 280 711 310 vittata
720 300 732 315 ,
760 277 856 310 Bedae
867 282 898 309 in
911 275 1112 319 MartyrologIO
1121 299 1132 315 ,
1154 277 1222 308 alto·

334 337 475 367 rumque,
500 332 552 368 qui
570 337 637 361 cum
658 327 698 360 de
718 323 861 369 Prospero
871 331 971 358 omnia
992 327 1055 359 alia
1070 333 1196 358 narrent
1208 348 1219 364 ,

332 378 369 409 de
380 374 548 419 Eplftopalt
580 378 646 418 ejus
658 375 762 410 bonore
774 381 948 411 mentionem
960 377 1073 409 nullam
1079 374 1201 417 faciunt
1211 398 1221 407 .

329 425 526 460 Gennadius
548 426 725 471 unicuique
738 426 893 469 Scriptori
910 424 1001 460 addit
1029 423 1084 459 sui'
1103 423 1220 470 gradus

328 475 464 510 titulum
478 488 485 508 z
512 477 608 511 Dicit
619 477 712 511 fuisse
725 475 923 520 Episcopum
937 500 947 515 ‚
975 474 1219 517 Presbyterum,

326 524 520 560 Diaconum
545 551 556 567 ,
582 527 643 561 &c.
681 525 729 559 At
755 525 832 560 vero
858 525 899 560 de
925 526 1085 568 Prospero
1112 524 1218 558 dicit.-

276 582 288 598 ·
327 575 455 621 Prosper
468 576 550 610 bomo
561 582 745 620 Aquitanas.
777 574 865 609 Istud
880 576 984 618 ipsum
1012 572 1046 607 in
1070 574 1124 607 sua
1149 574 1217 608 Ro-

324 637 422 661 mana
441 627 580 669 Synodo
594 627 672 661 facit
684 626 818 659 Sanetus
830 624 974 658 Gelasius
988 648 997 663 ‚
1025 623 1059 656 &
1070 623 1162 658 addit
1173 622 1215 659 de

323 678 443 712 Sansto
466 678 643 721 Prospero.-
682 674 827 718 Opuscula
852 676 945 709 Beati
968 671 1125 716 Prosper-1,
1151 681 1214 708 virt

324 727 528 771 Religwfiffimt
539 752 546 759 .
575 727 631 760 Est
645 737 712 760 non
729 726 800 760 leve
812 735 1048 771 argumentum.
1077 724 1210 761 Etenim

325 778 445 820 Joanni
474 777 716 819 Hierosolymae
742 776 908 820 Episcopo
932 799 943 815 ,
977 775 1034 818 qui
1060 776 1211 809 sanctum

320 826 572 869 Hieronymum
587 828 771 861 nominarat
784 838 851 860 non
866 822 1019 868 adjdnflo
1043 825 1210 868 Presbyte-

318 876 345 909 ri
367 876 514 918 Titulo,
541 877 596 911 hic
618 878 801 921 respondit:
832 879 912 919 ,Quis
935 886 979 908 me
1001 877 1205 921 decapitavit.

317 924 416 961 Plura
429 927 526 969 sunt,
554 939 623 971 quae
635 926 858 962 demonstrent
880 926 955 960 istos
966 925 1105 959 Titulos
1127 925 1206 959 olim

316 987 492 1021 nunquam
514 978 608 1013 fuisse
631 977 870 1022 praetermissos.
898 975 1119 1009 Praetermiffio
1140 987 1208 1010 erat

313 1028 522 1065 nontamen·
542 1054 551 1062 .
588 1029 725 1070 Prosper
744 1026 845 1071 igitur
876 1026 939 1058 fuit
960 1024 1147 1059 Monachus
1173 1027 1206 1060 ἀ

312 1075 459 1120 Laicus,
483 1076 626 1122 ideoque
646 1075 740 1120 possit
762 1086 831 1110 non
844 1073 936 1109 fuiffe
950 1075 1058 1109 Sancti
1083 1076 1205 1110 Leonis

311 1127 508 1166 &cretariue
525 1152 534 1161 .
560 1126 660 1161 Certe
685 1135 816 1160 tautum
840 1137 960 1160 munus
982 1126 1111 1160 videtur
1134 1138 1202 1160 non

309 1177 461 1214 cecidisse
479 1178 514 1209 in
533 1176 673 1211 Lareum
686 1175 893 1210 Monachum
908 1201 915 1208 .
944 1176 1101 1210 Attamen
1131 1188 1203 1220 prae·

309 1226 396 1259 fatus
407 1225 599 1260 Gennadius
610 1226 783 1271 adjungit:
809 1227 952 1268 Epistolae
976 1229 1071 1267 Papae
1094 1228 1202 1259 Leonis

308 1277 461 1311 adversas
486 1276 639 1316 Eutychen
664 1278 701 1310 de
725 1289 799 1310 vera
811 1276 921 1316 Christi
934 1281 1140 1309 Imm-natione
1159 1278 1204 1309 ad

308 1325 443 1370 diversos
456 1328 538 1360 datae
551 1352 562 1367 ,
588 1329 608 1359 ἂ
623 1326 760 1371 Prospero
770 1327 892 1360 dtHatae
903 1327 1045 1360 dicuntur
1057 1352 1064 1358 .
1100 1322 1179 1359 Vox
1190 1349 1201 1365 ,

307 1379 474 1418 Dicuntur,
500 1378 636 1412 affirmat
660 1388 727 1412 rem
750 1376 812 1411 esse
835 1376 987 1413 dubiam.
1017 1375 1071 1410 Ut
1089 1387 1124 1410 ut
1137 1377 1198 1417 fit,

306 1427 444 1462 laudatae
454 1428 597 1471 epistolae
607 1428 714 1472 palam
727 1428 900 1471 przdicant
912 1425 1115 1461 Sardicenses
1138 1427 1198 1462 Ca-

304 1489 430 1520 nones,
457 1489 555 1523 atque
566 1479 612 1514 ita
626 1480 729 1522 liquet
743 1477 803 1513 hos
816 1477 948 1512 istarum
964 1477 1198 1520 ,quiscumque

303 1528 421 1570 fuerit,
447 1528 577 1564 authori
591 1529 763 1573 placuisse.
792 1527 911 1563 Par-um
934 1528 1030 1562 refert
1055 1525 1096 1560 ad
1122 1537 1195 1569 prz-

303 1579 428 1613 sentem
457 1581 644 1614 materiam.

352 1627 449 1661 Alter
471 1630 612 1662 excessus
636 1628 703 1668 est,
730 1624 818 1671 qnod
830 1625 942 1661 denuo
965 1623 1075 1660 laudet
1089 1623 1196 1658 infeli-

300 1677 459 1711 cissimam
487 1675 703 1720 quorumdam
733 1677 968 1708 Africanorum
996 1673 1193 1705 Antistitum

299 1727 342 1764 ad
363 1728 518 1760 Sanctum
542 1724 743 1758 Pontificem
772 1722 983 1756 Caelestinum
1001 1721 1193 1764 epistolam,

300 1787 340 1814 ae
361 1776 395 1809 in
419 1775 484 1818 ipsa
510 1772 625 1808 fundet
651 1773 704 1807 fita
729 1771 879 1807 adversus
891 1771 1117 1815 Apostolicam
1141 1772 1193 1804 Se·

301 1826 378 1861 dem
399 1825 582 1860 tentamina
600 1849 607 1856 .
641 1823 696 1857 Est
721 1834 767 1857 res
790 1822 1012 1866 indignissima
1035 1846 1046 1861 ,
1073 1822 1192 1855 lamen-

301 1876 403 1913 tanda
414 1875 449 1908 in
462 1875 605 1909 Dostore
614 1872 795 1909 Catholico
805 1898 812 1905 .
844 1872 998 1906 Excessus
1009 1872 1122 1906 tertius
1134 1872 1192 1911 est,

302 1926 394 1972 quod
405 1927 538 1960 sanstus
560 1925 633 1963 Leo
644 1935 703 1967 pro
726 1925 784 1958 suo
807 1922 946 1967 ingenio
958 1922 1076 1956 viderit
1088 1920 1192 1956 Sardi-

302 1976 415 2011 censcs
426 1975 580 2009 Canones
602 1974 685 2008 nihil
710 1973 750 2008 de
760 1971 1058 2017 appellationibus,
1085 1972 1135 2005 vel
1150 1972 1192 2006 de

301 2026 549 2071 Retra&atione
559 2026 723 2059 sententiae
744 2023 859 2058 Romae
870 2021 1051 2067 peragenda
1075 2021 1191 2056 statue-

301 2088 338 2112 ro
347 2102 359 2119 ,
385 2076 439 2111 sed
449 2076 588 2120 amplius
601 2073 685 2109 nihil
698 2074 855 2108 Romano
866 2072 1022 2108 Pontifici
1035 2071 1190 2107 concede-

303 2139 358 2167 re,
383 2126 480 2172 quam
493 2137 530 2160 ut
544 2137 668 2160 novum
679 2124 802 2159 indicat
816 2123 979 2167 Iudicium
991 2148 1002 2164 ,
1029 2123 1063 2156 in
1077 2122 1191 2156 eadem

304 2176 482 2218 Provincia
494 2175 739 2212 celebrandum.
766 2175 850 2208 Sunt
867 2173 1038 2207 Paradoxa
1051 2197 1062 2213 ,
1073 2173 1190 2216 partim

304 2228 421 2262 revista
443 2227 480 2261 in
502 2224 739 2270 superior-ibim,
766 2223 881 2268 partim
903 2235 983 2258 mox
1003 2222 1123 2266 largius
1138 2234 1191 2255 re·-

304 2277 472 2312 vincenda
495 2302 503 2311 .
531 2277 678 2325 Qartus
698 2275 841 2309 excessus
863 2273 909 2307 est
933 2296 944 2311 ,
968 2272 1058 2316 quod
1081 2272 1188 2306 Sancti

305 2328 432 2363 Leonis
459 2326 602 2370 epistolae
623 2324 707 2358 nulli
734 2323 913 2361 militarent
931 2323 1104 2357 Canones.
1133 2321 1190 2355 Et-

1262 1377 1404 1421 Ept‘scopt
1427 1384 1460 1411 in
1480 1391 1571 1412 unum
1591 1384 1758 1423 congregati
1775 1379 1947 1421 apostolicas
1970 1380 2153 1414 traditiones

1259 1431 1306 1475 ad
1314 1434 1443 1462 omnium
1460 1435 1598 1462 notitiam
1607 1434 1771 1471 pervenit-e
1783 1430 1942 1464 vomerum·
1951 1453 1960 1462 .
1988 1429 2157 1464 Nicaenos*

1261 1479 1417 1513 ‘Canones
1438 1480 1577 1513 affirmat
1598 1481 1662 1514 effe
1681 1479 1894 1522 Apostolicos
1915 1504 1924 1513 .
1957 1478 2155 1515 Secundum*

1262 1527 1323 1560 hos
1346 1527 1446 1570 igitur
1472 1527 1628 1564 Canones
1649 1527 1824 1562 Romanus
1846 1528 1995 1562 Antistes
2014 1529 2157 1563 cunae·-

1261 1587 1331 1609 rum
1351 1586 1405 1618 per
1432 1574 1523 1609 suurn
1538 1574 1796 1612 patriarchatum
1817 1576 2157 1622 Epis-:operumprnv

1261 1626 1348 1658 viam
1361 1624 1658 1656 Confirmationem
1684 1626 1718 1658 dt
1730 1625 2025 1660 Consecrationem
2038 1625 2154 1670 potest'

1259 1672 1300 1706 ad
1314 1674 1343 1705 se
1356 1672 1481 1706 trahere
1493 1697 1503 1712 ,
1530 1672 1758 1716 Metropolitis
1771 1673 1980 1717 permittere,
2006 1674 2092 1711 varie
2101 1675 2155 1711 de·

1259 1721 1331 1766 ipsis
1354 1733 1396 1756 ex
1416 1721 1551 1756 arbitrio
1577 1723 1746 1765 disponere
1765 1749 1772 1757 .
1810 1725 1890 1758 Hoc
1912 1725 2019 1759 firmat
2043 1731 2154 1770 atque*

1257 1773 1428 1816 exequitur
1447 1772 1578 1806 laudata
1600 1772 1831 1807 Valentiniani
1853 1773 2070 1816 constitutio,
2096 1780 2153 1809 at·'

1257 1835 1321 1867 que
1332 1823 1376 1856 ita
1390 1823 1577 1857 nullatenus
1591 1823 1748 1868 impingit
1761 1824 1795 1857 in
1809 1823 1967 1858 Canones
1978 1849 1987 1858 .
2016 1824 2151 1859 Evertit.

1257 1872 1379 1907 Hilarii
1389 1873 1588 1907 calumniam
1601 1898 1613 1914 ‚
1640 1874 1743 1917 quiin
1756 1874 1901 1908 Galliam
1917 1874 2020 1909 redux
2030 1874 2076 1910 ad'
2088 1874 2155 1909 dem

1259 1921 1439 1967 pravandos
1451 1923 1663 1968 Collegarum
1674 1924 1802 1958 animos
1822 1923 2001 1959 blaterabat
2012 1950 2024 1965 ‚
2049 1922 2154 1969 quod¹

1257 1973 1415 2008 Pontifex
1435 1974 1588 2008 omnium
1625 1973 1875 2009 provinciarum
1902 1974 2145 2009 Ordinationes

1256 2022 1310 2059 sibi
1325 2024 1421 2058 vellet
1430 2022 1621 2058 defendere.
1650 2024 1817 2070 Augustus
1829 2025 1984 2068 Princeps
2003 2025 2152 2059 affirmati

1258 2075 1359 2118 ipsum
1375 2074 1447 2118 Jure
1463 2074 1496 2107 id
1507 2073 1651 2108 omnino
1663 2076 1751 2118 poffe
1763 2099 1771 2106 .
1799 2074 1855 2108 Est
1874 2087 1921 2110 res
1941 2075 2074 2109 alterius
2097 2075 2151 2108 10·

1257 2125 1285 2158 ci
1298 2150 1306 2156 .
1333 2119 1467 2158 Interim
1479 2122 1665 2158 Paschasius
1678 2124 1878 2170 Quesnellus
1887 2148 1899 2165 ‚
1924 2134 2007 2169 quot
2017 2124 2066 2158 ibi
2079 2127 2150 2159 vet·-⁴

1258 2175 1295 2209 ba
1308 2199 1318 2215 ,
1346 2184 1397 2208 tot
1413 2172 1511 2207 habet
1522 2174 1556 2206 in
1568 2174 1731 2217 Magnum
1745 2174 1895 2209 Leonem
1905 2173 2155 2218 contumelias..

1305 2223 1365 2257 Ista
1389 2222 1538 2267 Augusta
1558 2224 1753 2257 constitutio
1774 2223 1856 2257 adeo
1882 2224 2068 2268 perstringit
2095 2232 2153 2258 at·-

1252 2284 1315 2317 que
1329 2271 1467 2306 offendit
1483 2270 1580 2315 hujus
1592 2273 1650 2305 viri
1663 2272 1803 2313 oculos,
1829 2282 1866 2307 ut
1890 2273 1931 2307 ad
1944 2274 2148 2308 circumscri-

1253 2318 1394 2358 bendam
1405 2322 1472 2365 ejus
1483 2320 1716 2356 authoritatem
1727 2332 1864 2367 cogatur
1883 2324 1984 2358 etiam
2011 2323 2153 2367 Episco-

1252 2385 1296 2416 po
1319 2373 1476 2413 Hilario,
1503 2373 1564 2407 suo
1587 2371 1789 2406 dilefflffimo
1806 2372 1946 2414 clienti,
1971 2372 2149 2407 maledice·

1253 2435 1286 2457 re
1298 2448 1305 2455 .
1333 2422 1430 2457 Plura
1444 2424 1567 2456 rursum
1581 2423 1730 2466 congerit
1740 2434 1781 2456 ex
1801 2422 2018 2458 infeliciffima
2043 2433 2146 2467 atque

304 2475 519 2520 irrefragabili
546 2470 736 2509 testimonio
761 2475 869 2511 Sanffi
890 2472 968 2515 Julii
992 2471 1184 2505 Pontificis-
1251 2474 1387 2507 erratica
1413 2471 1621 2517 quorundam
1647 2473 1806 2507 Afrorum
1837 2472 1995 2517 epistola,
2019 2473 2053 2507 dc
2074 2483 2143 2516 per-

306 2526 453 2572 Qintus
473 2523 617 2559 excessus
635 2524 703 2563 est,
730 2522 821 2567 quod
847 2532 939 2556 vetus
958 2545 969 2562 ‚
995 2521 1188 2556 Canonibus
1252 2524 1325 2569 git:
1351 2525 1432 2567 Quis
1452 2533 1510 2555 non
1535 2520 1700 2565 acquiescat
1721 2531 1767 2556 tot
1786 2527 1938 2555 rationum
1961 2527 2140 2564 momentis,

305 2377 397 2410 enim
420 2386 488 2410 non
500 2374 587 2410 solos
610 2374 834 2414 sardicenses,
861 2373 1024 2408 sedetiam
1036 2372 1190 2406 Nicaenos
1235 2274 1242 2571 Ι

304 2576 478 2616 roborata,
505 2573 710 2609 consuetudo
719 2572 890 2616 epistolam
913 2571 1070 2606 novitatis
1079 2583 1189 2617 argue-
1250 2573 1357 2616 qubus
1388 2574 1467 2616 qutd
1486 2578 1592 2613 oppam
1611 2573 1715 2614 poffit,
1739 2572 1833 2613 plane
1855 2583 1913 2604 non
1937 2573 2025 2605 video
2048 2595 2060 2612 ,
2085 2570 2143 2613 ntfi

306 2425 480 2467 militasse,
507 2426 598 2470 supra
621 2424 878 2459 demonstratum
898 2424 944 2458 est
958 2421 1069 2457 lucido
1094 2431 1190 2465 atque

304 2626 365 2661 rit.
394 2624 450 2662 Ad
460 2625 580 2659 fimiles
599 2622 760 2658 Acaciani
785 2620 965 2656 schismatis
983 2632 1084 2667 nugas
1107 2621 1189 2656 olim
1252 2624 1359 2658 Sanc‘lo
1371 2627 1462 2656 Leoni
1474 2619 1569 2664 visum
1587 2622 1638 2664 effe
1646 2630 1702 2663 pro
1714 2620 1845 2662 Ecclefiae
1855 2621 1944 2661 bono,
1969 2623 2004 2655 ὁ·
2027 2622 2072 2655 ad
2085 2627 2142 2654 mt-

305 2676 449 2719 reposuit
461 2676 593 2710 sanctus
617 2673 705 2716 Papa
722 2671 887 2706 Gelasius:
915 2673 1055 2706 Viderint
1074 2671 1102 2713 fi
1117 2673 1188 2706 altor
1253 2674 1404 2708 nuendam
1415 2673 1526 2705 Hilarii
1534 2671 1726 2714 potestatem,
1751 2682 1819 2714 quae
1832 2669 2016 2714 adversariis
2024 2676 2140 2716 gratiae

307 2724 443 2759 babeant
453 2728 612 2765 canones,
637 2719 821 2766 quibussuas
830 2727 964 2764 ineptias
985 2732 1189 2765 exequamur.

307 2779 460 2809 Gaeterum
470 2774 536 2816 isti,
562 2776 707 2817 quisacrt
720 2797 732 2813 ,
758 2778 810 2815 qut
820 2771 1027 2816 Ecclessastlct,
1053 2777 1103 2813 qut
1125 2773 1191 2817 Iegi-

306 2831 376 2863 timi
397 2825 579 2860 celebrantur
601 2849 612 2866 ‚
649 2822 773 2859 Leonis
797 2822 968 2866 epistolam
989 2822 1133 2856 fulciunt
1158 2823 1191 2856 &

306 2878 439 2912 firmant
461 2901 468 2908 .
494 2873 715 2960 Qorundam
735 2871 837 2908 hodie
859 2871 1008 2907 adversus
1030 2873 1190 2907 Divinam

1252 2727 1311 2758 Dei
1335 2730 1366 2757 in
1383 2723 1487 2756 Gallia
1511 2720 1759 2766 invalefi‘enttbus
1780 2727 1895 2756 animos
1907 2721 2040 2755 addebat
2047 2746 2059 2763 ,
2085 2733 2141 2755 no-

1251 2773 1391 2816 vumfibi
1398 2775 1454 2814 jus
1463 2780 1574 2814 parare
1588 2797 1598 2814 ,
1625 2777 1815 2814 Imperatoris
1836 2771 2018 2806 authoritate
2040 2777 2140 2804 munl-

1251 2833 1304 2865 to,
1328 2825 1413 2865 cujus
1435 2828 1568 2855 animam
1585 2831 1640 2865 pro
1663 2823 1808 2863 arbitrio,
1833 2825 1890 2865 qua
1914 2822 2026 2862 vellet,
2053 2823 2138 2855 incli-

1251 2874 1345 2907 nabat
1356 2899 1364 2907 .
1392 2873 1479 2920 Qis
1491 2872 1580 2908 hunc
1594 2873 1695 2906 virum
1709 2873 1749 2906 ad
1763 2871 2029 2906 maledicendum
2049 2883 2132 2906 con-

1249 2923 1402 2964 duxerit,
1413 2924 1551 2969 ignoro.
1580 2922 1750 2956 Maledicit
1762 2922 1891 2966 Magno
1902 2922 2009 2956 Leoni
2024 2919 2142 2966 ,quod'

1252 2974 1406 3019 papalem
1443 2972 1676 3008 authoritatem
1702 2972 1875 3006 tentaverit
1911 2972 1995 3006 ultra
2030 2981 2147 3006 metas·

1251 3026 1438 3068 transfigere
1459 3049 1467 3057 .
1496 3022 1671 3057 Maledicit
1692 3023 1845 3067 Augusto
1867 3021 2135 3061 Valentiniano,

1250 3075 1340 3120 quod
1352 3074 1508 3109 Pontifici
1521 3072 1562 3107 ad
1575 3072 1762 3113 novitates,
1790 3072 1931 3116 ideoque
1956 3072 1989 3106 ὅ(
2011 3071 2053 3108 ad
2074 3071 2135 3105 i'ni-

1250 3126 1388 3167 quitates
1410 3124 1565 3158 serviliter
1584 3121 1767 3157 obediverit
1788 3147 1796 3154 .
1823 3120 1999 3156 Maledicit
2016 3120 2133 3155 Sancto

1251 3175 1384 3209 Hilario
1398 3198 1409 3215 ,
1436 3173 1525 3217 quod
1545 3172 1845 3217 Semi-pelagianae
1870 3171 2008 3217 perfidiae
2031 3170 2134 3204 fuerit

1252 3223 1407 3267 Princeps
1432 3234 1529 3268 atque
1541 3223 1711 3258 incentor.

307 2926 508 2972 Apostolicae
554 2923 621 2959 edis
642 2923 839 2970 dignitatem
864 2923 1064 2967 conspiratio
1084 2924 1190 2957 revera

307 2977 406 3011 habet
426 2977 510 3011 alios
529 2975 684 3010 Canones
699 2998 706 3006 .
733 2972 867 3008 Etenim
889 2973 1057 3007 Dominus
1075 2971 1190 3007 Petrus

307 3026 350 3060 de
362 3026 474 3058 Marca
496 3025 647 3068 producit
668 3021 985 3068 Philippo-politam
1008 3023 1189 3057 Conventi·

308 3074 505 3109 culilittetas
517 3096 529 3112 ‚
555 3074 751 3109 Eusebianas
762 3098 773 3114 ,
800 3072 1027 3108 Schistnaticas
1038 3097 1050 3114 ‚
1075 3073 1188 3107 Haere-

308 3126 389 3159 ticas
401 3148 411 3164 ‚
425 3123 466 3157 ab
479 3123 571 3156 omni
582 3123 640 3157 sub
652 3125 750 3159 Coelo
761 3123 903 3158 Ecclesia
912 3122 1167 3157 damnatiffimas
1179 3135 1186 3155 :

307 3175 352 3209 Et
374 3185 416 3208 ex
438 3173 508 3216 ipsis
531 3172 637 3207 studet
660 3173 811 3210 Sanstum
835 3174 970 3210 Petrum
992 3173 1104 3207 denuo
1129 3172 1188 3207 cri-

306 3225 415 3260 beare.

357 3276 474 3308 Sextus
493 3274 635 3308 excessus
656 3273 700 3307 est
715 3297 727 3313 ,
753 3274 842 3317 quod
867 3277 927 3311 suae
936 3273 1079 3320 epistolae
1100 3271 1187 3307 infir-

307 3325 457 3359 mitatem
471 3322 571 3355 sciens
581 3322 714 3356 Sanstus
726 3323 796 3357 Leo
808 3347 819 3363 ,
845 3322 946 3367 ipsam
956 3323 1115 3361 curaverit
1126 3324 1188 3358 Im-

307 3373 467 3424 peratoria
479 3371 716 3415 constitutione
733 3373 875 3407 muniri.
902 3375 1024 3422 Arguit
1043 3372 1188 3410 Pontifi-

1299 3274 1462 3317 Septimus
1480 3272 1613 3308 tandem
1633 3273 1721 3307 illius
1741 3285 1830 3308 error
1867 3280 1963 3314 atque
1985 3269 2132 3305 excessus

1249 3324 1292 3360 est
1305 3346 1315 3363 ,
1340 3321 1428 3367 quod
1451 3323 1512 3357 ista
1533 3323 1740 3358 Constitutio
1755 3335 1814 3370 pro
1831 3319 1996 3356 afferendo
2007 3319 2133 3354 Roma·

1252 3386 1297 3410 nae
1309 3373 1550 3420 Appellationis
1560 3373 1630 3424 iure
1648 3385 1720 3409 non
1733 3373 1874 3411 adducat
1885 3369 2042 3407 Canones
2062 3371 2136 3416 Sarg

2037 3418 2083 3456 di.
