2326 3718
84 1441 158 1476 Lib..
175 1453 201 1473 2.

88 1482 164 1522 Cap·
174 1492 186 1513 1
195 1494 219 1513 ι.

220 2114 224 2119 ,
258 2076 428 2123 Populum
445 2081 522 2115 esset
550 2079 651 2124 longe
673 2076 876 2114 notiffimus.
903 2078 947 2112 Et
958 2076 1038 2112 hinc
1049 2077 1140 2121 Justi-

90 3216 175 3257 Epist.
195 3230 243 3258 49.

719 151 1004 197 Roianus
1038 149 1622 196 Aprum-fromaus.

268 236 395 281 Iudices
415 237 558 279 Romam
579 236 709 272 evocari
729 236 922 280 permittant
943 261 955 277 ‚
980 245 1041 271 nec
1065 234 1141 269 istas

263 285 375 321 causas
396 298 450 330 per
475 286 672 323 Pontificem
695 286 853 321 netractari
876 312 882 319 .
909 286 1012 320 Hunc
1034 284 1140 330 Magi·

265 335 367 371 strum
379 337 525 372 nostrum
535 339 630 382 plane
640 336 737 371 credo
748 337 812 370 effe
821 347 889 372 non
901 334 1068 370 dumtaxat
1077 335 1141 370 elo·

260 386 509 430 quentiffimum
523 413 534 429 ,
561 387 615 423 sed
633 387 669 421 ἀ
689 386 974 430 sapientissimum:
1001 384 1138 419 Easdem

263 436 399 471 interim
419 438 553 473 virtutes
576 437 717 471 omnino
742 437 842 471 credo
865 436 993 470 infuisse
1015 445 1138 478 magno

263 485 396 527 Leoni,
422 498 482 522 nec
499 499 566 523 non
590 488 623 521 &
645 486 873 521 Valentiniani
888 486 945 520 111.
968 483 1138 518 -Affeffori-

264 535 344 570 bus.
371 537 415 570 Et
431 535 486 571 hic
497 538 564 581 ipse
577 536 737 581 Magister
749 537 915 581 profitetur
925 536 957 569 se
974 533 1041 568 istis
1062 545 1138 567 om—

263 585 362 621 nibus
382 585 514 621 scribere
532 586 710 622 contraria.
736 588 803 621 Cui
826 587 924 632 igitur
944 585 984 618 fit
1003 581 1139 617 creden-

262 635 343 671 dum
371 635 583 678 judicandum
606 638 762 681 permitto
783 635 906 672 cunctis
929 633 1137 668 Lectoribus.

262 684 368 732 Qod
378 685 480 730 igitur
492 688 549 722 iste
562 687 722 731 Magister
733 686 774 721 ab
785 685 874 720 avito
885 684 1065 718 Gallicanae
1078 685 1138 718 Ec·

260 735 362 770 clefiae
383 736 476 771 sensu
497 735 683 783 longiffime
713 735 890 770 retrocedat
914 758 925 775 ‚
951 734 1029 768 licet
1052 733 1136 768 tanti

259 783 438 820 Pontificis
463 798 501 822 ac
539 788 673 821 istorum
709 785 907 825 Affefl'orum
942 782 1139 818 Authoritas

259 833 390 870 abunde
400 836 550 878 evincat,
575 836 654 871 volo
666 846 775 870 tamen
793 833 906 879 >paucis
918 834 992 868 aliis
1002 834 1136 868 demon-

259 885 358 920 strare
368 886 526 930 exemplis
537 898 577 920 ac
587 885 783 922 testimoniis
793 909 800 916 .
828 884 998 918 Gloriosus
1018 883 1138 917 Treve-

261 935 401 970 rentium
421 935 568 968 Antistes
592 933 797 968 Maximinus
813 932 909 977 Papae
920 933 1009 977 Julio
1020 931 1138 967 author

260 984 343 1022 fuit,
371 993 440 1017 non
453 982 625 1018 dumtaxat
636 994 672 1018 ut
684 984 837 1019 Sanstum
849 982 1063 1018 Athanasium
1075 982 1139 1017 sta-

258 1031 324 1066 tim
344 1031 508 1067 revestiret
524 1057 537 1074 ,
563 1034 617 1069 sed
638 1034 738 1068 etiam
766 1044 802 1068 ut
826 1033 895 1076 ejus
918 1032 1139 1068 Damnatores

258 1081 372 1117 citaret
382 1081 529 1118 Romam
540 1097 552 1117 .·
578 1084 622 1119 Et
633 1082 718 1118 hanc
729 1084 886 1119 vetustam
899 1083 1059 1117 Romanae
1070 1083 1125 1126 Ap

258 1131 446 1176 pellationis
456 1133 662 1178 disciplinam
673 1135 798 1170 curavit
808 1134 959 1172 innovari
968 1143 1064 1177 atque
1082 1134 1140 1167 fir-

258 1182 343 1217 mari
358 1194 413 1227 per
423 1183 627 1219 sardicenses
638 1184 795 1220 Canones
806 1209 815 1216 .
840 1184 967 1219 Omnia
991 1183 1050 1218 ista
1064 1181 1140 1218 fecit

258 1243 302 1267 ex
321 1234 412 1269 avito
433 1235 526 1269 sensu
549 1235 728 1269 Gallicanae
752 1233 916 1270 Ecclefiae.
946 1233 1002 1269 De
1023 1233 1140 1268 Sancto

260 1283 393 1318 Briccio
414 1282 602 1319 Turonenfi
624 1285 786 1329 Episcopo
798 1310 811 1327 ‚
835 1295 891 1328 per
911 1283 1065 1319 rebellem
1085 1294 1141 1327 po-

259 1333 376 1377 pulum
388 1332 508 1376 ejecto,
532 1335 568 1369 ἀ
578 1335 723 1370 Romam
734 1334 876 1370 abeunte
892 1344 931 1370 ac
940 1333 1139 1378 appellante,

258 1383 373 1419 scribit
391 1384 525 1419 Sandius
546 1384 617 1429 ejus
644 1386 812 1421 Successor
837 1384 1018 1429 Gregorius
1041 1395 1049 1416 ε
1077 1381 1142 1423 Post

258 1436 345 1477 cujus
354 1432 508 1479 absceffum
517 1436 606 1476 aeJ’unt
615 1437 754 1470 Turonicl
762 1434 815 1480 suo
825 1435 977 1470 Sacerdoti
980 1434 1011 1477 J
1014 1433 1139 1474 ostansa-

258 1495 298 1519 no
307 1510 318 1526 ,
332 1496 419 1528 quem
430 1486 864 1530 Bricctosuperordtnaverant
878 1509 889 1525 ‚
900 1486 982 1519 vade
989 1483 1052 1527 post
1064 1495 1142 1522 eum,

259 1535 403 1569 &exerce
413 1540 559 1577 negotium
569 1542 652 1566 tuum
666 1559 674 1567 .
701 1536 787 1577 ‚Quia
798 1532 826 1572 fi
827 1531 999 1573 prosecutus
1012 1543 1078 1563 eum
1087 1543 1144 1564 non

251 1583 372 1622 fiacus,
399 1584 446 1611 ad
462 1582 589 1617 nostrum
614 1587 745 1613 omnium
754 1586 952 1619 contemptum
971 1579 1144 1613 humiliabe-

256 1633 320 1664 τις.
341 1630 376 1673 J
377 1625 541 1668 usttmanus
562 1637 634 1660 vero
655 1628 967 1671 egreffusaTuronts,
993 1627 1142 1659 Vercellas

257 1677 360 1713 Italtae
380 1681 536 1712 civitatem
557 1677 725 1720 adgressus,
746 1677 874 1722 Judicio
895 1679 957 1710 Dei
972 1676 1120 1719 percussus
1132 1699 1143 1715 ,

258 1728 331 1763 obiit
346 1733 542 1771 peregrinus.
568 1726 691 1761 Omnis
717 1725 864 1771 Populus
888 1736 963 1760 cum
988 1724 1143 1770 gravibus

257 1777 361 1815 minis
383 1776 568 1821 Iustiniano
586 1774 777 1817 mandavit,
802 1786 839 1810 ut
859 1775 892 1810 ὅ(
914 1776 982 1820 ipse
993 1776 1140 1810 Romam

256 1827 427 1865 accederet
447 1852 459 1869 ‚
487 1827 523 1861 in
544 1826 784 1863 Retrastatorio
803 1824 977 1861 Pontificis
1010 1825 1142 1870 Judicio

257 1886 455 1924 purgaturus
474 1876 618 1913 civitatis
642 1878 759 1912 sactum
772 1901 784 1918 ,
809 1888 847 1912 ac
858 1877 949 1910 suam
961 1875 1142 1911 ordinatio-

258 1939 338 1965 nem
346 1927 551 1964 defensurus.
578 1928 754 1963 Mandavit
764 1928 855 1971 juxta
867 1926 1070 1962 Sardicenses
1081 1927 1140 1961 Ca-

259 1989 367 2014 nones
377 2005 384 2012 .
412 1979 515 2026 Quod
526 1989 643 2022 nempe
654 1989 768 2014 eorum
781 1976 1141 2023 legitimusintellestus

259 2039 332 2064 non
343 2030 429 2074 apud
440 2030 547 2064 solum
559 2029 693 2064 Clerum
704 2052 716 2069 ,
742 2026 797 2062 sed
806 2028 908 2062 etiam
918 2025 1004 2071 apud
1022 2026 1140 2061 Galliae

260 2130 382 2163 nianus
401 2128 551 2173 prompte
572 2129 738 2163 obedivit.
766 2127 945 2173 Gregorius
965 2126 1139 2172 adjungit,

259 2178 352 2221 quod
374 2178 518 2213 Briccius
534 2190 590 2222 per
612 2179 806 2214 Romanum
828 2176 1028 2220 Apostolicae
1050 2175 1140 2212 Sedis

259 2226 428 2271 Iudicium
439 2226 570 2263 tandem
581 2230 736 2273 receperit
745 2228 838 2262 suum
849 2226 1031 2262 Thronum
1041 2236 1140 2270 atque

259 2277 439 2312 Ecclesiam
465 2304 472 2313 .
499 2277 649 2313 Heroten
675 2278 710 2312 δε
730 2278 889 2313 Lazarum
910 2301 921 2317 ‚
947 2277 1139 2312 Gallicanos

258 2327 463 2373 Episcopos,
489 2329 643 2363 Zozimus
662 2327 820 2362 Pontifex
843 2327 877 2361 in
891 2327 1007 2362 litteris
1016 2326 1056 2362 ad
1069 2326 1137 2362 Au-

259 2378 377 2412 relium
390 2377 682 2424 Carthaginensem
692 2379 726 2413 &
734 2387 864 2412 caeteros
877 2377 995 2411 Africae
1005 2377 1136 2421 Episco-

260 2437 322 2470 pos
341 2428 479 2471 appellat
491 2443 501 2461 .-
528 2426 735 2471 Erubescenda
758 2427 866 2461 Fac‘lss
879 2429 914 2461 et
925 2431 1135 2461 Damnationi-

260 2476 319 2509 bus
330 2483 450 2510 nomina
460 2502 471 2518 ,
491 2477 524 2510 &
535 2478 705 2523 adjungit:
732 2479 870 2520 specialis
881 2479 946 2511 illos
957 2479 1043 2511 Sedis
1062 2480 1135 2520 Apo-

255 2525 363 2566 stolicae
383 2525 556 2559 Authoritas
577 2527 617 2560 ab
639 2532 718 2560 omni
747 2533 943 2562 communione
967 2525 1131 2571 submovit.

259 2575 391 2619 Nempe
401 2576 436 2610 in
446 2574 555 2611 Gallia
565 2577 711 2612 damnati
729 2577 874 2611 Romam
893 2577 1133 2622 appellaverant

258 2634 357 2670 atque
373 2626 588 2661 accesserant.-
617 2628 660 2661 Εἰ
684 2638 798 2661 eorum
808 2626 937 2662 causam
949 2628 1065 2663 Romae
1081 2638 1135 2671 per

257 2676 478 2720 semet-ipsum
508 2678 688 2712 retrastarat
715 2677 872 2711 Zozimus
892 2701 902 2717 ‚
926 2677 961 2712 δε
992 2679 1134 2712 firmarat

259 2725 469 2761 Gallicanam
480 2727 691 2762 sententiam.
718 2726 810 2762 Idem
823 2726 981 2762 Pontifex
1002 2727 1038 2762 in
1051 2728 1134 2762 litte-

259 2776 303 2810 ris
320 2775 362 2810 ad
385 2776 555 2811 Hilarium
575 2776 824 2812 Narbonensem
849 2778 1048 2822 Episcopum
1057 2788 1133 2813 enu-

257 2835 362 2860 merat
375 2826 466 2861 Urfii
477 2839 515 2862 ac
525 2826 689 2869 Tuentii‚
715 2827 889 2862 Gallorum
910 2840 950 2863 ac
971 2829 1007 2863 in
1025 2828 1134 2863 Gallia

257 2875 487 2911 damnatorum
499 2878 755 2922 Episcoporum,
779 2877 916 2912 crimina
930 2902 941 2920 ‚
966 2878 1001 2913 ὃς
1021 2877 1135 2923 adjun-

260 2925 312 2971 git
324 2939 335 2959 .·
361 2930 434 2961 Haec
454 2934 554 2964 omnia
572 2929 660 2972 apud
681 2938 733 2961 nos
755 2927 850 2968 Gestts
862 2953 874 2970 ‚
899 2927 1134 2972 Testimontisque

260 2974 381 3020 dtscuffa
384 2975 474 3021 sunt.
501 2978 634 3024 Utique
646 2978 681 3012 in
694 2979 913 3014 retractatorio
932 2977 1134 3023 Appellatio·

262 3025 313 3058 nis
323 3026 454 3069 Iudicio
467 3052 475 3060 .
503 3029 558 3063 De
579 3028 690 3063 nescio
712 3039 780 3072 quo
805 3026 963 3063 obscoeno
983 3029 1106 3072 Juvene
1122 3053 1133 3070 ,

263 3083 360 3116 quem
369 3076 500 3112 subdere
512 3078 642 3114 volebat
653 3078 790 3122 publicae
797 3078 994 3123 poenitentiae
1004 3102 1016 3119 ,
1041 3079 1083 3114 ad
1099 3079 1133 3113 il·

264 3122 392 3159 lustrem
401 3127 504 3163 vitum
517 3127 769 3163 Ansemondum
779 3129 899 3173 scripsit
911 3129 1045 3164 Sanstus
1057 3129 1134 3163 Avi·

263 3179 319 3206 tus
341 3172 529 3212 Viennensis
550 3177 858 3222 Archi-Episcopus
879 3189 890 3209 .·
917 3182 1000 3213 Licet
1024 3191 1071 3214 me
1091 3180 1135 3213 ad

265 3223 536 3266 Romanaeforfitan
547 3228 680 3272 Ecclefiae
689 3230 881 3264 Audienttam
890 3237 974 3264 vocet
986 3253 998 3270 ,
1015 3229 1131 3273 fatiga·

264 3278 358 3307 tiones
379 3278 514 3307 itinerum
536 3287 591 3311 non
614 3278 755 3314 verebor.
781 3279 933 3323 Sapaudo
953 3279 1131 3314 Arelatensi

264 3321 570 3368 Archi-Episcopo,
592 3328 632 3362 de
641 3329 766 3364 frivolis
777 3329 908 3364 suorum
928 3329 1129 3365 Clericorum

265 3371 553 3418 Appellationibus
573 3375 607 3409 &
622 3375 780 3414 Romanis
801 3379 974 3414 acceffibus
985 3378 1130 3422 expostu-

265 3420 370 3467 lanti..
397 3423 548 3469 rescripsit
573 3424 725 3471 Pelagius
735 3429 890 3464 Primus.-
915 3430 1028 3473 Necaffe
1045 3427 1129 3464 babe-

1942 164 1999 196 21

1205 245 1269 268 mus
1287 232 1406 278 solliciti
1425 232 1477 276 effie
1489 257 1500 274 ‚
1525 241 1560 266 ut
1573 231 1676 275 fiquis
1687 239 1802 271 venerit
1814 259 1826 276 ‚
1851 246 1910 270 non
1925 234 2072 279 facilene-

1203 285 1250 318 bis
1263 309 1274 325 ,
1300 293 1457 327 tamquam
1477 288 1596 328 ignaris
1615 281 1769 326 subrepere
1788 288 1904 330 aliquid
1912 287 2072 321 videatur.

1204 335 1313 369 Melan
1324 343 1425 368 tamen
1446 337 1644 367 Fraternitas
1666 342 1719 367 tua
1734 333 1850 375 faciet,
1867 335 1898 376 fi
1907 334 2073 382 cognofi‘ens

1202 385 1266 418 illos
1275 407 1287 424 ‚
1310 396 1382 428 quos
1387 383 1581 428 ficspicamini
1592 408 1604 425 ,
1629 384 1674 416 ad
1684 394 1737 416 nos
1749 383 1799 425 effe
1811 393 1947 420 venturos
1959 411 1970 427 ‚
1981 392 2074 421 ettam

1201 446 1256 468 vos
1262 433 1425 478 personam
1436 433 1608 475 instrullam
1619 445 1658 468 ex
1670 438 1748 482 omni
1754 442 1845 475 parte
1855 435 2075 479 dirigatis,quae

1201 490 1244 519 eis
1263 486 1345 528 poffit
1367 483 1490 526 obsistere
1500 509 1507 517 .
1536 487 1620 529 ,Quia
1642 495 1708 518 cum
1717 482 1834 526 epistola
1844 484 1943 526 vestra
1953 485 2030 518 nihil
2039 486 2076 519 de

1201 534 1287 579 causa
1299 541 1449 578 contineat
1460 560 1470 576 ,
1490 534 1520 576 fi
1525 534 1573 568 hic
1583 558 1594 574 ‚
1619 540 1670 577 qui
1679 535 1762 567 mod&
1771 534 1852 567 nobis
1861 545 1900 567 ex
1922 534 2075 568 voluntate

1204 585 1301 626 vestra
1311 586 1400 619 verbo
1405 583 1535 629 suggefflt
1547 608 1558 624 ‚
1582 593 1654 619 tunc
1661 586 1748 628 apud
1754 596 1807 618 nos
1819 593 1944 627 nequeat
1963 590 2079 617 inveni-

1202 642 1232 668 ri
1254 660 1264 676 ‚
1290 636 1462 670 videbimur
1484 646 1536 668 nos
1564 634 1744 679 Accusator-is
1773 636 1897 677 officium
1915 631 2077 677 suscepiffi'.

1204 684 1315 720 Palam
1327 686 1466 720 affirmat
1479 685 1688 722 Accusatoris
1698 687 1731 719 in
1744 683 1917 729 appellatis
1925 682 2080 718 causisof-
2097 688 2186 729 Epist.
2202 697 2233 726 9».-

1203 733 1315 770 ficium
1327 736 1465 780 spectare
1474 736 1515 770 ad
1527 737 1634 780 ipsum
1646 735 1832 780 Sapaudum
1843 759 1850 767 .
1876 735 1931 769 De
1943 733 2080 769 sasonio

1203 795 1240 818 ac
1250 785 1423 829 Sagittario
1433 808 1444 825 ‚
1456 784 1638 820 Gallicanis
1649 798 1687 821 ac
1698 784 1907 830 synodaliter
1916 784 2092 819 damnatis

1204 835 1374 879 Episcopis
1385 860 1397 876 ‚
1422 835 1530 870 scribit
1551 836 1688 871 Sanetus
1707 836 1889 881 Gregorius
1902 835 2082 879 Episcopus

1202 885 1427 920 Turonensis:
1455 889 1494 919 At
1505 886 1553 919 illi
1565 910 1577 927 ‚
1601 897 1667 920 cum
1677 885 1773 920 adbuc
1780 890 1945 928 proptttum
1959 883 2015 927 fibi
2025 886 2082 916 Re-

1197 945 1268 979 gem
1280 937 1387 978 noffent
1396 960 1407 976 ‚
1434 937 1478 970 aa
1486 947 1551 970 eum
1560 937 1703 971 accedunt
1712 960 1724 977 ,
1752 936 1944 978 deplorantes
1949 933 1983 978 se
2003 934 2083 975 inju-

1194 984 1386 1023 stermotos
1401 1008 1412 1024 ‚
1433 985 1544 1028 fibique
1570 987 1652 1021 tradi
1661 987 1813 1022 licentiam
1824 1009 1836 1027 ,
1861 993 1896 1020 ut
1906 985 1953 1018 ad
1964 986 2083 1026 Papam

1202 1034 1291 1069 Urbis
1304 1036 1449 1067 Romanae
1460 1037 1591 1069 accedere
1600 1037 1729 1071 debeant
1738 1063 1746 1071 .
1772 1040 1841 1071 Rex
1851 1038 1924 1071 verb
1944 1043 2082 1068 annuens

1200 1083 1399 1127 petitionibus
1411 1094 1508 1116 eorum
1521 1107 1532 1124 ,
1555 1084 1639 1116 datis
1651 1086 1793 1126 Epistolis
1815 1098 1864 1121 eos
1884 1077 1968 1119 abire
1973 1088 2084 1127 permi-

1195 1134 1234 1178 fit
1242 1159 1250 1166 .
1278 1136 1343 1178 ,Qut
1369 1134 1537 1167 accedentes
1556 1143 1654 1166 coram
1668 1135 1757 1174 Papa
1761 1140 1890 1177 Joanne
1899 1140 1987 1169 tertio
1996 1141 2087 1176 expo-

1204 1194 1278 1219 nunt
1294 1182 1329 1227 se
1349 1184 1441 1217 nullis
1461 1183 1663 1216 rationalibus
1686 1182 1877 1224 existentibus
1890 1183 1980 1223 caufis
1990 1185 2084 1217 dimo·

1203 1242 1249 1270 tos
1261 1260 1268 1268 .
1280 1235 1333 1268 ule
1345 1236 1417 1268 verb
1428 1231 1576 1276 Epistolas
1586 1234 1633 1267 ad
1652 1237 1761 1278 Regem
1782 1232 1889 1276 dlrlgit
1897 1257 1909 1273 ‚
1933 1237 1968 1264 in
1978 1232 2085 1274 qusbus

1203 1283 1317 1328 eosdem
1328 1285 1397 1319 locis
1405 1282 1470 1327 suis
1482 1283 1595 1324 restitui
1599 1283 1691 1325 jubet
1701 1309 1708 1316 .
1737 1283 1832 1327 ,Quod
1839 1281 1973 1324 Rexfine
1984 1293 2067 1314 mora
2076 1306 2089 1322 ,

1204 1334 1353 1380 castigans
1361 1339 1450 1376 prius
1457 1334 1520 1367 illis
1533 1334 1637 1368 verbis
1652 1334 1754 1367 mulus
1768 1357 1780 1374 ‚
1791 1334 1944 1375 implevit.
1974 1331 2092 1366 Ponti·
2109 1336 2170 1368 Lib.
2199 1345 2225 1371 5.-

1208 1387 1263 1420 fex
1279 1395 1336 1420 eos
1349 1384 1515 1419 revestivit
1527 1408 1538 1425 ,
1563 1384 1667 1420 dilato
1679 1385 1715 1418 in
1727 1393 1951 1431 opportunum
1962 1391 2094 1426 tempus
2108 1379 2182 1417 CaP·
2199 1387 2248 1406 20·

1208 1434 1431 1471 retrastatorio
1454 1434 1604 1478 Iudicio.
1635 1435 1681 1469 Et
1701 1435 1766 1469 fuit
1786 1432 1967 1478 pleniffime
1978 1432 2095 1467 obedi-

1207 1496 1300 1522 tum.
1327 1484 1463 1520 Etenim
1473 1494 1609 1530 uterque
1620 1493 1759 1529 quarto,
1787 1484 1878 1529 quod
1890 1482 1949 1518 sub
1957 1481 2094 1517 Benedi-

1207 1538 1259 1570 ἂο
1272 1535 1381 1580 primo
1390 1561 1402 1577 ‚
1431 1534 1582 1579 proximo
1594 1535 1733 1579 Ioannis
1742 1535 1929 1570 Successore
1940 1558 1951 1575 ,
1964 1534 2029 1568 fuit
2043 1543 2096 1567 ce-

1207 1582 1367 1618 lebratum
1379 1608 1391 1624 ‚
1414 1583 1583 1619 Parifienfi
1594 1585 1754 1620 Concilio
1765 1585 1880 1620 assedit
1891 1585 1926 1619 &
1937 1583 2096 1627 subscrip-

1206 1634 1246 1664 fit
1256 1643 1293 1666 ut
1307 1633 1435 1674 integer
1446 1632 1629 1676 Episcopus
1639 1657 1646 1664 .
1671 1635 1758 1681 Qae
1768 1635 1882 1668 omnia
1901 1633 2092 1667 manifestis-

1206 1677 1285 1714 fitne
1294 1679 1376 1713 faeta
1389 1678 1463 1712 sunt
1473 1679 1567 1721 ju'xta
1576 1680 1778 1712 Sardicensee
1794 1683 1951 1715 canones
1960 1705 1967 1713 .
1995 1682 2094 1764 (auid

1207 1740 1290 1773 opus
1313 1727 1454 1762 multis?
1480 1726 1526 1761 Et
1541 1727 1723 1770 Dionysius
1745 1728 1921 1773 Exiguus,
1939 1728 1974 1762 δε
1987 1730 2024 1763 lsi
2073 1746 2093 1754 ‹-

1206 1790 1258 1814 rus
1280 1778 1448 1812 Mercator
1468 1777 1690 1812 Sardicensem
1716 1778 1891 1813 Canonem
1924 1778 2092 1814 transtule-

1206 1838 1282 1864 runt
1304 1827 1371 1863 boc
1393 1827 1497 1863 modo
1508 1842 1521 1862 .-
1546 1830 1578 1862 .51
1596 1827 1740 1871 depositus
1751 1827 1917 1872 Episcopus
1924 1831 2092 1872 proclama-

1206 1884 1287 1914 verit
1311 1879 1460 1923 agendum
1475 1877 1532 1921 fib!
1554 1884 1700 1923 negotium
1716 1885 1749 1912 in
1771 1879 1846 1913 Urbe
1867 1883 1985 1921 Roma,
2011 1882 2089 1914 alter

1205 1927 1372 1973 Episcopus
1397 1934 1430 1962 in
1452 1930 1519 1970 eJ‘us
1538 1928 1697 1963 Catbedra
1711 1938 1769 1963 non
1779 1931 1930 1963 ordinetur
1939 1929 1995 1972 ntfi
2000 1929 2089 1974 causa

1197 1979 1296 2022 fuerit
1317 1984 1351 2013 in
1363 1983 1491 2013 Romans
1508 1978 1651 2023 Epifiopi
1655 1983 1688 2026 J
1689 1981 1785 2014 udicio
1797 1981 1996 2015 determinata
2006 2005 2014 2013 .
2042 1980 2087 2015 Et

1205 2029 1291 2065 hanc
1301 2030 1550 2065 translationem
1562 2030 1711 2075 probavit
1721 2030 1823 2065 etiam
1838 2055 1850 2072 ,
1876 2042 1914 2066 ac
1934 2032 1997 2066 suae
2019 2031 2089 2065 Ca-

1206 2091 1332 2115 nonum
1343 2080 1531 2115 collectioni
1542 2081 1677 2116 inseruit
1689 2081 1886 2116 Cresconius
1909 2081 2090 2117 Africanus

1206 2130 1394 2175 Episcopus.
1407 2131 1520 2179 Qare
1530 2131 1647 2176 grandi
1659 2131 1787 2175 stupore
1799 2132 1900 2177 digna
1912 2133 1985 2166 firnt
1996 2132 2091 2167 istius

1203 2180 1359 2226 Magistri
1370 2181 1469 2214 nostri
1483 2180 1549 2216 haec
1564 2181 1681 2216 verba:
1708 2183 1931 2227 Galllgenerall
1945 2182 2011 2217 huic
2031 2184 2089 2227 legi

1203 2232 1241 2266 de
1246 2231 1379 2274 petenda
1390 2234 1485 2264 Roma
1498 2242 1651 2274 nunquam
1658 2231 1808 2276 obsequar!
1820 2231 1892 2276 sunt
1902 2258 1909 2266 .

1398 2502 1746 2548 CAPUT
1826 2506 1882 2550 V.

1198 2643 1460 2698 Romanarum
1513 2640 1551 2684 in
1594 2635 1730 2684 Gallia
1779 2640 2087 2709 Appellationum

1336 2710 1540 2775 antiquitas
1582 2707 1855 2758 demonstratur
1893 2732 1944 2760 ex

1442 2777 1580 2826 sanilo
1622 2783 1809 2847 Cypriane
1823 2817 1838 2827 .

1312 2923 1469 2961 Attianus
1481 2923 1675 2960 Arelatensis
1687 2925 1987 2972 Archi-Episcopus
1997 2930 2081 2964 olim

1338 2976 1475 3020 patravit
1497 2977 1557 3010 tria
1580 2976 1737 3010 crimina:
1765 2979 1866 3011 Primo
1879 2978 2021 3019 jaaabae
2046 2982 2081 3015 (tr

1194 3027 1383 3070 praedicabat
1395 3050 1406 3066 ‚
1432 3027 1509 3069 quod
1520 3031 1698 3059 Novattano
1707 3025 1825 3063 [ludens
1839 3051 1851 3068 ‚
1876 3028 1910 3061 Θ
1920 3030 1986 3070 ejus
2005 3038 2080 3072 per-

1197 3083 1340 3112 vicaciam
1350 3076 1499 3120 sequens,
1524 3076 1650 3116 anostra
1664 3081 1919 3112 communicatione
1932 3078 1967 3121 se
1984 3079 2082 3124 segre-

1192 3127 1283 3172 gaffet
1296 3153 1303 3160 .
1331 3126 1405 3162 Nec
1426 3126 1578 3160 Sanstum
1598 3125 1794 3160 Cornelium
1809 3152 1820 3169 ‚
1845 3139 1906 3163 nec
1926 3129 2078 3165 Sanstum

1198 3179 1360 3218 Lucium,
1384 3187 1445 3210 nec
1467 3175 1546 3210 item
1568 3177 1722 3211 Sanctum
1743 3176 1946 3221 Stephanum
1973 3181 2078 3214 voluit

1197 3229 1243 3262 uti
1251 3226 1430 3263 Pontifices
1440 3226 1623 3272 agnoscere:
1650 3227 1748 3261 Dixit
1762 3228 1992 3264 Novatianum
2003 3231 2079 3265 fuis-

1198 3279 1227 3313 se
1247 3278 1432 3323 legitimum
1447 3275 1677 3311 Romanorum
1690 3276 1883 3313 Antistitem
1896 3304 1907 3320 ,
1937 3280 2077 3323 ideoque

1194 3329 1293 3363 etiam
1303 3326 1456 3361 defuncto
1467 3327 1603 3368 perstitit
1619 3338 1801 3363 contumax
1818 3328 1979 3364 adhaerere
1990 3356 1997 3363 .
2024 3332 2077 3364 Se-

1195 3377 1325 3418 cundo,
1350 3378 1428 3410 item
1451 3376 1634 3412 Novatiani
1654 3389 1793 3413 errorem
1814 3380 1882 3424 pari
1900 3380 2075 3424 pertinacia

1196 3430 1302 3463 tenuit
1327 3439 1366 3463 ac
1377 3427 1545 3462 defendit.
1572 3428 1699 3464 Docuit
1709 3429 1834 3474 Lapsos
1846 3441 1912 3465 non
1928 3429 2016 3472 poffe
2025 3426 2075 3463 re-

1925 3489 2026 3522 parari
