2326 3718
622 102 1542 150 RomanisAppmmnomnus.
1839 120 1932 165 255

182 189 288 229 stola,
314 196 352 225 ac
375 185 602 231 prosequitur:
630 191 706 221 Haec
727 189 826 227 utique
846 182 935 227 usque
953 185 998 216 ad
1005 183 1057 215 ad·
1120 184 1185 216 dere
1211 181 1395 223 cupientibus
1416 183 1563 224 prafert,
1588 187 1743 220 videamur
1763 188 1918 222 inducere.
1946 186 2003 221 Ad

191 249 319 275 ventum
336 238 539 277 vertffimorum
549 237 795 278 exemplariorum
804 238 925 267 Nicaeni
936 232 1058 266 Concilii
1119 232 1259 267 eundem
1285 231 1483 266 Pontificem
1498 233 1532 265 in
1551 237 1643 268 causa
1655 237 1799 271 Antonii
1815 237 2005 272 Fuffalenii's

182 288 298 333 ⁵inserta
307 286 398 327 Gestis
404 286 476 330 fimi·
490 312 497 318 .
524 285 634 331 ,Quaefi
643 286 686 318 ihi
697 308 710 326 ,
725 285 969 328 quemadmodum
980 281 1061 325 ipso,
1122 282 1274 327 Episcopi
1288 283 1406 325 scripsit
1417 281 1551 316 Sanstus
1565 284 1767 327 Augustinus
1781 300 1788 319 :
1808 292 1909 329 Accipe
1919 298 2005 325 nunc,

178 338 265 380 quod
271 338 356 379 apud
363 349 415 370 nos
430 341 555 376 Fratres
566 348 604 371 ex
611 334 768 378 Apostolica
780 335 850 367 Sede
863 333 966 368 dircc‘li
977 338 1060 368 Com·
1121 345 1188 376 quae
1197 331 1258 374 post
1269 334 1331 372 ejus
1337 331 1453 375 sanc‘lae
1461 337 1610 366 memoriae
1632 338 1693 366 viri
1707 358 1718 373 ,
1745 337 1895 378 Bonifacii
1904 341 2008 371 Ponti.

179 391 336 423 monitorio
359 387 582 431 allegaverunt,
605 389 790 420 continemur
810 408 820 425 ,
849 395 936 425 eoque
959 383 1062 416 ordine
1117 383 1224 425 ficisin
1245 381 1347 423 Africa
1366 383 1484 416 litteras
1492 381 1674 426 gestasunt‚
1700 383 1863 425 &subveni
1887 387 2009 420 homini.

186 436 239 471 vel
244 437 329 478 apud
338 448 391 470 vos
412 443 445 470 in
459 438 550 471 Italia
568 436 795 477 custodiremur,
825 434 903 467 nullo
912 434 995 467 modo
1009 443 1060 464 nos
1121 433 1175 466 bus
1187 456 1199 472 ,
1223 440 1307 474 opem
1326 443 1409 465 tuam
1430 438 1462 465 in
1484 431 1594 471 Christi
1617 430 1809 475 misericordia
1830 438 1917 469 multo
1945 441 2012 470 avi.

184 481 264 518 talia
276 510 288 527 ,
312 488 416 528 qualia
438 496 657 521 commemorare
664 487 734 526 jam
756 485 911 523 nolumus,
936 483 988 517 vel
995 482 1062 514 tole·
1123 485 1190 516 dius
1204 507 1215 522 ,
1241 494 1329 524 quam
1340 484 1389 516 ille
1403 507 1414 522 ‚
1434 481 1622 525 poscentibus
1636 506 1647 522 ,
1672 483 1785 522 acujus
1809 488 2010 525 inquietudine

183 547 253 569 rare
274 547 456 580 cogeremur,
484 537 535 570 vei
551 535 750 569 intolerabilia
771 543 945 576 pateremur
972 556 979 564 .
1005 532 1065 564 Sed
1124 532 1289 574 defiderant
1300 533 1441 566 liberari:
1462 536 1494 577 J
1497 535 1595 566 udicia
1606 537 1712 574 quippe
1725 532 1787 565 illis
1803 557 1813 572 ,
1838 534 1871 565 (r
1878 535 2012 574 publicas

185 587 356 627 credimus,
380 587 549 628 adjuvante
561 585 759 629 misericordia
786 587 906 617 Domini
933 585 990 616 Dei
1015 591 1058 613 no·
1124 583 1282 622 Potestates
1295 606 1306 622 ‚
1332 585 1365 617 (τ
1389 584 1535 616 militares
1559 588 1707 624 impetus,
1733 592 1889 624 tamquam
1915 594 2015 616 execu-

179 634 237 676 firi
250 660 263 676 ‚
289 638 370 679 quod
392 645 446 669 rua
476 636 639 669 Sandlitate
664 638 807 667 Romanae
833 631 970 673 Ecclefiaer
983 639 1061 672 prae-
1123 641 1204 664 turos
1218 632 1383 673 Apostolicae
1395 634 1479 666 Sedis
1488 631 1670 675 fintentiam
1682 658 1692 672 ,
1711 630 1775 673 five
1788 631 1847 674 ipse
1860 637 2015 673 Antonius,

182 684 297 726 ,fidente
322 710 334 727 ,
370 696 427 719 non
461 684 564 728 fumus
586 688 655 726 jam
679 685 763 724 istum
787 682 905 725 typhum
926 682 1038 724 paffuri
1050 703 1062 719 ,
1118 680 1180 722 five
1191 693 1319 715 rumores
1328 683 1494 716 creberrimi
1505 688 1741 721 comminantur,
1767 692 1800 714 ut
1814 684 1915 728 miseri
1926 682 2020 715 bomi-

185 733 426 778 &servabuntur
446 738 515 779 ergci
537 747 587 768 nos
609 747 643 768 ea
656 758 666 774 ‚
692 746 761 776 quae
782 733 865 765 nobis
891 737 980 766 etiam
1007 741 1064 763 non
1125 743 1174 764 nes
1186 731 1346 771 Christiani
1357 733 1499 766 Catholici
1504 738 1648 776 graviora
1656 731 1825 772 formident
1847 746 1867 765 a
1881 731 2018 766 catholi-

183 783 387 828 differentibus
409 785 541 825 custodiri
566 785 694 818 debeant
719 795 781 817 cum
802 782 946 825 fraterna
972 780 1064 813 chari·

185 843 250 868 tate
270 858 282 875 ,
309 846 375 877 quae
397 834 557 877 secundum
580 834 759 878 sapientiam
783 834 872 874 atque*
895 831 1064 874 justitiam,

182 895 279 926 quam
302 885 358 921 tibi
385 887 512 918 donavit
535 886 688 924 Altiffimus
712 908 723 924 ,
756 889 847 917 etiam
873 881 933 924 ipse
954 878 1067 922 perspi-

1125 793 1153 813 ω
1164 780 1306 824 Episcopo
1318 806 1329 822 ,
1354 794 1443 824 quam
1453 793 1517 815 cum
1529 784 1616 824 essent
1628 781 1759 815 baeretici
1773 807 1784 822 ,
1809 784 1828 814 ἃ
1855 782 2018 815 Catholica-

1126 842 1190 863 rum
1209 836 1422 873 Imperatorum
1443 833 1552 876 legibus
1565 831 1778 872 formidabant
1802 856 1808 862 .

1127 880 1180 916 ista
1186 880 1252 922 fieri
1263 906 1274 921 ,
1301 881 1408 924 obsecro
1418 892 1448 915 te
1459 890 1512 923 per
1525 881 1635 922 christi·
1645 883 1824 925 Sanguinem
1836 904 1845 918 ‚
1867 891 1923 923 per
1937 887 2014 923 Apo-

1840 836 1874 864 N
1877 845 1912 865 on
1932 830 2017 874 sinas

186 941 230 969 cis
255 934 308 978 effe
328 933 506 977 servanda,
525 933 554 974 fi
566 934 651 975 forte*
676 933 763 965 aliter
783 931 818 973 se
839 930 948 963 babent
974 934 1068 962 Cano-
1123 930 1187 969 stoli
1203 934 1285 965 Petri
1296 938 1482 971 memoriam,
1511 937 1562 975 qui
1584 931 1818 972 Christianorum
1840 931 2015 972 Praepofitos

184 995 243 1017 nes
279 988 405 1019 Nicaeni
441 985 562 1015 concilii
585 1006 592 1014 .
634 983 792 1024 ‚Quamvis
818 987 898 1013 enim
919 981 1067 1020 plurimos

188 1034 311 1070 Codices
329 1034 506 1075 legerimus,
527 1029 585 1073 sed
609 1032 764 1071 nunqutim
783 1035 816 1061 in
841 1033 971 1061 Nicaeno
994 1031 1069 1062 Con-

184 1083 254 1123 silio
278 1086 312 1115 in
348 1085 472 1116 Latinis
512 1080 670 1112 Codicibus
695 1081 819 1122 legimus
839 1104 852 1121 ,
880 1079 1072 1121 quemadmo-

182 1132 262 1170 dum
294 1135 330 1162 in
370 1127 547 1172 supradicio
582 1132 805 1163 Commonitorio
851 1131 921 1162 inde*
958 1128 1071 1161 direc‘Ia

181 1178 258 1223 ‘fiant
284 1203 295 1220 ,
322 1186 423 1213 tamen
449 1185 519 1221 quia
544 1179 590 1213 hic
615 1185 658 1217 in*
673 1180 752 1213 nullo
777 1180 882 1212 Codice
909 1182 1013 1211 Graeco
1037 1189 1072 1210 ea

180 1234 335 1272 potuimus
362 1236 523 1269 invenire,
547 1240 586 1262 ex
614 1228 816 1262 Orientalibus
838 1227 972 1266 Ecclefiis
985 1252 996 1268 ‚
1024 1227 1073 1261 ubi

181 1277 381 1321 perhibentur
404 1280 507 1313 eadem
533 1281 661 1313 Decreta
680 1279 758 1321 posse
784 1284 875 1313 eiiam
900 1277 1073 1312 authentica

181 1333 334 1372 reperiri,
360 1335 456 1374 magis
483 1329 567 1362 nobis
585 1327 782 1370 defideramus
804 1328 923 1370 adferri
942 1352 951 1361 .

240 1379 579 1414 AfricaniAntistites
595 1404 607 1420 ,
632 1379 712 1417 dum
736 1379 864 1423 Apiarii
885 1377 1074 1423 appellatio·

183 1439 267 1468 ‚nem
279 1429 474 1464 audiverunt
493 1430 663 1465 admissam
681 1430 698 1463 a
710 1430 852 1465 Zozimo
865 1454 877 1471 ‚
903 1429 1014 1464 statim
1027 1429 1074 1462 in-

190 1480 421 1520 tercesserunt,
448 1480 661 1515 reclamantes
681 1481 722 1514 ad
743 1480 864 1515 avitam
886 1481 949 1515 suae
967 1478 1074 1524 gentis

190 1530 484 1575 consuetudinem.
510 1530 689 1565 Interceffit
709 1531 743 1565 &
763 1531 921 1565 Zozimus
940 1554 952 1571 ,
977 1529 1075 1564 recla-

188 1579 338 1619 mansad
349 1580 506 1615 Nicaenos
517 1581 672 1616 Canones
688 1606 696 1614 .
721 1581 798 1621 Hi,
822 1579 965 1624 utpotea
977 1579 1075 1624 Spiri-

190 1637 229 1662 tu
241 1629 361 1664 sancto
377 1629 506 1664 conditi
518 1653 529 1669 ,
554 1631 640 1673 apud
651 1642 766 1664 omnes
775 1631 933 1665 Ecclefias
945 1631 1075 1664 fuerunt

184 1680 316 1722 ⁴semper
327 1680 518 1713 sacrosansti
529 1704 541 1720 ,
566 1680 705 1723 ideoque
715 1680 748 1713 ὅ(
762 1680 861 1715 Afros
872 1690 1056 1715 terruerunt
1065 1704 1073 1712 .

184 1729 389 1763 cecilianus
415 1727 684 1774 carthaginensis
704 1730 1005 1775 Archi-Episcopus
1025 1730 1077 1764 ad·

189 1779 298 1816 fuerat
307 1778 450 1814 Nicaeno
460 1780 619 1815 Concilio
627 1804 640 1821 ,
666 1781 699 1814 ἀ
710 1780 778 1823 ejus
805 1782 962 1815 Canones
973 1779 1078 1824 publi-

190 1839 324 1865 caverat
345 1840 402 1873 per
423 1841 559 1865 omnem
571 1830 720 1864 Africam
733 1844 745 1864 .·
811 1832 866 1865 inc
887 1831 938 1865 illi
949 1829 1077 1865 scrutati

188 1877 381 1923 {untrspud
407 1879 522 1914 omnia
542 1879 761 1915 Ecclefiarutn
820 1880 931 1915 rchiva
954 1904 966 1920 ,
992 1878 1077 1924 apud

186 1936 309 1977 pmrics
331 1928 555 1964 Bibliothecas
577 1953 586 1962 .
611 1930 686 1964 Nec
704 1929 916 1965 solummodo
939 1931 1078 1964 Latinos

187 1980 355 2021 semines,
381 1980 437 2014 sed
457 1978 558 2016 etiarn
579 1980 730 2015 Graecos.
758 1981 803 2015 Et
823 1981 902 2015 tales
923 1981 1079 2015 Cauones

190 2039 266 2063 non
286 2030 501 2063 invenerunt.
531 2030 626 2063 Hinc
650 2030 736 2072 ipsos
755 2030 812 2064 fibi
825 2030 1002 2064 transmitti
1012 2031 1080 2072 sup-

190 2078 359 2121 plicarunt
370 2077 390 2110 ὲ
401 2079 542 2112 Zozimo
551 2103 559 2111 .
591 2077 706 2112 Hicin
718 2080 939 2113 retrastatorio
951 2078 1080 2121 Apiarii

187 2128 213 2171 ·J
217 2127 329 2162 udicio
340 2129 482 2170 perrexit
491 2151 502 2167 ,
517 2129 622 2171 ipsum
633 2128 792 2171 reparavit
803 2152 816 2169 ‚
840 2129 873 2162 &
884 2129 920 2162 iu
931 2127 1080 2162 Africam

193 2176 373 2215 destinavit
391 2178 569 2214 solemnem
581 2178 800 2223 Legationem
810 2201 821 2218 ,
849 2189 918 2221 quae
930 2177 1023 2211 istam
1036 2188 1082 2212 re-

193 2228 403 2269 parationem
421 2237 635 2269 exequeretur
644 2251 656 2267 ,
681 2229 843 2262 conferret
854 2227 890 2260 N
893 2229 1011 2262 icaenos
1022 2228 1083 2262 Ca—

195 2286 325 2316 nones,
350 2276 564 2312 &Africanis
587 2275 758 2320 Episcopis
779 2277 1013 2312 demonstraret
1033 2276 1083 2318 jus

197 2325 293 2359 Sedis
315 2326 514 2369 Apostolicae
541 2350 548 2357 .
586 2326 727 2371 Legavit
751 2327 942 2360 Faustinum
965 2326 1084 2361 Poten-

196 2377 317 2409 tinum·
347 2375 544 2419 Episcopum
589 2387 665 2410 cum
703 2376 832 2410 duobus
882 2376 1082 2419 presbyteris

197 2427 260 2459 suae
285 2425 457 2466 Ecclefiae,
483 2426 518 2460 ὅ(
537 2436 613 2460 cum
636 2426 709 2468 ipfis
731 2435 911 2469 reparatum
934 2450 944 2465 ,
970 2438 1007 2460 ac
1027 2427 1083 2460 suo

191 2476 281 2509 *loco
307 2474 508 2510 reddendum
536 2476 707 2520 Apiarium
728 2499 736 2508 .
764 2476 856 2509 Misit
882 2476 1084 2510 sardicenses

199 2526 359 2559 Canones
378 2548 389 2565 ,
414 2526 576 2560 affirmans
602 2526 757 2560 Nicaenos
778 2551 785 2558 .
817 2526 983 2559 Admirati
1010 2527 1084 2560 sunt

200 2576 279 2609 Afri
293 2601 300 2608 .
327 2576 411 2612 Istos
432 2577 522 2610 enim
549 2577 705 2610 Canones
726 2587 786 2610 nec
797 2587 853 2619 per
864 2576 1013 2610 auditum
1028 2588 1085 2611 no-

189 2636 331 2659 verant.
359 2627 452 2660 Hinc
472 2627 632 2662 Pontifici
656 2650 668 2667 ‚
695 2626 740 2660 ob
761 2626 962 2670 Apostolicae
989 2626 1082 2660 Sedis

192 2677 435 2716 reverentiam,
464 2678 680 2720 promiserunt
703 2677 825 2710 servare
848 2676 922 2711 istas
945 2676 1086 2711 sanctio-

198 2737 258 2760 nes
268 2751 278 2767 ‚
304 2726 489 2760 dummodo
500 2738 608 2761 tamen
623 2738 692 2761 non
705 2737 898 2771 cogerentur
908 2726 948 2761 ad
962 2728 1084 2771 patien-

195 2776 281 2810 ,dum
293 2776 388 2810 illum
401 2775 540 2819 typhum
551 2801 562 2817 ‚
589 2777 645 2820 qui
658 2775 830 2811 dicebatur
843 2777 959 2811 servari
973 2778 1008 2811 in
1019 2777 1084 2812 Ita-

201 2825 246 2860 lia
258 2849 271 2857 ,.
293 2826 374 2861 Non
396 2826 546 2861 obstante
569 2827 626 2860 illa
639 2827 796 2860 Italorum
817 2827 987 2871 patientia,
1018 2827 1087 2862 nul-

204 2875 329 2909 latenus
357 2873 577 2911 sustinuerunt
598 2879 630 2910 se
653 2877 809 2920 compelli
837 2877 878 2911 ad
897 2878 975 2912 talia
996 2902 1003 2909 .
1031 2877 1088 2911 Ob

201 2924 345 2958 eandem
357 2927 554 2968 Apostolicae
566 2927 657 2961 Sedis
669 2928 878 2961 reverentiam
890 2927 1087 2961 admiserunt

195 2973 333 3008 zozimi
373 2975 414 3008 de
437 2977 574 3019 Apiario
602 2977 768 3020 Iudicium
788 3002 800 3018 ‚
826 2976 884 3012 sub
908 2978 976 3021 jam
995 2978 1089 3012 dietis

203 3023 503 3059 moderaminibus.
941 3034 944 3038 '

257 3072 381 3106 Verum
399 3075 470 3117 quis
481 3076 527 3111 est
548 3076 603 3110 ille
620 3076 741 3120 typhus
753 3102 764 3117 ‚
792 3089 888 3122 quem
902 3077 975 3112 Afri
987 3087 1088 3122 prote·

204 3124 330 3158 fiantur
354 3125 385 3156 se
406 3125 496 3158 nulla
517 3126 643 3159 ratione
653 3129 819 3168 paliuros?
850 3129 1000 3162 Eundem
1017 3140 1089 3163 me·-

205 3184 336 3208 morant
361 3174 396 3206 in
422 3173 640 3216 synodalibus
661 3176 775 3211 litteris
807 3179 847 3212 ad
881 3178 1087 3213 Caelestinum

207 3222 435 3262 Pontificem:
461 3227 642 3258 Executores
661 3230 753 3259 etiam
772 3230 896 3262 clericos
909 3229 1017 3268 vestror
1028 3235 1088 3272 qui-

205 3272 316 3317 busque
339 3272 508 3314 petentibus
529 3275 616 3307 nolite
639 3280 754 3310 mittere
778 3302 788 3318 ‚
815 3281 900 3312 nolite
921 3282 1088 3320 concedere,

204 3334 244 3356 m
254 3323 401 3366 fumosum
413 3323 528 3365 typhum
536 3322 638 3366 saeculi
649 3329 680 3355 in
698 3326 853 3369 Ecclesiam
865 3329 994 3369 Christi,
1023 3342 1088 3372 quae

204 3372 300 3407 lucem
313 3373 514 3414 ſsmplicitatis
528 3399 538 3414 ‚
566 3375 600 3407 (9⁸
619 3373 796 3410 humilitatis
813 3379 912 3421 diem,
939 3383 1035 3415 Deum
1045 3385 1086 3414 vi-

278 3427 282 3431 *
309 3421 413 3464 christ
428 3428 506 3467 Lupi
514 3428 613 3467 opera
621 3428 655 3456 T.
664 3427 745 3459 Vm.

1132 981 1304 1020 Populorum
1324 987 1438 1015 monuit
1460 1007 1470 1022 ‚
1497 994 1532 1016 ne
1554 983 1696 1015 violenter
1725 983 1915 1015 dominentur
1939 987 2020 1015 inter

1131 1033 1275 1062 Fratres.
1303 1032 1395 1065 Dum
1416 1031 1569 1066 Romana
1595 1031 1760 1075 appellata
1784 1032 1885 1065 causae
1897 1031 2024 1065 decisio

1132 1089 1238 1113 moras
1250 1079 1369 1113 alicubi
1387 1089 1442 1115 aut
1450 1079 1559 1115 obices
1571 1091 1730 1124 pateretur
1740 1106 1751 1121 ‚
1777 1081 1881 1115 victor
1905 1082 1923 1114 ὲ
1935 1080 2026 1114 Pon-

1133 1130 1221 1163 tifice
1233 1130 1416 1172 postulabat
1427 1131 1662 1164 executoriales
1673 1131 1795 1164 litteras
1807 1155 1818 1171 ‚
1842 1131 1876 1165 ὅτ.
1899 1131 2024 1164 Execu-

1135 1190 1242 1213 tores.
1271 1178 1315 1211 Et
1334 1179 1422 1222 Papa
1446 1190 1503 1214 eos
1524 1179 1706 1213 destinabat
1729 1179 1877 1213 Clericos
1901 1205 1912 1220 ,
1937 1180 2026 1222 quia

1136 1228 1275 1272 publicIs
1292 1228 1440 1264 Romani
1461 1228 1593 1272 Imperii
1620 1227 1838 1262 Potestatibus
1847 1230 2028 1271 acciperent

1135 1279 1293 1314 militares
1304 1279 1443 1321 impetus
1454 1302 1466 1318 ,
1486 1277 1583 1322 atque
1595 1277 1641 1312 ita
1654 1279 1847 1313 Romanum
1862 1277 2029 1320 Iudicium.

1137 1339 1389 1372 exequerentur.
1417 1329 1520 1363 Hunc
1546 1338 1661 1362 contra
1685 1327 1876 1361 Catholicos
1900 1339 2029 1362 morem

1138 1378 1252 1413 Africa
1264 1379 1362 1422 usque
1373 1388 1452 1414 tuuc
1466 1378 1562 1422 poffit
1575 1389 1644 1412 non
1657 1376 1769 1411 vidisse
1782 1389 1789 1409 :
1818 1378 1905 1411 Fieri
1918 1377 2032 1420 possit,

1136 1439 1173 1463 ut
1194 1428 1348 1464 Zozimus
1370 1428 1527 1464 Pontifex
1548 1428 1652 1471 ipsum
1673 1427 1721 1462 ibi
1753 1427 1909 1461 studuerit
1935 1427 2030 1462 fimul

1137 1491 1215 1514 cum
1237 1478 1472 1517 Sardicenfibus
1494 1476 1876 1520 Canonibusvplantare.
1901 1476 2030 1512 Verum

1139 1529 1297 1573 Episcopi
1311 1527 1529 1572 potentissime
1540 1529 1801 1563 intercesserunt:
1832 1526 2032 1563 Clamarunt

1139 1582 1201 1615 effe
1211 1578 1353 1624 typhum
1365 1577 1460 1622 hujus
1470 1578 1573 1613 saeculi
1585 1602 1596 1618 ,
1623 1577 1931 1611 RomanaEeelefia
1946 1575 2031 1611 indi-

1139 1641 1262 1675 gnum,
1289 1630 1428 1673 ideoque
1448 1630 1467 1663 a
1480 1630 1511 1663 se
1532 1639 1592 1662 nec
1614 1638 1669 1670 pet
1695 1627 1836 1667 interim
1851 1626 2030 1661 admitten-

1139 1681 1219 1714 dum
1234 1692 1243 1722 3
1268 1681 1301 1714 ὅ(
1314 1680 1494 1719 Italorum,
1520 1678 1735 1713 aut—aliarum
1745 1677 1896 1723 gentium
1908 1677 2032 1720 patien-

1141 1729 1219 1765 tiam
1230 1729 1271 1765 ad
1282 1731 1313 1764 se
1339 1742 1408 1765 non
1423 1730 1559 1773 spectate
1575 1751 1583 1760 .
1726 1735 1730 1739 ’
1976 1744 1983 1749 -

1238 1924 1280 1968 C
1315 1925 1358 1968 A
1393 1922 1427 1967 P
1463 1924 1509 1969 U
1543 1920 1585 1967 T
1655 1919 1939 1967 XXVIII.

1145 2044 1398 2106 Exponumur·
1427 2043 1470 2085 F
1470 2038 1608 2085 auffini
1634 2040 1815 2085 Potentirii
1833 2033 2030 2104 Episcopi,

1216 2128 1262 2155 ac
1290 2106 1457 2175 Philippi
1482 2113 1540 2153 <²9⁴
1573 2104 1694 2172 Aftlli
1733 2107 1968 2169 Presbytero-
2008 2107 2034 2136 ’ἕ

1268 2197 1353 2225 rum
1373 2216 1386 2239 ,
1422 2196 1508 2243 quos
1520 2181 1573 2223 Z
1574 2180 1719 2236 azimus
1731 2175 1911 2242 Pontifex

1338 2247 1535 2315 legaverat
1549 2283 1562 2307 ,
1599 2246 1701 2315 apud
1726 2245 1841 2311 Afros

1525 2315 1627 2363 Acin
1643 2352 1656 2364 .

1247 2426 1321 2461 Um
1343 2427 1484 2471 Legatio
1496 2425 1563 2459 haec
1575 2426 1666 2459 venit
1692 2424 1725 2458 in
1741 2423 1888 2458 Africam
1900 2448 1910 2463 ‚
1937 2424 2040 2457 Zozi-

1270 2487 1340 2510 mus
1352 2488 1419 2510 non
1432 2475 1489 2509 diu
1518 2475 1717 2518 supervixit.
1746 2474 1882 2510 Etenim
1896 2473 2040 2516 primum

1149 2526 1344 2569 Legationis
1364 2525 1509 2560 officium
1541 2536 1609 2558 erat
1634 2523 1795 2558 celebrare
1814 2545 1824 2561 ‚
1849 2534 1907 2569 aut>
1929 2522 2041 2565 potins

1148 2575 1370 2610 celebrandam
1392 2587 1502 2609 curare
1515 2574 1691 2618 plenarIam
1711 2573 1827 2607 Africae
1840 2573 2014 2615 synodum
2027 2585 2039 2605 .-

1149 2627 1190 2660 Et
1203 2625 1361 2661 celebrata
1378 2626 1526 2665 fuitilla,
1556 2636 1653 2668 quam
1676 2623 1786 2666 paffim
1805 2621 1944 2656 dicimus
1966 2623 2041 2655 sex-

1148 2686 1215 2709 tam
1228 2675 1539 2721 Carthaginensem.
1568 2675 1774 2708 Celebratam
1791 2673 1884 2707 fuisse
1907 2672 1966 2706 sub
1977 2671 2042 2705 Bo-

1150 2725 1261 2760 nifacii
1284 2727 1485 2760 Pontificatu
1507 2750 1518 2766 ,
1543 2724 1587 2758 est
1615 2723 1824 2758 manifestum
1852 2735 1892 2757 ex
1928 2721 2039 2763 Attis,

1151 2776 1319 2820 praesertim
1327 2788 1366 2810 ex
1378 2775 1632 2810 interlocutione
1648 2774 1757 2809 Sancii
1780 2773 1884 2816 Alipii
1900 2772 2042 2816 Epist-0.-
2057 2770 2170 2810 Cap-4-

1151 2828 1183 2870 pi
1209 2827 1435 2869 Tagastensis.
1466 2824 1634 2860 Celebrata
1647 2824 1709 2858 fuit
1723 2822 2042 2859 Honoriiduodeci-

1151 2889 1226 2916 mo,
1253 2874 1707 2910 Theodofiisecundiostavo
1719 2873 1902 2907 Consulatu
1917 2896 1927 2910 ‚
1953 2874 2039 2905 osta-

1151 2938 1192 2960 vo
1201 2925 1363 2959 Kalendas
1376 2921 1487 2970 Junii.
1515 2926 1593 2959 Hoc
1606 2925 1651 2959 est
1663 2949 1673 2964 ,
1699 2923 1807 2966 quinti
1820 2922 1925 2956 saeculi
1948 2933 2038 2969 anno

1151 2977 1278 3010 decimo
1304 2989 1416 3016 nono,
1445 2975 1498 3009 die
1521 2975 1671 3019 vigesima
1692 2974 1808 3016 quinta
1828 2972 1932 3005 Maii.
1960 2972 2039 3006 Erat

1153 3027 1329 3061 Dominica
1341 3026 1443 3069 prima
1452 3025 1521 3068 post
1535 3024 1755 3062 Pentecosten
1769 3045 1775 3051 -
1801 3022 1868 3056 lsto
1879 3021 1970 3056 enirn
1983 3032 2038 3057 ane

1152 3075 1504 3110 noPaschainciderat
1525 3075 1560 3107 in
1585 3075 1672 3108 diem
1694 3072 1890 3117 trigesimam
1902 3071 2035 3106 Martii..

1151 3129 1404 3163 Zozimusanno
1418 3123 1606 3169 praecedenti
1618 3123 1702 3158 obiit
1715 3123 1853 3166 septimo
1873 3120 2036 3158 Kalendas

1151 3177 1313 3221 januarii:
1339 3176 1507 3219 Vigefirna
1530 3175 1619 3211 sexta
1645 3173 1839 3209 Decembris
1860 3197 1866 3204 .
1895 3170 2035 3206 Bonifa-

1152 3228 1219 3262 cius
1239 3228 1301 3262 fuit
1325 3226 1442 3260 elesius
1466 3223 1568 3259 biduo
1579 3223 1670 3268 post,
1696 3224 1731 3257 in
1743 3222 1826 3259 festo
1845 3222 2035 3258 Sanctorum

1153 3277 1399 3313 Innocentium.
1419 3275 1542 3308 Eulalii
1555 3285 1671 3309 contra
1682 3273 1787 3317 ipsum
1799 3270 1934 3306 schisma
1945 3271 2035 3305 dura-

1154 3329 1199 3363 vit
1222 3329 1341 3373 septem
1362 3324 1524 3360 mensibus
1538 3348 1548 3365 ,
1574 3323 1689 3363 diebus
1714 3322 1902 3367 quindecim
1924 3344 1931 3356 .
1959 3320 2036 3354 Fuit

1153 3379 1208 3413 ille
1228 3378 1322 3415 antea.
1344 3377 1559 3421 compressus,
1588 3385 1733 3408 attamen
1758 3374 1790 3407 se
1814 3380 1946 3453 mosae?-
1968 3378 2038 3405 non

1573 3424 1607 3458 Y
1659 3435 1682 3461 2
1898 3426 1988 3460 eut,
