2326 3718
184 1110 268 1143 Orat.
276 1122 290 1142 2
298 1121 323 1143 ι.

160 1231 316 1268 1..3.c.12.

173 1568 279 1615 spina
286 1580 311 1608 6.

188 1691 265 1731 Cap.
279 1703 304 1724 ι.

198 3162 278 3199 Cap·
300 3170 310 3191 1

318 2700 422 2735 “tibus
444 2702 642 2747 largiebatur
661 2702 908 2736 Sacramentalis
935 2702 1219 2735 reconciliationis

321 2751 490 2786 *viaticum
516 2776 525 2784 .
550 2751 616 2785 Eos
641 2776 651 2792 ‚
679 2753 742 2786 suis
763 2750 1012 2786 commendatos
1036 2751 1218 2795 suffragiis,

408 138 498 183 ,72

829 118 915 164 DE
951 115 1316 165 GALLICANAE
1349 119 1659 170 Ecczesns

358 207 408 241 fiae
432 202 602 247 disciplina
622 226 634 243 ,
660 213 729 248 quae
749 202 928 239 solemnem
951 204 1176 247 poenitentiam
1203 216 1239 240 ac
1287 205 1470 266 jMarcioni
1487 211 1633 252 aperuit,
1659 208 1712 244 sed
1725 210 1830 246 Patris
1839 210 1880 246 de
1904 209 1973 256 ipso
1983 208 2174 248 sententiam

357 253 659 291 reconciliationem
679 254 787 288 iterari
813 255 942 294 vetuit,
968 253 1076 289 iterari
1100 255 1238 289 omnino

357 303 530 348 permiserit
543 303 702 346 privatam
716 330 723 336 .
752 305 860 339 Etiam
873 305 913 338 de
925 305 1076 348 gravibus
1098 305 1236 339 crimini-

1286 269 1290 290 ,ι
1304 254 1398 298 plene
1409 260 1629 295 confirmavit.
1659 260 1888 307 Qednempe
1912 262 2075 304 moechia,
2100 274 2172 307 pra:-

1283 304 1410 365 ffsertim
1433 309 1582 355 sacrilega
1599 335 1610 350 ,
1638 320 1715 344 tunc
1734 313 1809 345 esset
1831 312 1953 347 crimen
1979 315 2174 349 reservatum

357 354 433 387 bus.
461 352 588 389 Verum
609 352 800 389 haecomnia
824 366 892 389 non
904 354 1028 389 faciunt
1052 354 1093 390 ad
1104 358 1236 399 praesens
1302 356 1433 390 Christo
1450 359 1615 395 Domino.
1643 360 1724 394 Non
1743 372 1784 395 ex
1797 359 2000 398 authoritatis
2021 363 2146 398 defectu
2160 388 2172 404 ‚

355 403 563 447 Propositum
575 429 582 437 .

400 455 534 489 Sanstus
563 452 767 498 Epiphanius
793 454 1007 500 Apocryphis
1039 455 1236 500 quandoque

350 504 506 540 credidit.
538 505 642 539 Lucet
652 517 692 538 ex
709 504 771 537 illis
783 528 793 544 ,
821 516 890 549 quae
902 506 1012 540 scribit
1032 507 1072 540 de
1085 506 1233 540 Meletia-

349 565 396 589 no
406 554 574 589 schismate
583 580 590 586 .
617 553 720 600 Qod
732 553 831 588 etiam
844 556 928 589 circa
943 556 1152 589 Marcionem
1164 557 1231 590 fue-

348 605 393 638 rit
407 605 547 639 nimium
568 605 737 645 credulus,
764 605 888 639 sortiter
905 605 1015 639 suadet
1035 604 1076 640 ab
1096 605 1165 649 ipso
1178 618 1232 650 ap-

925 656 1028 702 Qod
1046 656 1135 690 enim
1146 657 1230 691 San-

349 656 471 698 posxtus
482 655 646 689 Marcioni
659 652 897 689 Monachatus.

348 707 416 739 ssus
434 706 601 740 Antonius
614 705 652 738 fit
666 704 788 748 primus
799 705 1075 740 Monasteriorum
1089 704 1226 748 author,

345 754 462 788 diserte
493 754 590 789 tradit
626 754 662 789 in
684 755 753 798 ejus
777 757 844 801 γίῑει
856 757 989 790 Sanetus
1012 756 1227 791 Athanasius.

344 804 454 838 Antea
474 804 649 849 AEgyptus
676 816 796 848 paucos
823 804 902 839 hinc
926 806 1005 841 inde
1030 817 1130 851 prope
1156 818 1229 851 pro-

342 854 451 896 prium
464 866 585 899 pagum
596 864 652 889 aut
666 855 802 889 domum
816 856 985 891 Solitarios
996 854 1109 891 habuit
1120 882 1131 898 ‚
1159 857 1228 890 nul-

341 903 413 937 lum
432 904 666 939 Coenobitam.
692 905 794 949 Quod
822 905 899 940 vero
921 905 1007 941 idem
1028 906 1226 941 Athanasius

341 955 475 998 coeperit
489 956 611 999 primus
634 955 824 990 Monachos
845 957 880 990 in
904 957 1038 992 Clerum
1056 958 1225 998 assumere,

341 1013 443 1048 atque
461 1005 506 1040 ita
518 1007 809 1049 contemplativam
832 1007 932 1041 vitam
951 1018 1026 1041 cum
1040 1007 1224 1050 aEtivajun-

339 1065 437 1099 gere,
463 1056 600 1090 affirmat
621 1056 657 1089 in
672 1056 748 1099 ‘ejus
758 1055 879 1100 Elogio
893 1058 1027 1091 Sanctus
1049 1057 1223 1102 Gregorius

339 1103 573 1141 Nazianzenus
583 1130 591 1138 .
605 1106 647 1139 Et
659 1104 700 1138 de
711 1104 851 1140 Pontica
862 1107 1001 1141 Dioecefi
1015 1108 1125 1141 scribit
1138 1107 1220 1141 Her-

337 1154 420 1189 mias
430 1155 652 1190 sozomenus:
682 1157 772 1198 Apud
790 1160 964 1198 Armenios,
992 1157 1219 1202 Paphlagones,

338 1206 374 1239 Θ
387 1207 480 1237 Ponet
488 1206 598 1238 accolas
611 1205 766 1246 Eustasius
785 1206 920 1248 sebasttae
939 1213 971 1241 in
985 1213 1128 1242 Armenta
1148 1211 1221 1249 Ep}-

333 1252 440 1296 scopus
453 1254 621 1296 Monasticae
631 1255 864 1299 conversationis
878 1257 1082 1301 Autborfuisse
1091 1259 1199 1290 dicitur
1213 1281 1219 1287 .

335 1303 419 1338 Item
436 1303 524 1346 quod
549 1314 626 1340 ante
646 1307 798 1340 Sanctum
823 1306 1039 1341 Athanasium
1058 1332 1068 1348 ,
1099 1318 1136 1341 ac
1152 1306 1220 1350 ejus

335 1355 554 1389 Successorem
578 1355 714 1390 Petrum
736 1381 747 1397 ‚
773 1356 830 1401 qui
851 1357 1084 1402 appellationis
1109 1358 1220 1401 prose·-

333 1404 470 1447 quendae
483 1407 575 1439 causa
588 1407 782 1441 accesserunt
798 1406 919 1442 almam
931 1406 1064 1442 Urbem
1077 1431 1089 1448 ,
1110 1406 1220 1442 nullus

332 1454 402 1488 illic
414 1453 602 1490 Monachus
615 1457 818 1500 apparuerit,
843 1457 975 1493 testatur
997 1457 1031 1491 in
1051 1457 1167 1493 litteris
1178 1457 1217 1491 ad

332 1505 452 1540 sacram
474 1504 650 1550 Virginem
671 1506 871 1550 Principiam
892 1509 1026 1542 Sanctus
1051 1508 1220 1548 Hierony-

330 1566 422 1590 mus.
452 1554 536 1590 Sunt
546 1566 656 1590 tamen
669 1568 861 1601 argumenta
875 1569 943 1590 non
963 1555 1194 1599 irrefragabilia
1210 1577 1217 1585 .

330 1605 470 1639 Etenim
492 1607 646 1639 Sanctum
670 1605 828 1647 Jacobum
855 1605 1054 1638 Nisibenum
1079 1604 1217 1648 Episco-

327 1664 408 1698 pum
423 1678 434 1694 ‚
461 1663 565 1687 unum
585 1652 759 1688 eNicaenae
784 1654 912 1696 Synodi
933 1654 1104 1692 Patribus,
1131 1651 1218 1685 ideti-

328 1715 394 1747 que
406 1701 591 1737 Athanasio
602 1703 702 1746 longe
721 1704 882 1735 seniorem
896 1725 907 1740 ‚
934 1700 1169 1734 Theodoretus
1181 1702 1214 1733 in

321 1751 521 1787 ›Monastica
542 1749 676 1784 historia
708 1751 842 1784 testatur
866 1759 960 1784 antea
984 1750 1077 1784 fuisse
1099 1750 1215 1784 Mona·

328 1802 446 1837 chum.
475 1801 519 1836 Et
542 1799 590 1835 uti
615 1800 749 1845 quidam
771 1802 806 1834 in
831 1800 987 1846 AEgypto
1009 1809 1086 1834 ante
1110 1799 1215 1835 Anto-

329 1853 449 1894 nium,
475 1852 520 1886 ita
547 1859 624 1886 ante
646 1851 828 1885 Eustatiurn
853 1852 946 1894 pauci
972 1849 1051 1884 hinc
1079 1850 1157 1884 inde
1178 1850 1213 1884 in

328 1903 445 1939 Ponto
466 1901 586 1947 ponint
610 1901 704 1937 fuisse
723 1902 883 1935 Solitarii.
910 1901 954 1935 Et
974 1912 1014 1934 ex
1039 1900 1106 1934 istis
1127 1900 1215 1935 Mar·

330 1954 409 1990 cion
423 1953 519 1996 possit
530 1953 547 1987 a
562 1951 658 1985 Patre
671 1951 940 1997 Episcopo'fuiffe
949 1953 1074 1987 evectus
1096 1951 1128 1985 in
1142 1951 1216 1985 Pre-

328 2003 513 2048 sbyterum.

380 2054 518 2088 Interim
530 2055 775 2101 qualiscumque
785 2055 892 2090 Sancti
907 2053 1086 2098 Epiphanii
1099 2052 1214 2088 relatio

330 2115 537 2148 nequaquam
549 2105 664 2140 evertit
674 2106 781 2140 Sancti
797 2105 885 2140 Petri
901 2105 1131 2149 Privilegium.
1148 2102 1216 2137 Ab·

331 2156 370 2189 fit
382 2179 389 2187 .
403 2154 509 2188 Immo
520 2154 739 2199 potentissime
752 2155 925 2190 confirmat
934 2178 942 2187 .
961 2155 1113 2188 Affirmat
1125 2154 1216 2187 enim

325 2205 538 2239 'Marcionem
559 2206 577 2239 a
590 2204 694 2240 Patris
705 2205 857 2249 Episcopi
871 2205 1030 2239 sententia
1048 2203 1218 2247 appellasse

324 2256 476 2290 'Romam
490 2279 501 2295 ,
527 2256 561 2290 ὅ(
585 2256 759 2290 acceffiffe.
791 2256 893 2299 quue
910 2254 980 2298 post
992 2263 1130 2287 mortem
1146 2253 1218 2296 Hy-

323 2305 403 2349 'gini
413 2304 588 2339 Pontificis
601 2318 608 2337 :
637 2306 787 2339 Vacante
799 2314 878 2338 tunc
889 2304 985 2338 Sede.
1012 2302 1150 2336 Dudum
1163 2314 1219 2336 an-

326 2364 365 2388 te
377 2354 614 2388 Pontificatum
637 2353 839 2398 Zephyrini.
870 2354 949 2397 Ejus
962 2364 1129 2397 peccatum
1153 2362 1218 2386 erat

324 2401 474 2438 moechia
498 2415 507 2445 ;
534 2404 566 2437 δε
589 2404 724 2447 quidem
749 2403 913 2438 cumulata
935 2414 1008 2438 cum
1029 2402 1217 2446 sacrilegio.

328 2454 382 2488 >At
405 2451 480 2488 vero
506 2454 606 2497 usque
623 2454 663 2488 ad
676 2453 857 2497 Zephyrini
872 2454 1031 2496 Papatum
1042 2452 1150 2486 omnis
1164 2451 1220 2485 sub

326 2501 417 2538 ·coelo
431 2502 573 2536 Ecclesia
585 2504 645 2537 tria
654 2503 793 2537 crimina
811 2503 988 2536 reservabat
1002 2502 1136 2535 Christo
1149 2503 1218 2535 Do-

333 2553 456 2587 mino:
491 2551 714 2587 Idololatriam
735 2578 745 2593 ,
772 2553 1006 2586 Homicidium
1032 2577 1043 2593 ‚
1069 2553 1101 2586 δε
1135 2552 1217 2585 Moe-

332 2600 440 2637 chiam
453 2628 460 2635 .
491 2601 636 2637 Istorum
656 2613 832 2646 patratores
858 2602 1072 2645 compellebat
1090 2601 1130 2636 ad
1149 2613 1220 2644 per·-

332 2662 466 2697 petuam
478 2651 580 2686 totius
592 2652 665 2686 vitae
684 2652 929 2695 poenitentiam:
960 2653 1002 2685 Et
1016 2663 1075 2685 nec
1099 2661 1218 2686 exeun-

332 2801 578 2835 ·transmittebat
591 2801 630 2835 ad
645 2804 736 2836 suum
749 2801 893 2835 nostrum
904 2801 937 2835 in
951 2801 1015 2835 Dei
1029 2800 1132 2835 Patris
1144 2801 1219 2834 dex-

337 2861 405 2886 teta
418 2851 617 2886 Pontificem
628 2876 640 2892 ‚
666 2852 707 2886 ab
721 2853 791 2895 ipso
802 2851 995 2895 judicandos
1007 2876 1018 2892 ‚
1046 2852 1222 2886 solvendos

337 2911 395 2936 aut
416 2898 616 2946 alligandos.
644 2903 777 2937 Sanstus
801 2901 1009 2945 Zephyrinus
1029 2902 1073 2935 est
1097 2903 1219 2944 primus

339 2949 473 2986 Auth0t
485 2961 575 2986 novae
595 2961 674 2986 tunc
688 2953 870 2986 clementiae
885 2977 895 2992 ,
919 2952 960 2986 de
972 2964 1034 2996 qua
1055 2951 1162 2986 scribit
1177 2952 1219 2986 la-

340 3002 412 3043 psus
422 3002 462 3034 ad
473 3001 675 3036 Montanum
688 3002 917 3036 Tertullianus
928 3002 961 3035 in
974 3002 1055 3035 libro
1079 3002 1119 3035 de
1129 3001 1217 3046 pudi-

342 3050 441 3082 citia-.·
471 3052 612 3092 Pontifm
623 3055 799 3093 Maximus,
822 3051 986 3094 Episcopus
1011 3051 1218 3094 Episcoporum

341 3100 429 3133 edicit
437 3123 448 3139 ,
475 3103 540 3141 Ego
551 3102 584 3132 <it
598 3103 726 3135 moechiae
736 3105 770 3137 (5
775 3102 983 3144 fornicationis
996 3102 1105 3135 delma
1126 3107 1217 3143 poeni·

343 3153 437 3183 tentia
454 3148 571 3190 funffls
596 3151 730 3184 dimitto.
758 3153 852 3187 Hinc
866 3152 966 3198 igitur
979 3150 1025 3185 sde
1036 3151 1218 3185 Marcionis

341 3209 432 3242 patre
444 3222 454 3237 ‚
481 3199 646 3240 Sinopensi
669 3202 753 3243 apud
770 3202 927 3237 Ponticos
939 3202 1121 3246 Episcopo,
1148 3202 1218 3234 scri-

342 3247 391 3282 bit
404 3249 537 3282 Sanetus
550 3248 767 3290 Epiphanius:
796 3256 852 3283 Cui
874 3264 936 3285 cum
951 3256 1081 3285 Marcion
1092 3252 1217 3284 multam

328 3305 379 3332 ‘ac
391 3300 441 3331 dtu
452 3296 636 3341 firpplt‘c'asset
650 3323 660 3337 ‚
686 3306 932 3342 ‹cepa-nitentium
938 3301 1096 3344 postulaffit
1106 3322 1117 3339 ‚
1144 3300 1218 3334 banc

324 3352 364 3383 ’ἃ
385 3351 477 3381 'Patre
495 3346 631 3389 precibus
649 3350 736 3380 nullis
761 3350 905 3383 obtinuit.
934 3352 1057 3386 Eadem
1066 3351 1108 3385 de
1124 3352 1217 3385 causa

337 3398 516 3435 ”Romanus
541 3397 656 3433 Clerus
683 3408 725 3433 ne
741 3398 893 3435 Ecclefiae
921 3401 1057 3446 quidem
1083 3399 1216 3437 -aditum

1300 406 1353 440 sed
1368 419 1409 440 ex
1421 405 1524 452 rigore
1533 411 1710 453 disciplinae
1721 436 1728 443 .

1349 457 1506 492 Notanda
1528 460 1599 494 sunt
1619 461 1724 495 saneti
1746 460 1924 505 Epiphanii
1943 463 1984 498 de
1996 463 2172 498 Marcione

1299 507 1391 541 verba
1405 521 1411 540 :
1426 510 1634 558 ⁴,Quamobrem
1644 511 1847 551 exstimulatus
1860 513 1979 545 invidia
1991 537 2001 552 ,
2010 514 2103 555 ‚qued
2110 508 2172 547 iton

1297 560 1463 600 Principem
1474 558 1531 592 illic
1540 560 1630 593 locum
1641 586 1653 602 ‚
1679 573 1713 594 ac
1725 574 1761 595 ne
1772 561 1904 604 Eccle'fiae
1916 563 2035 604 quidem
2054 564 2171 598 aditum

1296 611 1469 651 impetrasset
1479 634 1489 650 ‚
1515 611 1571 642 &a
1599 610 1741 645 Edicunt
1753 611 1962 647 Marcionem
1973 624 2043 647 nou
2054 613 2173 657 simpli-

1294 669 1365 692 cem
1390 656 1597 693 Monachum
1610 682 1620 699 ,
1647 660 1698 694 sed
1717 662 1858 697 omnine
1879 663 1971 697 fuisse
1988 662 2172 709 Sinopensis

1295 708 1443 742 Ecclesiae
1465 708 1692 751 Presbyterum
1712 728 1727 749 3
1752 722 1789 746 ac
1809 712 1827 747 a
1850 713 2002 748 Romana
2027 711 2172 747 Ecclesia

1291 759 1504 801 expostulasse
1514 771 1582 793 non
1597 758 1693 792 solius
1705 759 1808 796 Laicae
1818 764 2066 799 communionis
2077 787 2087 802 ,
2115 761 2171 796 sed

1291 808 1389 842 etiam
1402 807 1634 851 presbyteralis
1646 808 1781 843 honoris
1792 812 2029 848 restitutionem
2044 837 2052 844 ·
2066 812 2170 846 Istum

1290 856 1449 893 honorem
1472 859 1607 892 sanctus
1627 858 1830 902 Epiphanius
1846 863 1987 896 omnino
2013 862 2171 906 intelligit

1291 920 1345 952 per
1358 911 1527 951 Principem
1536 910 1628 942 locum
1641 933 1648 940 .
1676 909 1785 950 Major
1794 911 1885 945 enim
1910 911 2023 945 Clerus
2035 935 2046 951 ‚
2073 922 2172 945 nem-

1291 970 1330 1002 pe
1343 970 1419 993 cum
1434 959 1599 1003 Episcopo
1609 957 1792 1002 Presbyteri
1806 984 1817 1000 ,
1846 961 1880 995 in
1894 963 1979 994 sacro
1989 959 2171 995 Tribunali

1289 1009 1381 1042 simul
1406 1009 1580 1050 sedebant,
1605 1009 1653 1044 uti
1681 1009 1849 1053 Principes
1867 1021 1905 1044 ac
1927 1011 2098 1045 Senatores
2109 1010 2170 1043 Ec-

1289 1058 1388 1092 clesiae
1399 1083 1406 1090 .
1435 1059 1580 1093 Proinde
1593 1058 1796 1103 Epiphanius
1807 1059 1914 1104 palam
1931 1061 2069 1094 affirmat
2081 1061 2171 1094 Mar-

1288 1109 1420 1143 cionem
1440 1110 1475 1144 &
1491 1110 1726 1143 communione
1746 1110 1779 1144 &
1800 1110 1903 1156 gradu
1926 1111 2019 1145 fuisse
2041 1109 2060 1143 a
2074 1107 2171 1144 Patre'

1289 1159 1453 1202 Episcopo
1477 1169 1613 1193 exutum
1629 1183 1639 1198 ,
1664 1161 1696 1193 &
1718 1170 1777 1202 pro
1797 1171 1935 1204 utroque
1954 1160 2170 1205 appellaffe&

1288 1208 1444 1242 acceffiffe
1455 1209 1643 1242 Romanam
1656 1208 1834 1243 Ecclesiam
1843 1234 1850 1241 .
1879 1209 1957 1244 Erat
1967 1209 2119 1253 superbiae
2131 1204 2171 1243 ao

1290 1259 1549 1301 praesumptionis
1562 1258 1741 1301 plenissima
1754 1282 1765 1297 ‚
1791 1259 1825 1292 ὃς
1838 1258 2039 1301 Apostolicis
2058 1257 2172 1292 Canna

1289 1306 1382 1341 nibus
1404 1308 1616 1342 adverfiffima
1637 1308 1773 1342 audacia
1795 1334 1802 1340 .
1832 1309 1966 1342 Etenim
1989 1305 2173 1352 Apostolus

1286 1358 1327 1391 de
1339 1358 1507 1401 Episcopis
1516 1369 1554 1392 ac
1566 1357 1758 1401 presbyteris
1767 1357 1882 1391 diserte
1894 1358 2017 1392 sanxit:
2045 1360 2173 1399 oportet

1286 1405 1464 1450 Episcopum
1477 1406 1538 1449 fine
1560 1413 1682 1441 crimine
1702 1408 1754 1451 effe
1769 1433 1776 1439 .
1802 1406 1982 1442 Praesert'im
1997 1407 2064 1440 sine
2075 1406 2172 1451 flagi·

1286 1459 1335 1491 tio
1347 1483 1354 1491 .
1382 1458 1425 1492 Et
1439 1459 1572 1500 quidem
1586 1467 1713 1501 patrato
1725 1457 1796 1501 post
1811 1468 1979 1501 acceptum
1988 1455 2151 1491 Ordinem
2161 1479 2170 1488 .

1286 1507 1380 1538 Hinc
1398 1508 1502 1548 igitur
1523 1507 1696 1539 Romanus
1713 1507 1830 1541 Cletus
1851 1517 2019 1549 paternam
2036 1507 2171 1551 senten-⁴

1286 1554 1365 1588 tiam
1390 1554 1510 1589 merite
1531 1555 1737 1589 confirmavit
1761 1555 1795 1588 in
1817 1555 2045 1596 Marcionem,
2071 1554 2107 1589 ἀ
2124 1554 2171 1598 ip-

1286 1605 1355 1636 sum
1368 1604 1504 1636 exclusit
1518 1615 1586 1637 non
1602 1605 1708 1637 solum
1729 1605 1748 1636 ὲι
1760 1605 1862 1647 gradu
1873 1628 1884 1644 ‚
1913 1605 1967 1638 sed
1980 1606 2111 1647 insuper
2125 1603 2170 1638 ab

1287 1651 1432 1684 Ecclesiae
1454 1650 1542 1685 aditu
1555 1677 1562 1684 .

1334 1700 1415 1735 Haec
1427 1700 1500 1736 sunt
1525 1703 1621 1737 Sensa
1632 1701 1740 1737 Sansti
1763 1700 1963 1747 Epiphanii.
1992 1703 2085 1736 Etex
2096 1701 2170 1745 ipsis

1284 1749 1438 1785 discimus
1459 1776 1471 1792 ,
1497 1752 1588 1795 quod
1609 1751 1676 1786 istis
1695 1752 1793 1787 etiam
1820 1751 1995 1796 primitivis
2017 1750 2167 1785 Ecclefiae

1283 1801 1486 1845 temporibus
1507 1803 1689 1837 orientalis
1711 1803 2024 1837 Ecclesiaasu'orum
2037 1801 2169 1844 Episco-

1285 1862 1399 1895 porum
1415 1850 1548 1894 Judiciis
1559 1853 1731 1897 appellaret
1743 1864 1841 1897 atque
1858 1853 2024 1887 accederet
2046 1850 2169 1885 Roma—

1287 1912 1363 1936 nam
1377 1900 1574 1938 Cathedram
1590 1929 1597 1936 .
1626 1903 1700 1938 Nec
1712 1903 1772 1938 soli
1789 1903 1943 1947 Episcopi
1957 1927 1968 1943 ,
1996 1900 2049 1935 sed
2066 1901 2167 1936 etiam

1286 1951 1426 1987 Clerici.
1455 1953 1498 1986 Et
1523 1953 1656 1997 quidem
1679 1953 1835 1988 Marcion
1856 1954 1874 1987 ὲ
1897 1952 2078 1995 Sinopensis
2090 1951 2168 1993 Epi·

1284 2003 1371 2046 scopi
1394 2004 1552 2038 sententia
1577 2015 1646 2038 non
1674 2003 1714 2038 ad
1738 2004 1893 2038 Amaseni
1921 2001 2166 2044 Metropolitae,

1284 2051 1396 2086 immo
1408 2065 1466 2087 nec
1488 2054 1529 2087 ad
1544 2054 1757 2088 Caesaraeensis
1772 2054 1820 2087 sui
1845 2052 1987 2086 Exaichi
1999 2050 2167 2085 Tribunal

1286 2113 1342 2137 aut
1368 2103 1541 2145 synodum
1564 2127 1574 2144 ,
1600 2103 1654 2137 sed
1681 2103 1870 2138 immediate
1896 2103 2086 2146 provocavit
2121 2098 2165 2135 ad

1285 2152 1508 2196 Apostolicam
1534 2153 1692 2187 Romana:
1715 2153 1865 2187 Ecclesiae
1876 2151 2093 2187 Cathedram.
2122 2150 2169 2184 Et

1283 2203 1428 2237 acceflit.
1457 2203 1568 2249 Qarn
1594 2203 1755 2238 eximium
1780 2214 1819 2237 ac
1838 2203 2082 2235 momentosum
2103 2210 2166 2242 pro

1285 2252 1510 2286 Romanarum
1536 2252 1812 2295 Appellationumv
1831 2252 2026 2294 antiquitate
2045 2251 2079 2283 &
2097 2259 2167 2283 am·

1285 2301 1445 2344 plitudine
1470 2302 1507 2335 sit
1528 2299 1592 2335 hoc
1612 2302 1799 2345 exemplum
1818 2325 1830 2342 ‚
1855 2302 1920 2344 ipsa
1945 2312 1993 2335 res
2013 2298 2165 2334 altiffime

1284 2351 1421 2386 clamat.
1452 2351 1677 2386 Orientalibus
1699 2364 1767 2386 non
1785 2351 1957 2386 dumtaxat
1971 2349 2164 2393 Episcopis,

1286 2401 1335 2434 sed
1358 2401 1391 2434 δε
1415 2401 1553 2436 Clericis
1574 2401 1733 2444 permittit
1754 2398 2165 2444 praeter·iriMetropolitam

1287 2462 1323 2484 ac
1338 2449 1527 2484 Exarchum
1542 2475 1553 2491 ,
1578 2451 1725 2494 adeoque
1739 2451 1771 2485 δε
1782 2450 2002 2484 patriarcham
2014 2473 2024 2489 ,
2050 2449 2083 2483 &
2094 2448 2165 2483 Ro-

1281 2512 1414 2534 manum
1427 2501 1623 2534 Pontificem
1634 2500 1823 2535 immediate
1835 2512 1903 2535 nou
1930 2498 2104 2534 dumtaxat
2115 2498 2162 2532 in-

1281 2551 1414 2590 vocari,
1440 2550 1680 2585 sed&accedi.
1711 2551 1752 2583 Et
1774 2551 1863 2584 istam
1889 2548 2162 2582 consuetudinem

1281 2600 1436 2634 stabilivit
1449 2600 1641 2635 Sardicenfis
1653 2599 1822 2642 Synodus.
1851 2597 1982 2632 Vacans
2007 2598 2160 2632 Romana

1282 2650 1422 2684 Ecclesia
1434 2661 1512 2684 tunc
1523 2649 1694 2694 regebatur
1713 2649 1730 2683 ὲ
1753 2647 1950 2691 Presbyteris
1964 2672 1973 2687 ,
2000 2647 2056 2689 qui
2069 2647 2160 2690 Apo-

1281 2701 1439 2734 slolorum
1462 2700 1654 2744 Discipulos
1680 2699 1826 2733 viderant
1837 2708 1934 2740 atque
1948 2697 2159 2737 audiverant,

1282 2750 1536 2784 Ecclesiasticam
1559 2750 1766 2793 disciplinam
1788 2749 1830 2783 ab
1854 2748 1924 2791 ipsis
1944 2747 2052 2781 edotsti
2072 2771 2079 2778 .
2105 2746 2160 2780 Ex

1279 2810 1346 2842 quo
1359 2801 1444 2834 lucet
1459 2825 1469 2840 ,
1495 2800 1584 2842 quod
1597 2801 1748 2834 Romana
1763 2798 1951 2841 Appellatio
1966 2794 2106 2830 omnino
2116 2796 2158 2829 ab

1281 2850 1452 2893 Apostolis
1464 2874 1474 2891 ,
1501 2851 1603 2884 immo
1614 2851 1646 2883 δε
1658 2850 1698 2884 ab
1710 2850 1777 2892 ipso
1790 2846 1923 2881 Christo
1934 2846 2087 2880 Domino
2099 2846 2158 2880 du-

1280 2911 1332 2934 cat
1353 2900 1512 2945 originem
1527 2926 1534 2932 .
1566 2901 1616 2933 En
1641 2910 1694 2943 per
1718 2897 1824 2942 qualia
1837 2897 1985 2939 exempla
1999 2896 2038 2928 R.
2061 2895 2158 2929 Pater

1281 2950 1465 2985 Paschasius
1486 2949 1685 2998 Qesnellus
1707 2957 1844 2983 conetur
1872 2959 1909 2981 ac
1931 2948 2033 2990 speret
2054 2946 2156 2990 ipsam

1279 3011 1431 3035 evertere.
2148 3025 2152 3030 .

1329 3051 1566 3086 Difficultatem
1592 3050 1718 3084 faciunt
1739 3048 1805 3083 haec
1833 3047 1975 3082 Romani
2002 3046 2092 3081 Cleri
2113 3043 2155 3079 ad

1279 3102 1485 3135 Marcionem
1501 3100 1594 3133 verba
1606 3113 1617 3132 .·
1643 3099 1742 3132 Nobis
1752 3099 1859 3143 injussu
1869 3099 2034 3132 venerandi
2049 3096 2155 3129 Patri‘s

1277 3156 1322 3185 tui
1338 3151 1442 3192 facere
1464 3150 1541 3190 istud
1557 3160 1615 3182 non
1636 3151 1718 3183 licet.
1747 3154 1853 3191 Neque
1874 3158 1976 3182 contra
1984 3144 2154 3190 spedattffi-

1274 3211 1357 3235 mum
1382 3202 1528 3244 collegam
1550 3203 1671 3233 Patrem
1692 3209 1776 3233 tuum
1789 3199 2051 3241 moliriquidquam
2060 3194 2154 3236 possu-

1276 3261 1359 3284 mus.
1388 3250 1554 3285 Videntur
1578 3249 1742 3293 profiteri,
1770 3250 1857 3293 quod
1882 3259 1949 3282 non
1969 3255 2096 3289 propter
2108 3244 2154 3277 di-

1277 3300 1419 3343 sciplinae
1439 3301 1577 3344 rigorem
1591 3324 1603 3340 ,
1630 3300 1683 3334 sed
1708 3310 1837 3343 propter
1857 3295 2062 3333 authoritatis
2085 3294 2156 3327 5Πο-

1277 3351 1362 3395 piam
1387 3351 1431 3383 ita
1444 3350 1569 3393 egerint
1584 3374 1590 3381 .
1618 3349 1707 3383 Nam
1732 3348 1906 3392 disciplinae
1917 3346 2003 3389 rigor
2014 3343 2152 3386 postula-

1276 3411 1344 3436 tam
1356 3398 1373 3433 a
1383 3399 1557 3435 Marcione
1567 3399 1705 3445 gratiam
1717 3410 1775 3435 nec
1787 3399 1827 3432 ad
1838 3396 1944 3431 Patris
1960 3395 2155 3477 jussurpsper-

2004 3456 2050 3479 mi
2064 3455 2074 3477 1
2091 3460 2104 3470 ⁹
