2326 3718
378 176 440 221 28

304 254 393 287 (aad
403 259 508 294 priora
524 253 647 292 peccata
663 250 729 290 ejus
747 255 841 284 ettam
848 251 988 295 fallacia
1013 253 1048 285 ὁ·
1059 255 1181 284 ctrcum-

800 171 889 217 De
927 170 1302 216 GALLICANAE
1338 166 1642 215 Ecetesm

1243 246 1380 280 aliorum
1393 246 1567 294 criminum
1579 276 1588 285 .
1618 250 1760 288 Proinde
1771 264 1840 290 non
1851 254 2010 291 Romamn
2028 256 2119 292 Sedis

303 309 452 336 ventionis
473 305 583 334 crimen
599 300 763 334 accederet.
790 299 988 345 Respondeo
1008 299 1097 334 aliud
1118 300 1180 334 effe
1242 297 1454 340 impotentia,
1480 300 1532 335 sed
1543 303 1714 337 manifesta
1737 305 2034 350 sententiaejustitia
2056 305 2122 342 Eu·

302 353 342 386 ad
348 351 457 385 versari
469 350 628 384 Romane
636 350 865 394 appellationis
878 351 967 395 operi
979 363 1017 385 ac
1028 351 1152 384 effestui
1164 374 1176 390 ,

299 401 385 435 aliud
397 398 465 441 ejus
476 398 682 435 authoritati.
716 400 799 434 Non
810 400 875 435 hoc
886 426 897 442 ‚
924 401 1076 435 sedistud
1098 399 1176 434 fecit

300 449 499 492 Cyprianus.
528 449 686 494 Stephani
708 453 743 484 in
765 451 855 484 datas
875 461 991 486 contra
1004 450 1175 484 Bafilidem

297 498 331 532 &
345 498 531 534 Martialem
550 500 569 533 ὲ
582 500 760 535 Provinciae
779 500 916 543 Synodo
935 502 1112 535 sententias
1122 511 1176 533 au-

296 546 484 583 thoritatem
495 551 602 592 palam
613 551 801 593 profitetur,
817 551 861 584 ast
878 552 1018 595 ipsarum
1030 549 1175 584 cassatio-

294 609 372 632 nem
395 600 532 634 affirmat
549 602 663 635 fastam
686 612 741 645 pet
750 600 979 643 obreptionem
993 624 1004 640 ‚
1032 599 1173 642 idedque

294 648 589 693 &appellationem
611 650 774 694 &Papale
794 649 953 692 judicium
975 648 1057 685 reete
1079 648 1170 683 fuisse

292 699 429 734 refutata
450 699 490 734 ab
510 700 684 744 Hispanis.
713 700 816 749 Qod
838 699 989 743 obreptio
1013 699 1089 736 esset
1103 709 1171 732 ma-

292 748 425 783 nifesta.
452 750 644 784 Hincenim
659 749 789 784 scribit:
817 752 1008 793 ,Quapropter
1030 760 1115 790 cum,
1135 747 1172 790 si·

291 805 341 831 eut
354 798 527 842 scrtpfistrs,
556 804 685 834 Fratres
707 799 900 840 dilefflffim,
926 802 960 834 et
973 810 1006 833 ut
1019 800 1110 834 Felix
1133 801 1167 832 (a

289 849 423 885 sabinus,
431 850 557 894 Collegae
577 850 665 891 nostri
675 851 842 894 affeveram
855 875 866 891 ‚
890 859 980 892 utque
987 851 1065 883 alius
1078 850 1166 883 Felix

289 899 329 930 de
340 897 444 941 Caefitr
458 918 468 924 -
479 900 605 943 Augusta
615 923 626 939 ,
633 902 706 944 fidet
716 901 806 934 cultor
816 911 850 933 ac
859 898 995 943 defenfhr
1006 906 1145 933 veritatis
1153 924 1164 940 ,

287 947 397 986 litteris
405 948 623 993 suisfigmficat
633 975 644 991 ,
674 949 819 991 Basilides
843 951 877 983 6·
888 950 1042 985 Martialis
1061 949 1165 991 nefan-

287 998 326 1030 do
335 999 507 1033 idololatriae
526 999 621 1035 libello
641 1005 836 1034 contaminati
851 997 931 1040 sint,
958 1000 1015 1032 etc,
1043 998 1165 1033 Tantis

285 1047 486 1085 testimoniis
505 1050 689 1095 Cyprianus
707 1050 807 1085 fidem
827 1047 1004 1089 adhibuit,
1023 1048 1164 1092 ideoque

284 1099 409 1133 censuit
426 1098 628 1143 Stephanum
650 1097 727 1133 non'
740 1098 807 1132 sine
827 1098 1008 1142 potestate,
1037 1098 1090 1133 sed
1110 1110 1164 1142 per

283 1157 423 1181 errorem
441 1149 596 1191 judicasse
620 1172 626 1182 .
655 1148 750 1196 Qid
773 1146 958 1192 Stephanus
975 1149 1060 1183 circa
1084 1148 1162 1186 istos

281 1196 464 1241 Episcopos
483 1196 587 1241 egerit
601 1220 613 1237 ,
639 1208 707 1233 non
727 1198 824 1242 plene
846 1199 974 1233 constat
989 1222 997 1233 ,
1023 1198 1157 1234 Certum

279 1245 325 1280 est
348 1269 360 1285 ,
386 1245 476 1288 quod
497 1247 584 1290 ipsos
606 1258 675 1282 non
701 1245 854 1292 repararit
876 1259 931 1292 per
951 1249 1135 1293 potentiam
1150 1272 1161 1290 ,

278 1303 336 1328 aut
359 1295 627 1340 dispensatoriam
647 1299 807 1343 gratiam.
836 1298 917 1334 Haec
927 1299 1014 1336 enim
1029 1300 1158 1344 ignora·

278 1342 334 1378 bat
361 1345 495 1380 istorum
522 1358 708 1392 temporum
746 1348 929 1385 immobilis
965 1349 1157 1392 disciplina.

278 1394 415 1430 Certum
435 1396 513 1431 item
537 1397 584 1432 est
599 1422 610 1438 ‚
637 1399 725 1443 quod
748 1398 837 1443 ipsos
852 1399 899 1434 ob
914 1398 1157 1443 Appellationis

274 1447 489 1483 reverentiam
510 1448 710 1483 revestiverit
723 1473 730 1481 .
757 1449 852 1497 Qid
860 1448 901 1484 de
914 1449 1153 1487 Retrastatorio

272 1494 314 1529 ad
339 1495 470 1539 plenam
492 1499 729 1542 reparationem
749 1498 875 1543 judicio
887 1499 1022 1541 fecerit,
1046 1510 1102 1533 aut
1113 1500 1158 1534 fa-

272 1545 427 1580 ciendum
449 1548 612 1588 sanxerit,
636 1549 756 1594 ignoro
775 1574 784 1583 .
812 1549 985 1593 Quidquid
1009 1550 1066 1588 fit,
1092 1548 1156 1582 boc

269 1597 459 1639 exemplum
485 1599 654 1636 manifeste
676 1611 715 1638 ac
735 1598 955 1635 firmeeverttt
964 1605 1153 1634 commenta

265 1642 432 1679 paschasii
448 1647 620 1694 Qesnelli
631 1670 639 1683 ,

440 1864 793 1915 CAPUT
862 1867 982 1913 Vn.

339 2004 585 2054 Adducmztur
623 2004 703 2053 alia
727 2009 883 2071 antiqua
907 2009 1088 2062 Romame

455 2074 724 2146 Appellationis
762 2075 969 2124 Gallicana

595 2145 790 2214 Exempla
813 2182 825 2196 .,

348 2287 514 2323 Aschafius
537 2287 735 2334 Qesnellus
756 2287 796 2320 ad
820 2287 990 2322 Romanas
1015 2288 1155 2331 appella·

370 2339 477 2372 tiones
509 2338 528 2371 ὲ
559 2338 667 2371 Gallia
703 2336 943 2380 proscribendas
963 2337 1096 2372 adducit
1123 2338 1156 2375 &

273 2390 336 2422 alia
346 2387 495 2430 exempla
511 2412 517 2420 .
544 2386 692 2421 Primum
709 2387 754 2421 est
772 2386 946 2430 Euphratae
971 2387 1157 2422 Colonien-

273 2439 312 2472 sis
322 2437 475 2482 Episcopi
489 2461 500 2476 ‚
525 2436 750 2480 Metropolitae
760 2448 814 2480 per
826 2438 1000 2472 secundam
1023 2438 1155 2473 Germa-

274 2489 363 2522 niam
374 2512 385 2528 ,
409 2487 450 2521 ab
458 2486 689 2532 Agrippinensi
700 2486 841 2530 synodo
849 2487 1016 2531 degradati
1028 2498 1156 2532 propter

273 2537 411 2572 haeresim
424 2562 431 2569 .
458 2536 707 2579 Blasphemabat
730 2537 820 2570 enim
847 2537 881 2571 ἀ
900 2537 1041 2572 docebat
1061 2538 1158 2572 Chri·

275 2587 362 2622 stum
385 2587 571 2622 Dominum
593 2587 686 2621 fuisse
704 2597 818 2628 purum
843 2585 1027 2620 hominem.
1058 2589 1158 2635 Qes·

276 2638 382 2672 nellus
395 2637 566 2680 adjungit:
594 2635 774 2677 Euphratas
787 2637 823 2668 de
827 2634 980 2677 sententia
990 2639 1092 2674 synodi
1098 2647 1156 2680 per

278 2687 511 2729 appellationem
520 2686 564 2718 ad
573 2687 593 2719 5
594 2687 676 2719 edem
689 2688 855 2718 Romanam
865 2685 1028 2727 defetrenda
1039 2699 1075 2721 ne
1085 2694 1159 2732 cogi.

277 2742 360 2770 tavit
369 2737 487 2778 quidem
498 2760 505 2768 .
531 2735 730 2779 Respondeo
742 2746 810 2769 non
821 2737 884 2769 esse
903 2736 1021 2770 mirum
1033 2762 1040 2769 .
1068 2737 1157 2772 Con-

249 2808 251 2811 ·
278 2786 382 2821 stabat
393 2785 482 2820 enim
493 2784 533 2819 de
545 2785 702 2826 crimine,
728 2784 762 2818 &
773 2785 866 2828 plena
885 2787 1050 2820 sententiae
1072 2787 1159 2830 jusii-

279 2837 333 2871 tia.
360 2836 413 2870 De
426 2836 496 2879 ipso
506 2835 594 2870 enim
603 2835 706 2870 edixit
717 2836 850 2878 Sanetus
861 2836 1067 2870 Maximinus
1079 2838 1160 2872 Tre-

279 2885 419 2921 verensis
431 2885 610 2929 Episcopus
619 2909 629 2925 ‚
656 2886 766 2929 primae
780 2885 919 2930 Belgicae
932 2885 1158 2929 Metropolita:

283 2938 442 2970 Perditum
453 2937 487 2969 ὁ*
502 2934 703 2978 blasphemum
714 2934 907 2977 Euphratam
918 2941 1013 2970 omnis
1024 2938 1157 2970 Mundus

278 2988 347 3027 jam
357 2997 402 3018 ore
418 2989 537 3018 Domini
548 2991 683 3030 cognovit
693 2986 744 3029 effe
760 2987 955 3018 damnatum.
985 2987 1028 3020 Et
1039 2987 1161 3022 Severi-

283 3045 347 3069 nus
369 3035 558 3068 Senonenfis
584 3036 764 3080 Episcopus
780 3049 792 3069 .-
819 3035 942 3075 Constat
965 3036 1159 3078 Euphratam

281 3082 489 3127 subscriptione
500 3086 642 3117 Fratrum
661 3087 853 3127 plurimorum
875 3091 907 3118 in
926 3087 1069 3127 spiritum
1088 3089 1161 3119 San-

284 3133 362 3167 &um
385 3130 591 3175 blaspbemaffe
617 3157 627 3173 ,
653 3137 784 3177 negando
803 3133 948 3175 cbrfium
972 3138 1087 3169 Deum.
1117 3136 1161 3170 Et

285 3183 381 3227 Jeffes
404 3181 556 3225 Spirensis
580 3181 760 3226 Episcopus
783 3198 791 3216 ε
818 3189 890 3219 Non
907 3183 1000 3228 sblum
1022 3185 1160 3227 Epistola

285 3238 412 3268 omnium
423 3235 452 3264 E
455 3230 614 3272 eclesiarum
625 3255 636 3271 ,
661 3244 729 3274 quae
739 3235 896 3268 audierunt
903 3237 932 3266 E
935 3234 1093 3276 upbratam
1113 3246 1160 3268 ne-

281 3293 356 3328 gare
375 3280 522 3320 christum
535 3284 629 3314 Deum
639 3305 650 3321 ,
673 3280 732 3324 sed
737 3294 786 3325 ego
797 3282 858 3324 ipse
869 3284 986 3318 auribus
997 3288 1067 3317 meis
1078 3286 1163 3318 audi-

286 3330 382 3376 vtsub
397 3329 561 3374 praesentta
572 3334 699 3365 Martini
720 3330 901 3374 Confinioris
912 3333 997 3374 nostri
1010 3358 1021 3375 ‚
1047 3335 1080 3368 <tt
1101 3335 1177 3368 Me*

273 3387 376 3425 vmpii
390 3381 556 3420 Presbyteri
565 3404 576 3421 ,
589 3381 623 3414 (τ’
633 3380 757 3414 Vic‘loris
770 3385 910 3416 Draconi.
937 3382 1054 3419 Victor
1066 3385 1163 3418 Wor-

289 3431 450 3478 mafiensis
461 3430 641 3476 Episcopus
649 3429 773 3467 addidit
783 3442 872 3468 reum
882 3433 974 3470 fuisse
984 3433 1162 3470 multorum
1170 3443 1183 3536 l

1241 344 1386 388 phratam
1398 352 1529 386 retraxit
1538 352 1580 386 ab
1591 352 1807 397 appellatione
1816 379 1824 388 .
1851 356 1891 391 ln
1902 356 2011 392 Gallia
2025 355 2119 391 Chri-

1239 395 1342 431 stiana
1353 397 1479 433 Fratres
1485 401 1722 437 sammarthani
1733 414 1895 447 perperam
1902 405 2070 442 'affirmant
2081 406 2119 440 il-

1239 445 1308 481 lum
1333 447 1520 484 damnatum
1541 451 1586 486 ob
1609 453 1766 487 Arianam
1786 453 1924 490 haeresim
1948 482 1957 488 .
1982 455 2117 491 Etenim

1239 497 1327 530 aliud
1342 498 1374 530 in
1390 499 1445 532 suo
1459 500 1606 546 suffragio
1619 501 1715 538 habet
1727 503 1921 539 Valerianus
1930 504 2118 541 Antifiodo-

1237 547 1335 580 renfis
1350 547 1547 591 Episcopus.-
1570 553 1768 596 Euphratas,
1787 552 1892 597 falsus
1911 554 2040 596 Βοᾶον,
2063 567 2120 590 nu·

1235 597 1307 630 dum
1319 599 1436 633 tannim
1447 597 1591 633 hominem
1606 603 1702 647 afferit
1711 603 1862 647 Christum
1874 626 1886 638 .
1909 604 1987 639 Fuit
1996 604 2017 640 ὲ
2037 606 2115 640 faece

1235 645 1331 680 Pauli
1357 648 1604 690 samosatensis,
1629 662 1684 687 aut
1694 653 1843 690 Marcelli
1857 678 1865 688 .

1285 697 1482 741 Respondeo
1505 698 1646 735 secundo
1666 713 1734 736 non
1769 704 1832 739 effe
1869 702 2087 748 improbabile
2103 728 2114 745 ,

1232 747 1322 789 quod
1338 747 1518 792 Euphratas
1529 750 1735 793 appellaverit
1742 754 1783 788 ad
1795 755 1982 789 Romanam
2008 749 2117 788 Eccle-

1231 797 1306 831 siam
1330 818 1342 837 ,
1367 809 1421 832 aut
1442 800 1482 832 ad
1502 799 1569 842 ejus
1590 800 1728 844 gratiam
1753 803 1885 848 supplex
1907 804 2113 850 confugerit.

1233 847 1365 882 Etenim
1389 849 1534 891 sequenti
1546 850 1617 892 post
1643 849 1727 885 hanc
1738 850 1910 895 Synodum
1921 865 2012 889 anno
2025 877 2037 895 ,
2063 856 2112 889 uti

1230 897 1354 940 integer
1373 898 1407 931 ὅ(
1432 898 1622 935 canonicus
1643 900 1842 944 Episcopus,
1874 904 1978 938 adfuit
1997 904 2112 938 &sub-

1232 946 1345 990 scripsit
1357 946 1532 983 Sardicensi
1551 948 1729 991 Concilio,
1754 950 1926 986 abeodem
1947 963 2012 986 una
2034 962 2114 988 cum

1230 995 1411 1033 Vincentio
1427 998 1588 1041 Capuano
1605 998 1770 1042 Episcopo
1783 999 1927 1045 Legatus
1948 1002 1989 1034 ad
2001 1002 2113 1044 Impe-

1227 1057 1365 1082 ratorem
1382 1047 1615 1083 Constantium
1628 1073 1639 1090 ,
1651 1049 1885 1094 supplicaturus
1896 1051 2056 1094 relegatos
2065 1050 2112 1087 ob

1226 1094 1437 1132 Catholicam
1453 1097 1552 1133 fidem
1566 1099 1745 1143 Episcopos
1756 1097 1897 1135 revocari
1910 1101 1944 1134 in
1956 1101 2028 1135 suos
2039 1111 2112 1145 gra·

1224 1143 1284 1183 dus
1309 1146 1343 1181 ἃ.
1355 1147 1453 1183 Sedes
1466 1172 1473 1180 .
1501 1148 1614 1183 Refert
1625 1148 1692 1183 haec
1702 1150 1736 1184 in
1750 1149 1884 1194 epistola
1895 1150 1937 1185 ad
1952 1152 2026 1187 suos
2036 1151 2113 1191 Mo·

1226 1194 1347 1231 nachos
1367 1198 1503 1234 SanCius
1527 1197 1744 1240 Athanafius,
1769 1200 1805 1238 dc
1824 1201 1978 1248 adjungit
1995 1200 2111 1237 ambos

1225 1246 1316 1281 fuisse
1328 1246 1415 1281 viros
1426 1248 1582 1283 mirificos
1593 1273 1606 1290 ‚
1630 1260 1799 1292 promptos
1809 1250 1851 1285 ad
1862 1252 2002 1294 quodvis
2026 1252 2111 1286 faci·-

1226 1306 1301 1329 nus.
1330 1296 1374 1331 Et
1397 1297 1445 1331 uti
1465 1296 1546 1332 tales
1559 1298 1577 1332 a
1588 1298 1774 1335 Constante
1786 1300 1941 1345 Augusto
1953 1311 2010 1345 per
2019 1301 2112 1339 litte-

1223 1355 1270 1379 ras
1281 1345 1384 1379 Fratri
1396 1346 1597 1384 Constantio
1612 1349 1862 1386 commendatos
1874 1375 1882 1384 .

1271 1393 1454 1442 Euphratas
1467 1397 1532 1431 fuit
1545 1398 1677 1433 Arianis
1689 1398 1773 1434 adeo
1785 1399 1939 1441 odiosus,
1967 1410 2005 1435 ut
2026 1401 2113 1445 ipso·

1222 1455 1294 1479 rum
1316 1445 1401 1489 apud
1416 1445 1631 1483 Antiochiam
1645 1448 1834 1484 Patriarcha
1845 1449 2033 1495 Stephanus
2051 1451 2111 1495 ipsi

1223 1497 1415 1532 noeturnam
1436 1498 1639 1533 meretricem
1661 1498 1901 1535 sceleratissime
1919 1496 2114 1541 immiserit.

1223 1555 1292 1576 non
1312 1545 1383 1582 ejus
1401 1545 1615 1583 pudicitiam,
1627 1548 1695 1581 *sed
1715 1548 1838 1584 fimum
1865 1548 2111 1584 devastaturus.

1225 1589 1265 1623 Et
1289 1588 1464 1632 impudens
1486 1591 1630 1629 scortum
1649 1593 1735 1629 adeo
1757 1606 1947 1632 veneratum
1963 1598 2030 1632 fuit
2050 1598 2112 1633 viri

1220 1637 1415 1671 dormientis
1434 1637 1554 1673 faeiem
1566 1662 1578 1679 ,
1603 1648 1640 1674 ut
1662 1647 1743 1673 mox
1758 1641 1880 1686 sugerit
1900 1641 2111 1687 ecubiculm.

1219 1686 1253 1719 <Sc
1264 1686 1377 1722 multis
1387 1686 1587 1722 clamoribus
1600 1687 1739 1724 infames
1749 1689 1908 1736 Stephani
1920 1691 2018 1729 dolos
2035 1705 2111 1738 pro-

1222 1736 1393 1779 palaverit.
1421 1735 1466 1770 Et
1487 1736 1560 1773 sane
1572 1737 1756 1784 Synodales
1780 1740 1923 1786 Legatos
1939 1766 1953 1783 ‚
1976 1745 2035 1787 qui
2049 1745 2110 1790 Sy·

1224 1785 1352 1821 nodalia
1365 1786 1504 1823 Decreta
1522 1798 1676 1833 rogarent
1690 1789 1708 1823 a
1722 1788 1875 1837 Principe
1894 1792 1930 1826 in
1941 1794 2108 1829 executio—

1224 1847 1297 1870 nem
1318 1836 1407 1872 mitti
1428 1860 1441 1878 ‚
1475 1838 1622 1881 oportuit
1648 1840 1712 1874 effe
1735 1841 1821 1876 viros
1846 1843 2078 1888 integerrimos
2096 1869 2107 1881 .

1223 1886 1364 1922 Proinde
1374 1897 1503 1932 oportet
1515 1886 1718 1932 Euphratam
1731 1889 1773 1924 ab
1785 1891 1903 1928 infami
1913 1893 2030 1940 prioris
2050 1904 2108 1930 an·

1224 1935 1257 1972 ni
1275 1936 1361 1980 apud
1383 1937 1603 1982 Agrippinam
1626 1937 1754 1981 judicio
1772 1941 1868 1978 fuisse
1885 1953 2107 1988 expurgatum

1222 1985 1424 2030 pleniffime‚
1449 1999 1487 2022 ac
1499 1998 1701 2033 reparatum.
1727 1990 1836 2026 Sanni
1859 1993 2109 2029 ServatiiTon-

1222 2037 1339 2081 grensis
1357 2037 1510 2082 Episcopi
1533 2039 1619 2075 Aeta
1639 2040 1803 2077 affirmant
1821 2042 1855 2076 in
1879 2042 2028 2078 damnari
2043 2044 2110 2078 Eu·

1222 2086 1340 2131 phratae
1350 2087 1462 2122 locum
1475 2089 1569 2125 fuisse
1579 2101 1660 2127 mox
1670 2091 1861 2128 ordinatum
1871 2093 2027 2128 sanetum
2053 2095 2110 2129 Se-

1222 2138 1388 2172 verinum.
1415 2140 1558 2182 Oportet
1577 2140 1692 2176 ornnia
1713 2139 1780 2176 hec
1800 2142 1894 2178 fuiffe
1913 2154 1956 2177 ex
1975 2145 2110 2188 integro

1220 2187 1388 2223 exsufflata
1410 2213 1416 2221 .
1441 2189 1484 2222 Et
1505 2189 1670 2223 exsufflari
1696 2201 1767 2226 non
1784 2200 1919 2234 potuere
1938 2215 1951 2233 ,
1972 2191 2031 2227 nisi
2052 2198 2110 2235 per.

1221 2238 1335 2273 Sedem
1347 2237 1596 2281 Apostolicam:
1624 2238 1758 2282 Utique
1766 2240 1808 2275 ab
1821 2241 1988 2285 Euphrata
2014 2242 2110 2276 invo-

1219 2297 1325 2322 catam
1339 2311 1346 2318 .
1375 2286 1445 2321 Aut
1459 2286 1526 2322 haec
1538 2300 1611 2324 vera
1625 2290 1699 2323 sunt
1709 2311 1719 2327 ,
1744 2298 1801 2324 aut
1822 2290 1883 2325 ista
1896 2290 2107 2326 Coloniensis

1220 2336 1372 2381 Synodus
1398 2338 1548 2381 nequiit,
1578 2338 1627 2372 uti
1650 2338 1718 2381 ejus
1735 2340 1818 2374 Asta
1838 2339 1985 2382 habent,
2011 2340 2105 2375 fuisse

1220 2387 1377 2421 celebrata
1389 2398 1480 2422 anno
1491 2387 1733 2433 quadragesimo
1756 2390 1850 2424 sexto
1859 2391 1966 2436 quarti
1978 2391 2083 2425 saeculi
2094 2415 2103 2424 .

1221 2437 1317 2472 Certe
1337 2437 1541 2480 postmodo,
1563 2439 1635 2482 post
1659 2439 1881 2475 sardicensem
1904 2441 2105 2481 Synodum,

1220 2487 1372 2521 celebrari
1383 2498 1453 2521 non
1466 2489 1583 2531 potuit.
1606 2489 1740 2522 Etenim
1751 2490 1860 2524 Sancti
1871 2489 2007 2524 Servatii
2019 2490 2103 2524 Asta

1220 2537 1380 2577 affirmant
1406 2536 1604 2579 Euphratam
1617 2539 1769 2580 praesente
1790 2540 1910 2573 SanQo
1921 2538 2105 2583 Athanasio

1219 2587 1366 2621 delirasse
1377 2611 1387 2627 ,
1412 2587 1558 2629 adeoque
1584 2587 1705 2622 &tunc
1715 2586 1869 2629 temporis
1880 2587 1972 2622 fuisse
1983 2587 2106 2622 discus-

1223 2638 1292 2671 sum
1317 2636 1526 2678 synodaliter
1546 2661 1558 2676 ,
1594 2645 1693 2680 atque
1711 2636 1906 2671 damnatum
1930 2661 1937 2668 .
1973 2635 2104 2681 Nempe

1220 2687 1298 2721 dum
1313 2686 1381 2728 post
1395 2685 1539 2728 Tyriam
1551 2684 1723 2728 synodum
1743 2685 1761 2720 a
1781 2697 1905 2732 magno
1915 2686 2106 2722 Constanti·
2122 2730 2127 2736 Ι

1221 2748 1265 2770 no
1279 2736 1472 2779 proscriptus
1484 2735 1680 2770 Athanasius
1690 2735 1843 2771 exulabat
1861 2737 1896 2771 in
1907 2736 2018 2773 Gallia
2030 2761 2042 2777 ‚
2067 2737 2106 2772 δε

1221 2785 1278 2830 qui
1299 2785 1370 2829 post
1393 2784 1613 2820 Sardicensem
1636 2786 1808 2829 Synodum
1828 2785 1870 2822 eo
1891 2797 1960 2821 non
1984 2786 2105 2827 rediit,

1222 2847 1282 2870 nec
1301 2834 1413 2878 potuit
1435 2834 1536 2869 redire
1559 2861 1565 2868 .
1594 2836 1773 2881 Imperator
1796 2837 1917 2880 quippe
1940 2836 2106 2872 Constans

1222 2896 1301 2919 tunc
1316 2884 1423 2919 statim
1446 2885 1509 2919 suit
1529 2885 1653 2920 occisus
1673 2885 1691 2919 a
1702 2885 1868 2928 Tyranno
1880 2886 2081 2930 Magnentio
2094 2909 2106 2926 ,

1221 2936 1254 2968 δε
1276 2934 1470 2969 Occidentis
1490 2934 1667 2978 Imperium
1690 2934 1735 2969 est
1748 2933 1941 2971 devolutum
1961 2935 2003 2971 ad
2015 2936 2105 2970 Con-

1223 2984 1376 3018 stantium
1389 3009 1400 3025 ,
1424 2985 1599 3029 professum
1611 2984 1782 3020 Athanasii
1798 2984 2012 3020 adversarium
2024 3011 2035 3028 ,
2058 2995 2105 3020 at-

1223 3045 1286 3076 que
1298 3035 1343 3068 ita
1355 3033 1460 3069 isthuc
1472 3034 1527 3068 ille
1540 3034 1699 3078 proficisci
1713 3046 1780 3069 non
1792 3046 1918 3079 poterat
1931 3061 1942 3076 ,
1969 3048 2027 3070 nec
2037 3035 2104 3071 effe

1224 3086 1348 3118 securus
1360 3109 1367 3116 .
1395 3083 1540 3119 Proinde
1556 3096 1617 3119 nec
1629 3085 1872 3130 Agrippinensis
1883 3086 2038 3129 Synodus
2046 3095 2104 3129 po·

1224 3134 1287 3168 tuit
1306 3134 1460 3169 celebrari
1473 3134 1543 3180 post
1557 3134 1796 3170 Sardicensem.
1827 3135 1971 3182 Qidarn
1996 3133 2104 3170 existi·

1223 3194 1314 3218 mant
1325 3183 1526 3227 Euphratam
1537 3184 1886 3230 fuiffeintegerrimum
1896 3187 2016 3228 semper
2029 3182 2104 3225 Epi-

1224 3235 1379 3277 scopum,
1406 3233 1547 3277 ideoque
1560 3232 1626 3269 haec
1646 3235 1759 3269 omnia
1770 3236 1832 3270 effe
1843 3235 1946 3278 spuria
1968 3232 2103 3276 figmen-

1223 3292 1275 3318 ta:
1303 3282 1429 3317 Similia
1453 3283 1539 3324 illis,
1564 3295 1633 3332 quae
1653 3286 1923 3319 circumferuntur
1941 3282 1983 3316 de
1995 3281 2103 3325 Lapsa

1223 3333 1331 3368 Sanffi
1344 3332 1514 3367 Pontificis
1525 3334 1708 3369 Marcellini
1721 3360 1727 3367 .

1273 3382 1347 3417 Nec
1358 3382 1475 3417 desunt
1490 3383 1702 3419 fundamenta
1714 3409 1722 3417 .
1749 3381 1879 3418 Etenim
1899 3392 1958 3415 nec
1968 3381 2102 3416 Sanstus

1226 3431 1443 3474 Athanasius,
1469 3444 1530 3468 nec
1552 3435 1623 3479 quis
1645 3435 1727 3469 alius
1748 3430 1831 3477 apud
1853 3431 2023 3516 Antiqulpes
2041 3442 2104 3466 au-

1960 3492 1973 3516 t
2018 3490 2054 3515 n·
