2326 3718
714 166 992 227 ROMAms
1026 176 1618 224 APPELL'A'Tlomnu's.‘
1907 166 1990 223 ”61

251 269 490 312 judicaverunt,
507 264 615 307 injusta
625 274 775 307 nunquam
782 262 847 305 fieri
854 264 946 307 poffe.
977 262 1128 298 Affirmat
1187 271 1226 294 ac
1247 257 1476 303 exequendam
1496 259 1722 295 evocationem
1747 272 1817 296 non
1828 260 2000 306 indiguisse
2013 272 2068 304 po-

256 319 341 353 hanc
351 316 414 350 effe
423 316 591 360 antiquam
604 315 751 350 Ec'clefiae
761 314 1042 352 consuetudinem,
1052 324 1129 347 con·
1188 309 1306 344 stulatu
1318 319 1374 344 aut
1385 309 1545 343 consensu
1562 308 1709 342 partium
1724 324 1734 343 .·
1760 312 1898 346 Evocari
1909 312 1927 346 a
1938 312 1968 345 se
1983 311 2071 356 pofl'e

255 367 419 401 firmatam
432 367 466 400 in
480 366 614 402 Nicaena
626 365 821 408 syn0d0‚&
832 365 990 399 redactam
1003 364 1037 397 in
1050 362 1130 397 Scri·
1190 360 1288 396 etiam
1299 359 1441 394 invitos.
1470 358 1514 393 Et
1525 359 1628 392 utitur
1648 357 1794 400 judiciali
1808 361 1967 396 vocabulo
1984 385 1995 402 ,
2020 365 2071 393 ct.

255 427 349 461 ptum
362 441 368 447 .
399 418 443 451 Et
454 416 640 451 concludit:
667 418 780 449 Morem
792 439 803 455 ,
827 421 877 458 qui
883 413 973 458 semel
988 417 1021 445 in
1032 412 1130 446 Eccle-
1191 415 1251 444 tari
1262 435 1269 443 .
1296 410 1390 444 Hinc
1411 409 1580 444 concludit
1607 407 1863 443 Eusebianorum
1887 412 2073 457 tergiversa-

251 467 296 510 fia
315 467 462 508 obtinuit,
488 469 551 501 &a
572 467 678 506 synodo
697 467 886 508 confirmatus
908 464 962 504 est,
991 467 1127 505 iniquum
1192 461 1322 495 tionem
1338 461 1401 495 esse
1412 458 1616 494 temerariam
1633 484 1644 500 ,
1671 456 1879 493 inhonestam
1893 484 1903 499 ,
1924 462 2074 506 suspicio·

255 518 293 559 est
302 519 323 549 ἃ
330 523 435 559 paucis
447 517 597 560 abrogari.
622 514 735 549 palam
755 516 823 561 agit
845 515 887 550 de
900 512 1131 557 appellatarum
1193 513 1260 545 sam
1275 536 1281 543 .
1311 510 1444 555 Utique
1456 510 1497 544 de
1509 509 1637 553 proptia
1650 510 1744 543 causa
1757 509 1791 542 &
1801 510 2000 544 conscientia
2011 537 2018 543 .
2031 510 2075 544 Et

255 568 444 608 causatum,
461 567 493 600 &
505 565 671 600 ambarum
683 566 716 599 in
727 567 797 609 ipsis
810 566 946 609 partium
960 562 1000 597 ad
1011 561 1130 596 Roma·
1194 561 1347 605 adjungit
1370 560 1645 605 tergiversationis
1664 559 1914 593 fundamentum
1938 572 1945 591 ι
1973 559 2075 607 Qod

256 628 341 653 num
363 615 558 652 retractaturi
569 615 902 650 PontificiTribunal
912 613 1130 648 evocatione.
1181 604 1311 681 {nempe
1337 610 1512 645 Eusebiani
1540 610 1573 643 in
1591 608 1801 644 Antiochena
1816 609 1952 652 Synodo
1963 610 2076 643 contra

255 666 506 702 Antiochenam
518 666 690 709 synodum
702 690 714 706 ,
735 677 805 709 quae
817 675 871 709 pet
883 664 1015 698 dolosos
1025 661 1131 696 Cano·
1196 672 1331 696 ornnem
1341 660 1573 705 antiquitatem
1597 660 1662 703 jam
1676 660 1831 694 blaterare
1853 659 2019 702 coepiffent
2031 661 2079 693 0-

256 728 314 752 nes
325 717 424 761 ipsam
447 715 682 760 impugnabat,
711 716 818 760 arguit
834 712 1002 748 horrendae
1012 721 1133 747 contu·-

256 766 368 802 maciae
379 792 390 808 ,
418 767 452 800 &
466 766 650 810 perniciosae
678 764 835 799 novitatis
844 789 852 796 .

306 817 352 850 Et
373 817 593 860 prosequitur:
622 818 707 859 ,Quin
730 825 765 848 ne
784 813 835 847 hoc
856 815 976 857 quidem
996 813 1112 855 conceffo
1124 836 1134 851 ,

256 868 424 910 quidquam
437 872 514 908 aequi
525 865 614 900 habet
623 864 720 905 vestra
732 862 842 905 offi’nst‘o
852 888 859 895 .
886 865 1034 907 Siquidem
1047 861 1135 900 vestri

257 921 392 961 Legati,
416 919 568 950 Macarius
582 915 734 951 Presbyter
746 937 758 953 ,
783 916 817 946 6·
828 912 985 955 Hesjrchius
1003 923 1038 944 ac
1049 915 1132 944 Mar—

257 972 350 1005 tyrius
363 969 503 1005 macons,
529 964 608 996 nullo
618 964 702 995 modo
713 986 724 1002 ,
749 973 813 995 cum
825 962 879 995 buc
891 963 1033 1005 venissent
1042 987 1053 1003 ,
1078 969 1134 1003 pa-

256 1027 306 1049 res
316 1014 498 1052 Presbyteris
509 1011 548 1045 ab
561 1011 716 1054 Athanafio
723 1013 808 1053 miffis
818 1036 829 1052 ,
853 1022 887 1045 ac
898 1010 1012 1055 semper
1023 1011 1062 1045 ab
1073 1012 1136 1045 illis

254 1061 384 1098 couvi&
391 1087 403 1103 ‚
426 1061 609 1104 refutatique
618 1086 631 1104 ,
655 1065 817 1095 Concilium
842 1063 932 1096 indici
953 1065 973 1094 a
995 1061 1077 1095 nobis
1090 1069 1139 1102 po-

252 1111 402 1153 stularunt
413 1135 425 1151 ‚
436 1111 609 1156 litterasque
618 1114 651 1147 Θ
659 1113 703 1146 ad
711 1110 898 1155 Eusebianos
907 1137 918 1152 ‚
942 1114 977 1146 ό·
990 1113 1034 1145 ad
1045 1111 1139 1144 Atha-

254 1160 368 1203 naſsum
378 1162 595 1196 Alexandriam
605 1187 616 1202 ,
628 1162 733 1205 quibus
743 1171 978 1197 convocarentur
997 1185 1008 1202 ‚
1032 1167 1115 1195 mitti
1128 1186 1139 1202 ,

255 1221 293 1246 ut
303 1222 400 1246 coram
410 1212 546 1246 omnibus
552 1213 628 1254 iusto
627 1214 744 1253 judicio
755 1213 791 1246 de
800 1212 890 1256 causa
901 1211 1027 1257 cognosci
1035 1212 1119 1255 poffit
1131 1224 1138 1244 :

255 1265 334 1296 Tum
343 1261 463 1306 enimse
475 1263 514 1297 de
525 1262 682 1304 Athanafio
687 1262 865 1304 probaturos
884 1263 934 1306 effe
946 1288 958 1304 ,
983 1263 1066 1305 quod
1074 1266 1139 1305 jam

258 1318 415 1355 nequirent
425 1337 432 1344 .
460 1312 581 1346 Publice*
599 1319 679 1346 enim
696 1323 795 1347 coram
818 1312 901 1346 nobis
923 1316 1084 1351 Martyrius
1107 1313 1141 1346 (a

258 1360 415 1405 Refichius
433 1361 663 1403 refellebantur,
693 1362 846 1404 Athanafii
868 1362 1052 1401 Presbyteris
1065 1362 1142 1396 bona

257 1422 324 1446 cum
339 1410 453 1453 fiducia
472 1413 615 1446 alacriter
636 1411 846 1455 refistentibus.
864 1416 1041 1452 *Martyrios
1069 1415 1142 1447 vero

256 1472 324 1497 cum
340 1459 408 1506 suis
419 1485 431 1502 ,
451 1460 481 1503 fi
487 1473 563 1496 vera
583 1463 711 1497 dicenda
726 1461 789 1504 fint
798 1487 810 1504 ,
834 1462 944 1506 ubique
964 1462 1142 1507 profligaba-

257 1520 333 1553 την,
357 1523 393 1545 ac
408 1513 536 1554 proinde
555 1514 719 1545 Concilium
737 1514 872 1554 generale
889 1513 1058 1552 postulabat
1078 1537 1096 1546 .-
1113 1514 1144 1546 si

260 1564 355 1604 igitur
366 1564 509 1597 Martyria
528 1562 564 1593 ά
573 1559 703 1601 Heficht'o
720 1560 835 1592 nuliam
849 1560 991 1597 synodum
998 1559 1146 1600 postulan-

261 1608 347 1643 tibus
357 1633 369 1648 ,
395 1608 576 1642 adhortatus
579 1608 703 1650 fuiffem
713 1624 738 1647 ‚*
752 1616 787 1640 ut
796 1609 842 1640 ad
848 1610 993 1644 synodum
1002 1632 1013 1648 ,
1038 1614 1091 1649 qui
1101 1610 1146 1640 ad

258 1654 489 1697 mescripfiffent
498 1677 510 1694 ,
535 1661 764 1689 convocarentur
773 1677 785 1693 ,
795 1656 884 1696 idque
892 1659 1068 1698 ingratiam
1074 1656 1144 1697 fra-

260 1713 346 1739 trum
359 1727 372 1744 ‚
398 1708 452 1747 qui
469 1701 502 1747 se
512 1704 658 1743 injurtam
662 1707 734 1745 pati
751 1703 1026 1745 conquerebantur,
1052 1710 1144 1738 etiam

260 1755 371 1788 velita
383 1764 473 1796 aequa
491 1751 612 1794 &justa
628 1752 733 1796 fuiJJ‘et
742 1752 838 1793 nostra
857 1753 1039 1789 cohortatio:
1065 1758 1142 1788 Cum

259 1814 300 1839 ea
305 1800 341 1844 fit
351 1803 385 1836 (tr
395 1801 592 1845 Ecclefiastica
606 1826 618 1844 ,
643 1803 678 1837 Θ
688 1806 850 1848 Deograta
861 1829 869 1836 .
889 1806 920 1847 J
923 1817 973 1838 am
986 1803 1037 1837 ubi
1051 1806 1147 1838 eidem
1171 1827 1174 1829 -

261 1855 332 1895 illi,
359 1858 412 1896 qui
433 1852 553 1887 avobis
568 1861 625 1895 pro
637 1852 787 1898 gravibus
807 1858 905 1895 viris,
932 1856 967 1889 (a
975 1853 1038 1896 fide
1064 1854 1147 1899 digni

262 1902 453 1947 babitifuere
466 1928 478 1945 ,
501 1903 647 1937 authores
670 1902 747 1937 mihi
765 1902 906 1946 fuerint,
930 1913 964 1938 ut
979 1916 1034 1938 vos
1046 1915 1149 1938 convo-

261 1963 387 1995 carem,
410 1955 489 1988 certe*
501 1954 539 1987 id
545 1955 566 1987 ἃ
578 1952 664 1988 vohIs
677 1955 754 1998 aegre
763 1953 916 1996 firrinon
941 1954 1044 1989 debuit
1063 1977 1076 1994 ‚
1092 1952 1151 1997 sed

262 2004 365 2046 potius
376 2004 516 2038 alacriter
536 2004 580 2037 ad
589 2008 761 2038 citationem
770 2014 928 2039 occurrere.
956 2006 1151 2048 ,Quapropter

265 2054 437 2098 indignatio
458 2064 557 2089 eorum
581 2078 594 2096 ,
617 2059 671 2096 qui
692 2053 749 2088 bac
771 2059 910 2089 citatione
936 2055 1128 2095 offendantur
1141 2077 1152 2094 ,

266 2109 450 2145 temeraria,
477 2102 729 2148 &tergiversatio
743 2104 861 2144 fistendi
877 2103 1052 2149 sejudicio
1073 2103 1155 2137 inho·

261 2152 349 2193 —rtesta
371 2154 406 2187 (51¹
411 2151 569 2196 suspiciosa
579 2153 719 2187 videtur.
747 2157 794 2185 An
805 2152 959 2196 quisquam
976 2153 1153 2193 stomachari

261 2201 372 2242 vachet,
390 2200 421 2242 fi
439 2213 506 2245 quse
516 2200 580 2245 ipse
600 2202 699 2246 fecit,
724 2202 765 2236 ab
789 2204 863 2236 aliis
882 2202 950 2246 fieri
962 2204 1094 2237 videat?
1120 2205 1141 2236 5
1144 2208 1155 2235 i

265 2256 367 2289 enim,
395 2259 430 2284 ut
443 2250 600 2294 scribitis,
625 2253 816 2294 inconcussam
837 2251 927 2285 habet
939 2252 1154 2286 authoritatem

268 2299 406 2344 qualibet
417 2302 546 2340 synodus
560 2325 572 2342 ,
598 2302 846 2335 &contumeliose
863 2307 964 2345 agitur
987 2312 1051 2335 cum
1056 2302 1089 2345 J
1091 2303 1157 2334 udi·

262 2353 319 2392 ce,
346 2351 426 2392 qu'us
431 2355 462 2397 J
465 2352 598 2384 udtctum
610 2351 650 2385 ab
660 2352 730 2385 aliis
753 2356 945 2385 examinatur
957 2374 970 2391 ‚
994 2351 1155 2392 confidera-

267 2409 322 2440 re,
347 2399 465 2444 quaeso,
495 2400 696 2443 Dilebliffimi,
723 2406 845 2444 quinam
850 2399 933 2442 fiat,
953 2405 1004 2443 qui
1016 2402 1158 2440 synodum

270 2449 465 2491 improbant,
490 2452 526 2484 (tt
541 2457 594 2492 qui
603 2452 728 2484 aliorum
730 2451 872 2492 judicata
898 2448 1091 2492 rescindunt,
1116 2461 1151 2484 ne

267 2499 383 2544 fingula
394 2501 567 2534 excutiendo
587 2509 679 2534 certos
691 2500 823 2534 homines
833 2511 963 2542 gravem
972 2525 980 2532 .

321 2549 481 2584 Pontifex
495 2550 591 2584 docet
604 2550 712 2584 varia.
739 2548 856 2583 primo
870 2573 881 2590 ,
906 2548 1073 2593 antiquam
1099 2549 1159 2582 Ec-

269 2599 374 2634 clefiae
384 2623 396 2640 ,
423 2599 595 2644 praesertim
614 2599 681 2643 jam
694 2599 712 2633 a
724 2599 862 2633 Nicaena
883 2598 1019 2642 synodo
1037 2601 1159 2633 confir-

269 2659 393 2684 matam
404 2648 679 2684 consuetudinem
699 2651 762 2684 efle
779 2648 1084 2683 sufficientiffimum
1109 2660 1158 2683 ve-

270 2700 377 2735 ritatis
387 2722 399 2739 ,
425 2699 459 2733 &
470 2699 553 2733 reste
564 2698 783 2733 administrati
794 2699 813 2732 a
830 2701 860 2732 se
871 2699 976 2733 officii
988 2709 1159 2744 argumen-

271 2760 345 2784 tum
353 2759 390 2784 ac
401 2747 797 2785 fundamentum-Deinde
807 2748 881 2784 licet
893 2747 957 2783 hoc
969 2749 1160 2783 fundamen·

271 2809 346 2835 tum
366 2810 434 2834 non
459 2799 601 2840 adesset,
628 2801 700 2834 suas
722 2800 757 2833 in
780 2797 845 2833 hoc
868 2798 1006 2844 negotio
1017 2800 1159 2833 actiones

271 2849 381 2884 fulciri
400 2849 473 2885 aliis
495 2849 663 2894 principiis
676 2874 688 2891 ,
715 2849 963 2884 subministratis
986 2861 1042 2894 per
1059 2849 1158 2894 ipsam

271 2895 494 2934 Eusebianam
516 2901 707 2934 Factionem
734 2924 740 2931 .
769 2899 902 2934 Etenim
927 2899 996 2943 ejus
1023 2899 1158 2945 Legati,

272 2950 364 2992 quod
386 2950 493 2984 Sancti
518 2948 690 2985 Athanasii
717 2949 851 2994 Legatis
865 2961 931 2983 non
947 2950 1073 2994 possent
1086 2950 1157 2984 resi-

274 2997 376 3040 stete,
402 3000 606 3043 postularunt
629 3001 716 3044 ipsos
739 2999 957 3042 principales,
985 3011 1101 3043 nempe
1112 3000 1157 3043 ip-

277 3047 350 3081 sum
372 3048 610 3095 Athanasium,
635 3052 670 3088 &
693 3050 821 3094 aliquos
851 3061 893 3085 ex
909 3050 982 3094 ipsis
993 3050 1108 3093 Tyriae
1121 3061 1158 3084 ac

279 3095 499 3134 Antiochenae
519 3101 729 3144 Synodorum
754 3101 925 3144 Episcopis
943 3099 1073 3135 evocari
1103 3111 1158 3144 per

277 3146 475 3184 Pontificem
490 3173 502 3191 ,
527 3151 560 3185 &
583 3163 637 3195 per
649 3151 756 3195 ipsos,
782 3152 937 3185 &coram
951 3151 1158 3195 ipsiscausam

278 3196 445 3230 retrastati
470 3222 477 3229 -
511 3199 723 3236 Postulat-unt
755 3201 903 3245 generale
939 3201 1157 3236 Concilium:

279 3245 365 3280 Non
389 3245 490 3279 totius
514 3247 658 3285 Ecclefiae
681 3275 693 3293 ‚
720 3251 774 3285 sed
809 3262 987 3287 commune
1007 3250 1158 3286 partibus

282 3294 557 3351 contendentibus
567 3322 574 3329 .
600 3299 688 3336 Istud
700 3300 755 3336 hic
766 3300 886 3337 dicitur
903 3302 1053 3347 generale
1065 3326 1072 3334 .
1099 3302 1158 3336 Pa-

284 3356 327 3389 pa
335 3346 487 3389 supponit
499 3346 582 3389 ipsos
594 3349 690 3392 egino
697 3352 873 3387 secundum
885 3352 1032 3388 Ecclesiae
1052 3362 1158 3387 mores

284 3396 321 3430 δε
347 3394 522 3436 Canones,
550 3396 689 3441 ideoque
706 3401 804 3437 &sua
815 3402 896 3438 Aeta
914 3402 955 3437 ab
967 3402 1160 3447 ipfisjustifi.

286 3445 374 3481 cati.
399 3444 521 3480 Tertio
541 3447 679 3482 affirmat
699 3450 732 3483 se
749 3452 798 3484 ad-
811 3453 910 3489 talem
921 3452 1156 3489 decernendam

386 3494 496 3542 Christ.
507 3499 588 3544 Lupi
597 3502 694 3543 Opera
704 3502 736 3532 Τ.
746 3502 775 3534 V
773 3501 828 3535 111.

1197 711 1383 746 tientalium
1397 711 1607 754 synodorum
1632 708 1865 745 authoritatem
1884 709 1945 743 effe
1967 710 2079 742 incon-

1197 760 1482 804 cuffam‚ideoq;ab
1493 761 1562 802 ipsis
1572 771 1638 794 non
1650 761 1737 804 posse
1746 759 1889 794 Romam
1898 759 2080 802 provocari.

1200 811 1350 846 Affirmat
1361 811 1423 845 effe
1435 810 1578 854 lepidum
1591 810 1917 853 fadiionisjudicium.
1947 807 2082 842 Etenim

1198 861 1264 904 ipsa
1276 861 1487 895 sacrosanstas
1499 861 1594 903 ipsius
1607 859 1736 893 Nicaeni
1751 858 2083 893 Concilii-sententias

1201 909 1403 955 impudenter
1415 911 1480 944 fine
1490 911 1599 944 fronte
1610 909 1811 944 rescindebat
1831 909 1863 942 &
1874 909 2062 943 exsufflabat
2074 920 2084 950 3

1200 971 1231 994 at
1243 961 1318 994 vero
1330 963 1384 995 sua
1396 960 1661 1005 fastiosa,iniqua,
1673 960 1705 994 &
1717 959 1826 1003 palam
1837 959 1986 992 scelerata
1999 958 2086 1002 apud

1200 1011 1335 1052 Tyrum
1344 1012 1378 1043 δε
1390 1009 1608 1045 Antiochiam
1616 1010 1741 1053 judicia
1752 1008 1882 1043 volebat
1893 1010 1955 1043 effe
1970 1008 2088 1042 immo-

1201 1060 1280 1095 bilia
1294 1060 1328 1094 &
1343 1060 1551 1093 sacrosancta.
1578 1060 1647 1094 Hic
1657 1060 1702 1094 est
1717 1058 1858 1094 omnino
1868 1060 1989 1103 primus
2001 1058 2090 1096 fons,

1200 1122 1242 1146 ex
1252 1121 1319 1154 quo
1340 1108 1529 1143 Paschasius
1551 1108 1750 1155 Qesnellus
1770 1119 1807 1143 ac
1820 1110 1888 1154 ejus
1908 1108 2090 1152 Symmistae

1202 1169 1319 1205 potant
1331 1158 1478 1194 turbidas
1488 1169 1586 1201 aquas
1597 1183 1608 1198 ,
1633 1158 1666 1191 &
1679 1168 1718 1191 ex
1734 1158 1806 1200 ipfis
1820 1160 2003 1193 universam
2024 1158 2091 1191 Ec-

1202 1211 1331 1246 clesiam
1353 1209 1484 1243 student
1507 1207 1622 1242 contra
1643 1206 1872 1251 Apostolicam
1894 1207 2013 1242 Sedem'
2027 1208 2093 1241 ine-

1202 1261 1325 1296 briare.
1351 1258 1490 1294 profero
1499 1259 1566 1293 alta
1591 1257 1687 1293 verba
1699 1281 1710 1298 ,
1737 1265 1770 1291 at
1782 1267 1850 1290 non
1880 1257 1946 1290 fine
1959 1258 2095 1291 tationi-

1203 1311 1279 1346 bus.
1309 1310 1445 1344 Etenim
1458 1308 1641 1343 Eusebiana
1657 1308 1754 1342 faeiio
1770 1318 1838 1341 non
1849 1306 1891 1341 de
1906 1307 2096 1341 Provincia-

1205 1362 1312 1402 libus,
1339 1360 1393 1395 sed
1414 1358 1455 1394 de
1480 1359 1556 1394 solis
1578 1356 1854 1393 patriarchalibus
1865 1356 2008 1400 Synodis
2027 1358 2098 1390 san-

1206 1413 1256 1446 xit
1271 1426 1282 1445 .-
1346 1411 1403 1444 uin
1417 1408 1640 1445 provinciales
1653 1409 1780 1453 possent
1790 1410 1831 1443 ad
1840 1406 2097 1443 patriarchalem

1209 1462 1469 1497 retractationem
1485 1459 1658 1504 provocari
1670 1471 1708 1493 ac
1718 1458 1846 1493 evocari
1858 1483 1869 1498 ‚
1895 1457 1980 1501 apud
1993 1457 2097 1500 ipsam

1210 1522 1297 1552 erat,
1322 1523 1360 1546 ac
1370 1510 1549 1545 etiamnum
1562 1509 1648 1554 apud
1662 1507 1821 1544 photiani
1836 1507 2026 1542 Schismatis
2045 1507 2099 1541 Se-

1212 1564 1348 1596 statores
1371 1561 1417 1596 est
1442 1559 1763 1596 indubitatiffimum.
1792 1558 1840 1593 At
1862 1559 1940 1593 vero
1962 1556 1997 1590 hi
2017 1556 2099 1590 novi

1214 1609 1428 1654 Dogmatistae
1436 1611 1536 1643 etiam
1547 1608 1607 1650 hec
1619 1610 1746 1650 Judicia
1756 1610 1875 1642 volunt
1886 1608 2015 1650 abrepta
2030 1606 2101 1639 Ro-

1214 1670 1318 1691 manae
1342 1659 1507 1692 Ecclefiae.
1537 1658 1696 1691 Evettunt
1716 1669 1786 1690 non
1818 1657 1917 1690 solam
1943 1654 2099 1700 Papalern

1214 1706 1409 1749 dignitatem
1424 1730 1434 1745 ,
1461 1706 1515 1738 sed
1528 1706 1628 1738 etiam
1652 1705 1923 1739 patriarchalem.

1264 1755 1369 1798 Julius
1382 1753 1541 1788 Pontifex
1554 1753 1778 1798 prosequitur:
1807 1757 1957 1788 Macarius
1979 1754 2100 1792 Presby-

1215 1814 1260 1839 ter
1272 1829 1284 1845 ,
1308 1816 1343 1838 ac
1364 1807 1520 1845 Martyrius
1534 1828 1545 1845 ‚
1567 1815 1602 1837 ac
1613 1802 1769 1846 Hesjtcht'us
1790 1805 1935 1843 Diaconi,
1961 1803 2101 1837 authores

1217 1854 1436 1897 nobisfuerunt
1447 1880 1458 1895 ,
1484 1862 1516 1887 ut
1542 1854 1757 1888 Alexandriam
1764 1853 1957 1896 scriberemus
1979 1856 2102 1888 cuidam

1218 1905 1297 1948 Pisto
1312 1928 1324 1945 ,
1349 1915 1404 1947 quo
1425 1912 1553 1946 tempore
1578 1911 1670 1937 etiam
1700 1903 1879 1943 Athanasius
1911 1906 2102 1938 Alexandria·

1217 1953 1394 1999 versabatur
1406 1979 1413 1987 .
1443 1963 1530 1992 Hunc
1558 1963 1656 1988 autem
1682 1953 1793 1994 Pistum
1818 1954 1968 1995 Athanasii
1980 1956 2103 1993 Presby-

1217 2012 1272 2039 teri
1282 2004 1524 2048 supervenientes
1536 2006 1696 2038 docuerunt
1710 2009 1857 2038 Attanum
1868 2005 1918 2048 effe
1928 2029 1940 2046 ‚
1964 2006 1997 2038 (¹5
2009 2017 2039 2038 co
2053 2017 2104 2038 no-

1218 2062 1296 2089 mine
1319 2056 1358 2089 ab
1368 2056 1539 2090 Alexandro
1564 2057 1598 2089 ό·
1610 2059 1742 2089 Nicaena
1753 2057 1861 2094 synodo
1869 2067 1953 2089 reum
1958 2055 2079 2096 fac‘lutn
2090 2081 2102 2096 ‚

1212 2107 1400 2149 gradumque
1421 2104 1470 2147 sui
1490 2106 1612 2138 Ordinis
1635 2107 1655 2136 ἂ
1678 2108 1806 2148 quodam
1833 2107 1959 2140 secundo
1976 2131 1986 2147 ,
2014 2118 2103 2149 quem

1217 2167 1328 2198 magna
1340 2157 1466 2194 synodus
1478 2164 1511 2187 ut
1524 2159 1668 2188 Arianum
1678 2157 1817 2196 rejecerat
1830 2181 1840 2196 ,
1865 2156 1998 2199 accepisse
2006 2181 2013 2188 .
2042 2161 2101 2188 His

1218 2208 1289 2238 vero
1320 2215 1371 2237 nec
1393 2208 1531 2243 Martyrii
1557 2207 1676 2247 quidem
1696 2204 1813 2248 sodales
1836 2205 2079 2239 contradicebant
2089 2230 2101 2246 ,

1219 2264 1310 2295 neque
1325 2253 1434 2294 Pistum
1445 2255 1464 2285 ἃ
1485 2256 1612 2287 Secundo
1616 2254 1704 2298 fuisse
1724 2255 1908 2296 constitutum
1932 2256 2101 2300 negabant.

1219 2305 1335 2337 Videtis
1362 2308 1455 2346 igitur
1477 2305 1527 2336 vel
1543 2316 1581 2347 ev
1590 2304 1646 2337 hac
1656 2305 1744 2347 causa
1756 2329 1766 2344 ,
1793 2311 1844 2348 qui
1854 2300 1954 2347 potius
1965 2313 1998 2338 in
2016 2308 2102 2348 culpa

1219 2352 1347 2387 habendi
1355 2352 1439 2394 fini,
1465 2350 1569 2395 nosne,
1595 2360 1646 2396 qui
1667 2352 1843 2397 persuaderi
1864 2367 1920 2388 non
1930 2361 2103 2398 potuimus,

1218 2411 1251 2436 ut
1262 2407 1370 2436 Ariano
1381 2402 1457 2442 Pisto
1466 2404 1585 2437 litteras
1592 2403 1786 2447 scriberemus
1799 2429 1810 2445 ,
1835 2418 1875 2439 an
1888 2407 1952 2446 illi,
1965 2412 2017 2449 qui
2028 2405 2104 2439 mihi

1219 2451 1362 2494 confilium
1383 2454 1509 2492 dedere,
1533 2462 1567 2486 ut
1590 2463 1751 2497 contempto
1773 2467 1879 2499 magno
1904 2458 2031 2490 Concilio
2060 2457 2106 2491 ad

1220 2507 1326 2543 impios
1351 2500 1497 2534 baerettcos
1509 2525 1519 2540 ‚
1545 2503 1626 2535 velut
1649 2505 1694 2535 ad
1712 2511 1779 2544 pios
1803 2505 1932 2538 homines
1946 2529 1957 2544 ,
1982 2507 2104 2540 litteras
2148 2498 2153 2507 “

1222 2551 1348 2585 darem?
1374 2551 1463 2583 Certe*
1474 2553 1625 2584 Macarius
1640 2553 1796 2589 Presbyter
1805 2577 1815 2592 ,
1840 2566 1905 2587 cum
1919 2559 2052 2599 Legatus
2063 2556 2102 2589 ab

1222 2599 1351 2644 Eusebio
1361 2608 1484 2633 venerat
1494 2622 1504 2638 ,
1529 2601 1578 2633 ubi
1601 2603 1724 2635 audivit
1736 2603 1888 2645 Athanasii
1916 2606 2102 2644 Presbyteros

1224 2651 1300 2691 Pisto
1311 2648 1430 2691 obfistere
1443 2674 1455 2690 ,
1480 2648 1583 2692 nosque
1603 2653 1668 2692 elus
1689 2651 1881 2695 praesentt'am
1893 2666 1950 2687 non
1961 2657 2104 2689 admitte·

1222 2713 1254 2735 re
1266 2724 1277 2740 ‚
1300 2702 1362 2734 una
1381 2711 1446 2734 cum
1466 2703 1603 2738 Martyria
1622 2702 1655 2734 (εἰ
1674 2701 1808 2746 Hesschio
1818 2727 1828 2743 ,
1853 2710 1996 2746 quamvis
2004 2712 2100 2749 gravi

1221 2751 1411 2791 valetudine,
1437 2751 1475 2783 de
1484 2750 1719 2793 noc‘ZeprofeEus
1740 2753 1799 2794 est:
1827 2758 1866 2788 Ut
1877 2766 1934 2788 non
1954 2761 2101 2790 inconcin-

1223 2803 1259 2835 ne
1270 2801 1476 2834 divinaremus
1488 2812 1552 2835 eum
1564 2807 1755 2843 impatientia
1765 2803 1893 2846 refutati
1909 2806 1981 2846 Pisti
1988 2806 2100 2850 fugam

1222 2851 1372 2893 arripuisse
1386 2875 1392 2883 .
1422 2851 1586 2893 Impoffibile
1595 2857 1672 2885 enim
1683 2853 1720 2892 est
1732 2856 1751 2886 5
1752 2857 1855 2888 ecundi
1865 2857 2079 2889 ordinationem
2086 2881 2098 2897 ,

1222 2911 1255 2934 ut
1262 2902 1332 2943 pot?
1344 2906 1471 2943 Ariani,
1495 2906 1561 2935 vim
1575 2903 1665 2935 ullam
1686 2904 1882 2938 infCatholt'ca
1902 2905 2027 2946 Ecclefia
2038 2905 2098 2938 ha·-

1222 2952 1304 2985 bcre.
1332 2952 1372 2984 Id
1378 2957 1456 2984 enim
1465 2954 1536 2986 vere
1549 2954 1592 2984 ad
1600 2953 1702 2991 synodi
1713 2975 1723 2991 ,
1748 2955 1782 2987 ὠ·
1794 2953 2004 2996 Episcoporum
2015 2980 2026 2995 ,
2044 2961 2098 2998 qui

1221 3008 1254 3035 in
1278 3002 1385 3041 synodo
1399 3002 1490 3043 fuere
1500 3027 1510 3042 ,
1535 3005 1741 3037 contumeliam
1761 3014 1895 3048 vergeret
1907 3030 1918 3046 ‚
1937 3003 2039 3047 fiquae
2050 3006 2097 3038 illi

1221 3052 1408 3092 tantostudt'o
1418 3053 1450 3085 (τ
1462 3063 1531 3085 cura
1542 3077 1552 3092 ,
1579 3054 1673 3086 veluti
1683 3056 1744 3086 Deo
1756 3052 1906 3097 pra-sente
1918 3078 1930 3095 ,
1954 3055 2073 3099 egissent
2084 3081 2096 3098 ,

1220 3105 1240 3135 ci
1254 3102 1336 3135 nobis
1346 3111 1378 3134 ut
1387 3113 1471 3135 vana
1483 3105 1517 3136 (α
1533 3102 1642 3144 futilia
1665 3103 1877 3148 abrogarentur
1886 3129 1893 3136 .

1269 3153 1373 3186 Pistus
1392 3152 1438 3186 est
1470 3163 1556 3185 unus
1577 3164 1618 3186 ex
1640 3152 1715 3187 Arii
1734 3155 2011 3199 congerronibus,
2039 3156 2095 3200 qui

1220 3202 1282 3238 una
1296 3213 1370 3236 cum
1381 3202 1450 3245 ipso
1472 3203 1507 3236 &
1517 3202 1589 3236 aliis
1600 3202 1690 3237 istius
1702 3204 1878 3247 impietatis
1891 3205 2096 3240 Authoribus

1218 3253 1396 3296 subscripsit
1418 3251 1531 3286 infami
1552 3254 1840 3299 contra{San·stum
1867 3256 2094 3290 Alexandrum

1219 3302 1426 3339 Alexandria:
1436 3300 1654 3338 patriarcham
1675 3304 1832 3348 epistolae.
1859 3306 2093 3349 Subscripfitin

1218 3352 1306 3389 hunc
1321 3350 1474 3387 modum:
1505 3353 1603 3394 Pistus
1621 3360 1672 3397 qui
1692 3355 1887 3389 Alexandriae
1907 3356 1946 3388 ab
1971 3360 2091 3390 Arianis·

1220 3405 1371 3439 collocatus
1382 3403 1435 3444 est.
1462 3402 1576 3437 Exstat
1591 3404 1727 3447 epistola
1754 3406 1838 3449 apud
1852 3406 2003 3439 sanctum
2016 3404 2093 3447 Epi-

1220 3454 1396 3502 phanium.
1421 3452 1579 3499 Elogium
1592 3453 1677 3489 istud
1687 3455 1838 3490 existimo
1851 3467 1919 3491 non
1935 3454 2029 3488 fuisse
2049 3447 2095 3489 ab‘

1722 3504 1750 3539 F
1973 3502 2044 3549 ipso
