2326 3718
653 132 938 175 Romms
972 126 1565 172 APPELLAUONIBUS.

1111 252 1113 254 Ι
1145 207 1264 250 afferere
1274 232 1284 247 ‚
1307 216 1374 239 tum
1385 217 1442 242 non
1453 212 1510 242 erit
1532 212 1581 248 qui
1593 211 1746 245 mendacta
1756 213 1821 254 ejus
1838 214 1921 255 poffit
1929 213 2015 255 refel-

204 212 241 247 t'o
254 237 265 253 ,
292 214 378 256 quod
393 212 462 247 hoc
484 213 598 256 probet
618 225 658 248 ex
672 213 836 248 Africanis
861 208 1055 244 Canonibus
1069 233 1081 251 ‚

205 265 239 297 &
254 265 331 297 velit
346 265 429 306 ipsos
440 261 587 297 obtinere
599 264 633 297 in
649 264 756 298 Gallia
769 289 776 295 .
805 262 938 296 Etenim
953 261 1084 298 Africa..

205 325 252 346 nae
264 313 406 346 Ecclefiae
418 314 553 348 inferior
570 315 683 349 Clerus
696 324 862 355 nunquam
888 313 994 354 potuit
1013 322 1082 353 pro-

205 373 318 396 vocare
329 362 474 398 Romam
488 389 498 405 ,
526 365 580 399 sed
599 364 707 400 debuit
731 365 858 398 suarum
872 360 1080 404 Syn-odorum

205 413 374 446 sententiis
386 415 598 459 acquiescere.
625 415 700 448 Fuit
722 414 888 458 singularis
911 412 1083 446 consuetu-

197 461 250 495 -do
261 462 351 498 istius
363 465 470 507 gentis
482 489 492 505 ‚
518 463 655 511 ideoque
672 464 854 501 nullatenus
877 462 981 507 potest
1003 469 1083 494 tran-

205 511 303 548 scribi
331 513 364 546 in
388 514 489 549 alios.

258 561 505 601 Advertendum
525 565 568 598 est
581 589 592 604 ‚
618 562 908 607 quodRhemensis
925 561 1084 596 Hincma-

201 621 258 646 rus
281 624 350 647 non
370 615 631 659 coeperitprimus
654 626 831 658 provocare
854 615 894 648 ad
907 611 1082 645 Africanos

207 660 362 699 Canones
380 665 415 701 &
437 676 560 698 mores:
589 665 776 708 Nequidem
804 663 843 697 ad
866 662 1081 707 praevaricato·

206 712 288 747 riam
301 713 426 750 Aurelii
439 712 703 759 Carthaginenfis
718 713 870 750 Primatis
889 710 1059 755 epistolam
1075 733 1084 744 .

204 761 341 797 Etenim
367 763 606 808 Angilramnus
631 763 786 799 Metenfis
814 763 994 807 Episcopus
1019 759 1083 793 suis

205 811 370 856 Capitulis
383 814 514 849 inseruit
525 816 624 848 etiam
635 813 722 848 hunc
732 814 904 848 articulum
917 837 924 844 .
950 812 1083 849 Pruden-

206 863 328 903 tlfflme,
348 864 550 907 justiffimeque
559 869 710 905 Nicaena,
731 864 794 910 five
817 863 962 905 Africana
981 865 1082 896 Decre-

207 921 242 945 ta
252 912 429 955 definierunt
441 940 451 955 ‚
476 925 662 957 quaecumque
673 919 833 956 negotiata
841 912 908 955 suis
917 915 986 944 locis
999 933 1010 950 ‚
1035 910 1084 945 ubi

209 971 275 995 orta
279 958 417 1004 flectent,
438 963 592 1004 finienda.
621 963 757 999 Maxime
766 965 838 1004 quia
856 966 1011 1005 unicuique
1022 970 1084 996 con-

209 1010 355 1053 ceffismest
367 1033 378 1049 ‚
395 1009 427 1049 fi
424 1012 538 1051 judicio
558 1010 683 1055 offensus
698 1010 794 1053 fuerit
806 1015 994 1056 Cognitorum
1006 1034 1018 1050 ‚
1045 1009 1088 1043 ad

1884 132 1943 188 83

1144 260 1221 293 lere.
1248 258 1331 293 Unde
1343 259 1454 300 Legum
1474 257 1673 291 &canonum
1695 265 1867 296 conditores
1887 265 2017 305 pruden-

1142 310 1243 349 tiffime
1255 332 1266 348 ,
1287 308 1489 350 JustiffimEque
1512 308 1655 340 viderunt
1667 331 1678 347 ‚
1704 321 1886 355 quaecumque
1902 320 2018 358 negotia

1143 363 1175 391 in
1183 357 1249 401 suis
1260 358 1329 391 locis
1341 382 1352 397 ,
1376 358 1427 391 ubi
1438 367 1505 390 orta
1513 356 1586 400 sunt
1599 381 1610 397 ‚
1618 357 1755 400 finienda
1767 385 1777 399 ‚
1804 362 2020 406 &per-expres

1141 407 1180 451 sa
1191 409 1370 452 Regularum
1374 409 1403 451 J
1406 409 1504 441 udicia
1513 406 1896 452 diftretiffimejudicanda,
1918 416 1951 447 (9-
1959 412 2021 456 post

1140 461 1287 503 judicium
1298 457 1522 502 conservanda.
1550 453 1685 494 Manime’
1698 460 1735 493 de
1753 457 2021 502 subintrodue‘lione

1145 519 1247 542 contra
1282 510 1401 553 regulas
1428 510 1604 549 mulierum,
1625 517 1683 551 pro
1719 520 1777 553 qua
1801 509 1839 542 ab
1866 510 2022 553 EpiscopIs

1147 557 1255 601 Trans:
1261 561 1374 601 Alpinis
1386 559 1548 598 Presbyteri
1566 560 1740 603 regulariter
1744 561 1879 601 judicati
1897 564 1940 593 ad
1948 561 2023 594 hanc

1140 607 1280 651 sanc‘lam
1294 613 1461 644 Romanam
1474 611 1577 643 Sedem
1601 608 1699 653 insciis
1711 608 1776 653 suis
1798 609 1956 654 Epifiopis
1976 622 2027 643 ve-

1146 664 1231 691 niunt
1245 684 1254 700 ‚
1281 661 1315 694 Θ·
1326 666 1368 693 eis
1380 659 1510 702 epistolas
1523 671 1620 693 eorum
1635 659 1825 705 refragantes
1832 662 1961 701 judiciis
1975 661 2028 693 de-

1138 708 1246 750 ferunt
1269 734 1280 750 ‚
1304 708 1402 752 eosque
1422 712 1474 745 vel
1493 709 1713 753 comministros
1743 712 1859 745 illorum
1883 712 1928 744 ad
1947 710 2027 745 hanc.

1142 756 1278 805 samiam
1298 761 1400 794 Sedem
1420 761 1465 793 ad
1472 762 1707 802 conquerendum
1727 769 1830 795 contra
1849 773 1897 796 eos
1920 764 2029 796 venire

1143 814 1341 850 praecipiunt:
1370 812 1464 853 ,Quod
1485 810 1581 843 nullis·
1596 817 1786 853 antiquorum
1797 810 1926 859 Legibus
1941 835 1953 851 ‚
1978 810 2031 844 vel

1148 862 1275 893 Patrum
1287 861 1410 903 Regalis
1423 861 1568 894 decretum
1582 859 1672 902 fuiffe
1690 862 1811 904 legimus
1824 886 1832 893 .
1859 865 1951 905 ,Quas
1970 866 2032 902 epi-

1141 908 1231 951 stolas
1241 907 1335 950 sacris
1350 911 1476 954 Legibus
1487 910 1616 950 obvias,
1641 921 1692 944 nec
1713 910 1894 946 authoritate
1918 909 2030 953 Aposto-

1148 959 1294 1001 lieafuisse
1304 961 1421 1003 missas,
1446 959 1505 1002 sed
1512 960 1688 1002 compilatas
1711 971 1957 1004 quorumcumque
1977 972 2033 993 va-

1140 1009 1230 1051 fritie
1244 1010 1407 1042 credimus.
1434 1012 1507 1043 Non
1527 1016 1606 1044 enim
1619 1009 1676 1053 fibi
1699 1010 1755 1054 ipsi
1771 1013 1860 1045 sedes
1874 1010 2033 1054 Apostolica

207 1059 370 1095 concilium
376 1057 440 1102 ficae
454 1063 621 1096 Provinciae
635 1062 687 1096 vel
695 1067 786 1098 etiam
798 1060 964 1105 universale
971 1069 1086 1103 provo—-
1144 1057 1236 1104 potest
1248 1059 1300 1101 effe
1309 1063 1460 1094 contraria
1472 1060 1523 1089 vel
1542 1060 1663 1101 diversa
1673 1082 1684 1101 ‚
1710 1063 1750 1096 de
1759 1073 1819 1104 qua
1829 1059 1961 1102 Gelafius
1975 1063 2036 1093 Pa-

205 1120 274 1142 vcare
288 1106 298 1140 .“
323 1108 437 1144 Palam
450 1110 596 1155 loquitur
606 1123 646 1145 ex
658 1112 909 1156 praevaricatoria
928 1110 1086 1154 epistola:

187 1159 252 1192 ‘Et
262 1158 330 1202 ejus
340 1159 549 1194 Sanctionem
561 1163 732 1206 profitetur
751 1164 814 1197 effe
827 1173 893 1196 non
909 1161 1088 1198 solummo-

203 1207 477 1251 doAfricanam,
504 1211 558 1245 sed
581 1213 882 1250 etiamNicaenam.
910 1212 987 1249 Fuit
1008 1221 1088 1245 tunc

208 1258 348 1295 venialis
358 1271 460 1294 error.
491 1261 622 1296 Etenim
636 1262 741 1307 Regia
761 1262 997 1308 magniCaroli
1018 1261 1090 1295 dili·

208 1309 322 1353 gentia
335 1309 539 1346 Gallicanam
552 1312 728 1350 Ecclesiam
751 1313 889 1348 necdum
903 1311 1091 1348 liberaverat

209 1358 227 1391 a
246 1358 342 1395 variis
353 1360 549 1404 ignorantiae
562 1362 719 1404 tenebris,
747 1363 781 1399 in
791 1363 974 1408 quasillam
986 1361 1093 1396 detru-

209 1408 291 1442 serat
302 1408 591 1459 Metovingiorum
603 1413 735 1458 Regum
760 1414 892 1458 ignavia
906 1439 913 1446 .
941 1411 1094 1458 Angilra·

209 1468 309 1492 mnus
323 1460 485 1497 nesciebat
496 1474 633 1507 granum
645 1463 823 1500 discernere
835 1466 853 1499 a
868 1464 957 1508 palea
969 1487 979 1502 ‚
1006 1461 1094 1497 ideo-

210 1518 275 1550 que
285 1508 465 1551 simplicem
486 1523 524 1544 ac
533 1512 663 1554 plenam
684 1511 783 1546 fidem
794 1511 892 1545 dabat
917 1513 968 1544 isti
979 1512 1097 1553 episto-

208 1556 270 1589 1ae.
299 1557 458 1593 Attamen
484 1559 542 1593 sub
562 1560 627 1603 jam
651 1560 779 1596 laudata
803 1561 946 1595 clausula
971 1573 978 1593 ε
1006 1561 1097 1593 salvo

213 1609 359 1638 Romanae
384 1608 518 1647 Ecclesiae
543 1615 575 1639 in
596 1610 730 1643 omnibus
753 1614 892 1644 Primam
916 1634 923 1644 .
952 1610 998 1644 At
1021 1610 1097 1643 vero

211 1653 405 1689 Rhcmenfis
416 1656 616 1690 Hincmarus
627 1681 639 1696 ,
665 1659 822 1692 emt1n6tae
845 1659 929 1693 naris
957 1669 994 1691 ac
1006 1669 1097 1693 men-

211 1703 256 1736 tis
275 1704 424 1744 Doecor,
450 1705 599 1740 adversus
620 1707 806 1742 Romanam
835 1709 1013 1743 Ecclesiam
1035 1707 1097 1742 stu-

208 1752 285 1787 duit
307 1753 483 1789 Africanos
506 1768 611 1790 mores
626 1782 635 1798 ,
663 1757 765 1792 immo
788 1760 822 1793 &
842 1759 934 1792 istam
954 1758 1098 1803 praevari-

205 1805 372 1840 vcatoriam
396 1806 565 1849 epistolam
587 1807 745 1844 deducere
766 1809 800 1842 in
827 1810 952 1844 Gallias
966 1833 977 1850 ,
1001 1819 1098 1852 atque

205 1855 261 1888 rita
284 1863 454 1898 potenter,
483 1857 505 1891 si
530 1869 597 1891 non
621 1858 656 1892 in
680 1858 877 1903 Epistopos,
902 1860 936 1895 in
964 1869 1098 1894 omnem

214 1905 495 1945 certeinferiorem
510 1907 645 1942 Cletum
660 1908 823 1944 dominari
840 1936 846 1942 .

265 1954 401 1990 Praefata
423 1957 538 1991 ‘Caroli
557 1958 661 2006 Regis
684 1984 694 1998 ,
721 1960 770 1993 vel
791 1960 901 2004 potins
926 1960 1098 1995 Hincmari

217 2004 351 2048 epistola
362 2005 406 2040 est
418 2006 619 2042 discutienda
633 2034 640 2041 .
669 2009 853 2055 Distingnit
873 2012 957 2045 inter
970 2010 1089 2054 Episco

216 2067 277 2098 pos
297 2056 330 2089 δε
353 2056 520 2097 clericos,
547 2059 580 2091 ὃ(
606 2052 673 2092 issi‘s
700 2061 867 2102 profitetur
887 2063 948 2094 effe
971 2061 1101 2106 plenam

217 2104 408 2139 facultatem
435 2107 618 2149 appellandi
646 2109 685 2141 ad
713 2111 828 2143 sedem
850 2110 1101 2154 Apostolicam.

219 2153 326 2187 Addit
337 2165 444 2188 tamen
457 2157 710 2191 retrastatorium
729 2159 894 2203 Judicium
911 2163 973 2194 elle
983 2160 1104 2194 facien-

206 2204 297 2251 dum
309 2204 342 2237 in
358 2205 521 2248 partibus:
549 2207 644 2241 Errat
654 2218 756 2250 partes
771 2220 837 2242 non
856 2212 944 2253 posse
957 2210 1102 2244 Romam

216 2254 348 2287 evocari
364 2278 370 2285 .
397 2254 517 2288 Multis
531 2255 648 2290 nititur
661 2258 788 2292 firmare
798 2269 938 2292 errorem
951 2272 962 2292 .·
989 2259 1099 2292 Etiam

217 2315 258 2336 ex
272 2304 486 2338 infeliciffima
501 2304 737 2342 Africanorum
750 2306 949 2343 Antistitum
963 2308 1102 2353 epistola

218 2353 259 2385 ad
269 2352 477 2387 Caelestinum
489 2353 705 2390 Pontificem:
733 2358 815 2405 Qae
827 2369 882 2393 aut
896 2359 1082 2406 ignorantia
1093 2383 1103 2398 ‚

218 2413 274 2435 aut
297 2404 437 2437 vafrities
456 2404 517 2438 fuit
542 2406 728 2442 Hincmaro
746 2408 883 2453 indigna
896 2433 904 2440 .
931 2408 1043 2454 Pergit
1063 2408 1103 2442 ad

219 2451 308 2486 Cleri
321 2452 485 2487 inferioris
504 2455 758 2497 appellationes:
788 2455 998 2502 Appellantes
1017 2457 1105 2492 Pres-

207 2503 325 2545 byteri
338 2503 389 2538 vel
406 2504 549 2537 Diaconi
563 2529 573 2544 ‚
599 2505 616 2538 ἒι
628 2506 747 2549 quibus
767 2508 799 2541 &
813 2508 952 2551 qualiter
970 2509 1030 2542 sint
1050 2512 1105 2550 Ju-

218 2554 342 2585 dicandi
355 2562 372 2593 ·‚
394 2551 475 2596 sacri
500 2555 752 2599 Carthaginenses
779 2562 914 2591 canones
941 2556 1101 2592 evidenter

207 2602 366 2642 ¹oflendunt
386 2628 392 2635 .
421 2603 543 2638 Multis
565 2606 680 2640 nititur
701 2606 922 2643 demonstrare
940 2609 1100 2643 damnatis

217 2653 356 2687 Clericis
366 2654 429 2686 effe
441 2655 687 2695 provocandum
702 2657 742 2690 ad
756 2659 930 2701 Synodum
951 2659 1012 2693 suae
1021 2658 1101 2693 Pro-

218 2703 335 2736 vinciae
346 2725 357 2743 ,
382 2701 472 2737 addit
497 2700 561 2739 haec
579 2706 642 2740 effe
654 2705 826 2742 Canonica
848 2709 982 2744 istarum
994 2710 1097 2752 Syno-

210 2751 335 2786 ¹dorum
346 2753 519 2798 privilegia
531 2779 541 2795 ‚
564 2761 660 2799 atque
668 2757 838 2793 concludit
852 2771 859 2791 :
887 2757 1098 2803 ,Quaefiettam

215 2803 276 2835 illis
282 2801 410 2845 servata
417 2827 428 2844 ,
457 2805 492 2838 et
501 2804 540 2837 ab
551 2811 592 2838 eis
600 2804 702 2849 secuta
714 2810 748 2842 (δ’
759 2819 880 2842 executa
892 2821 948 2843 non
952 2809 1074 2851 fuerint
1084 2834 1095 2851 ‚

216 2851 295 2884 mhil
300 2853 418 2894 prodest
426 2864 472 2887 eos
477 2852 638 2899 secundnm
646 2856 747 2899 sacros
760 2864 895 2893 canones
906 2885 918 2901 ,
945 2862 979 2895 Θ·
991 2865 1095 2894 Decre-

219 2907 254 2935 ta
271 2902 352 2936 Sedis
366 2908 510 2938 Romanae
523 2907 700 2949 Pontificum
709 2933 719 2949 ‚
742 2918 797 2950 pro
813 2908 959 2952 accusatis
969 2910 1095 2948 Presby—

218 2955 292 2982 teris
314 2953 352 2985 de
372 2954 534 2996 manifestis
554 2958 728 2992 criminibus
739 2959 1008 3001 comprovinciales
1020 2963 1095 3002 Epi-

218 2996 364 3041 scopor’um
389 3005 510 3044 synodos
529 3005 730 3050 frequentare
755 3033 765 3049 ,
787 3008 843 3053 sed
856 3009 953 3051 faciet
979 3012 1095 3052 licenter

222 3047 342 3091 quisque
363 3055 593 3094 Presbyterorum
613 3060 794 3101 quodlibet,
819 3062 898 3094 unde
914 3059 1040 3103 fifuetit
1050 3071 1094 3094 re-

223 3099 369 3142 dargutus
392 3126 404 3142 ,
426 3111 530 3139 veniat
553 3111 680 3142 Romam
702 3133 710 3142 .
735 3114 781 3143 Et
804 3116 875 3153 quia
896 3119 953 3152 pro
970 3111 1093 3155 singulis

225 3149 404 3187 Presbyteris
415 3154 548 3198 Epist-opi
558 3160 771 3201 Trans-Alpini
794 3162 1094 3204 regulariterjudt‘ca-

223 3202 265 3230 ¹3³
279 3199 375 3242 M¹ff⁰5
395 3203 538 3246 dirigere,
561 3209 755 3244 &allianum
775 3212 949 3245 documenta
968 3210 1094 3255 scribere

224 3258 282 3280 ’Μ
301 3251 425 3292 valent,
452 3263 503 3286 nec
522 3256 632 3295 testium
652 3261 823 3304 neceffarias
837 3260 981 3305 personas
1005 3285 1016 3301 ,
1046 3262 1096 3295 vel

219 3304 342 3339 propter
348 3298 440 3343 sexus
449 3327 460 3343 ,
487 3304 540 3337 vel
554 3313 674 3348 propter
688 3310 847 3354 seneblutis
866 3312 1072 3356 infirmitatem
1083 3334 1094 3352 ,

225 3347 280 3381 vel
281 3356 337 3390 pro
347 3354 447 3386 multis
459 3355 527 3387 aliis
539 3359 759 3398 impedimentis
771 3361 826 3396 buc
830 3363 991 3404 perducere
1000 3388 1011 3404 ,
1017 3362 1095 3405 fidu·

220 3398 338 3433 cialiter
351 3408 463 3444 poterit
484 3411 627 3440 mentiens
648 3408 772 3451 quisque
791 3416 989 3446 innocentiam
1008 3411 1097 3455 suam

1146 1118 1189 1151 pa
1214 1109 1286 1140 dicit
1307 1131 1319 1148 ,
1344 1108 1420 1150 quod
1440 1108 1524 1140 nulla
1544 1109 1635 1141 Sedes
1657 1117 1754 1152 magis
1774 1111 1913 1156 obligetur
1933 1109 2035 1153 sacros

1150 1156 1305 1202 observare
1327 1162 1486 1197 Canones,
1512 1158 1604 1200 quam
1617 1163 1741 1200 prima.
1766 1161 1821 1194 De
1842 1162 1964 1197 eisdem
1984 1160 2040 1200 lit«,

1151 1210 1225 1245 teris
1248 1208 1370 1251 scripsit
1392 1208 1427 1241 in
1453 1207 1593 1242 exordio
1614 1207 1776 1250 epistolae:
1803 1209 2038 1252 Transalpina-

1151 1270 1218 1294 rum
1228 1261 1387 1302 Regionum
1403 1257 1569 1297 Presbyteri
1585 1281 1595 1298 ‚
1622 1255 1716 1299 tisuis
1728 1255 1882 1301 Episcopis
1904 1260 2037 1291 decenis

1153 1309 1322 1343 criminibus
1344 1309 1520 1355 regulariter
1543 1307 1583 1341 ab
1597 1308 2039 1350 ordenesacerdotalidejecw,

1154 1362 1189 1394 (a
1198 1353 1512 1401 poenitentiae‘suballi
1522 1383 1533 1399 ‚
1540 1357 1603 1400 fine
1610 1357 1728 1392 licentia
1741 1360 1774 1392 ό·
1783 1357 1958 1401 confi-icaria
1973 1361 2042 1391 Pri-

1155 1418 1271 1444 matum
1293 1410 1325 1442 &
1337 1407 1545 1454 Episcoporum
1550 1407 1671 1452 suorum
1682 1432 1694 1449 ‚
1704 1408 1760 1442 buc
1771 1414 1875 1443 venire
1886 1434 1896 1449 ,
1922 1411 1956 1443 ὑ·
1969 1408 2042 1443 hinc

1156 1459 1287 1503 epistolas
1303 1484 1314 1501 ‚
1341 1453 1407 1502 qusse
1419 1459 1545 1502 Regalis
1572 1470 1629 1491 non
1640 1464 1818 1493 conveniunt
1830 1483 1841 1499 ‚
1866 1459 1979 1501 referre
1989 1469 2043 1491 σαε-

1154 1518 1285 1552 perant.
1310 1512 1400 1553 ,Quas
1424 1520 1482 1542 non
1488 1510 1610 1550 jufflone
1622 1508 1801 1552 apostolica,
1823 1507 1880 1552 sed
1888 1519 1921 1543 ut
1942 1509 2043 1552 affolet

1158 1564 1248 1593 etiam
1262 1564 1294 1591 in
1309 1559 1487 1600 Republica,
1510 1567 1630 1600 propter
1654 1561 1833 1601 multiplicia
1853 1562 2044 1593 Reclamato-

1159 1621 1224 1644 rum
1237 1613 1373 1653 negotia,
1402 1618 1648 1649 quorumcumque
1667 1609 1868 1647 ministrorum
1887 1608 1974 1650 quafi
1986 1614 2044 1649 pia

1159 1658 1343 1700 miseratione
1350 1657 1456 1698 facqas
1471 1680 1484 1698 ,
1510 1658 1607 1691 &nos
1628 1658 1661 1689 ὑ
1678 1658 1759 1691 illius
1769 1660 1906 1701 Regionis
1928 1664 2044 1701 putant

1160 1705 1318 1750 Episcopi.
1571 1719 1574 1723 ⁴
1813 1703 1823 1705 ”

1211 1756 1376 1791 Gallicani
1389 1756 1452 1790 isto
1464 1765 1611 1801 tempore
1622 1756 1809 1799 Presbyteri
1823 1781 1833 1797 ‚
1860 1756 1904 1791 ob
1925 1757 2050 1792 concu4

1161 1807 1310 1843 binatum
1333 1805 1383 1840 vel
1397 1806 1459 1840 alia
1482 1807 1636 1851 flagitiaa
1649 1807 1711 1841 suis
1724 1806 1893 1851 Episcopis
1914 1807 2047 1842 damna-

1162 1859 1187 1891 ti
1203 1882 1213 1897 ,
1240 1869 1308 1891 non
1322 1856 1363 1892 ad
1374 1856 1435 1891 suae
1446 1857 1628 1892 Provinciae
1639 1880 1650 1897 ‚
1672 1857 1690 1890 a
1701 1868 1766 1900 quo
1777 1857 2048 1902 degradationem

1164 1909 1253 1942 suam
1277 1917 1433 1943 noverant
1454 1906 1737 1948 confirmandam,
1764 1907 1957 1941 Concilium
1977 1919 2050 1951 pro-

1163 1957 1326 1992 vocabant
1347 1982 1358 1999 ,
1389 1957 1442 1992 sed
1455 1958 1609 1993 omnibus
1634 1959 1744 1992 insciis
1766 1957 1956 1994 secedebant
1979 1958 2048 1991 Ro·

1165 2020 1273 2050 mam,
1301 2009 1334 2044 &
1356 2006 1452 2041 isthic
1473 2008 1669 2043 obtinebant
1684 2010 1833 2049 litteras,
1860 2006 1978 2051 quibus
1989 2019 2050 2044 eoe-

1165 2070 1235 2092 rum
1255 2059 1433 2102 appellatio
1464 2059 1699 2095 admittebatur
1722 2084 1732 2099 ,
1760 2059 1878 2102 quibus
1905 2058 2050 2092 revestie-

1167 2109 1285 2142 bantur
1306 2108 1340 2142 in
1366 2109 1458 2142 suum
1478 2109 1640 2152 gradum,
1667 2110 1701 2144 ἅ,-
1723 2108 1841 2153 quibus
1869 2109 2049 2152 Episcopus

1166 2167 1221 2192 aut
1234 2158 1303 2201 ejus
1324 2157 1475 2192 Vicarius
1488 2158 1629 2192 Romam
1652 2159 1867 2200 evocabatur,
1895 2159 1935 2193 ad
1954 2169 2051 2193 retra-

1166 2209 1338 2243 statorium
1363 2208 1548 2251 Jndicium.
1575 2208 1672 2251 Juxta
1704 2209 1906 2244 Sardicenses
1934 2210 2050 2244 Cano·-

1168 2269 1240 2291 nes.
1270 2258 1325 2292 Est
1350 2259 1453 2291 forma
1473 2257 1597 2299 Joanne
1609 2260 1738 2294 octavo
1752 2258 1851 2304 longe
1862 2259 2049 2301 antiquior.

1169 2309 1302 2341 Etenim
1314 2308 1354 2341 de
1365 2306 1431 2350 ipsa
1443 2307 1528 2350 apud
1542 2306 1741 2352 Gregorium
1754 2310 1811 2344 111.
1839 2310 1948 2342 noster
1960 2310 2052 2351 Apo·

1167 2358 1268 2392 stolus
1280 2358 1470 2391 Bonifacius
1481 2382 1493 2399 ‚
1521 2358 1554 2392 ὃ(
1569 2357 1653 2401 apud
1667 2357 1853 2393 Adrianum
1867 2359 1888 2391 1.
1917 2359 2050 2401 questus

1164 2408 1262 2441 etiam
1282 2407 1346 2442 fuit
1377 2407 1576 2442 Francorum
1601 2409 1675 2442 Rex
1706 2408 1861 2442 Carolus.
1883 2408 2049 2453 Magnus.

1167 2450 1351 2492 istiusmodi
1374 2458 1507 2491 miseriae
1527 2459 1634 2491 solent
1657 2458 1859 2500 pedetentim
1893 2459 2054 2501 irrepere.

1165 2507 1306 2542 Proinde
1318 2507 1494 2540 Hincmari
1506 2506 1725 2549 expostulatio
1737 2508 1845 2549 quoad
1870 2508 1955 2542 duos
1975 2510 2050 2543 arti-

1163 2559 1255 2593 culos
1267 2559 1330 2592 fuit
1341 2555 1493 2591 fundata.
1521 2555 1654 2594 Primo,
1681 2556 1770 2598 quod
1794 2556 1946 2601 flagitiosi
1972 2559 2048 2593 Cle-

1163 2609 1220 2641 rici
1245 2632 1256 2649 ,
1284 2607 1428 2653 neglecta
1449 2606 1634 2640 Provinciae
1657 2605 1798 2649 Synodo
1819 2629 1829 2646 ‚
1857 2607 2046 2643 immediate.

1163 2659 1306 2692 Romam
1337 2657 1527 2691 accederent
1547 2681 1554 2688 .
1582 2656 1715 2693 Deinde
1738 2682 1749 2699 ,
1775 2657 1865 2700 quod
1889 2659 2046 2693 Romana

1163 2709 1300 2743 Ecclesia
1314 2706 1454 2742 nimium
1467 2706 1603 2740 faciliter
1615 2707 1700 2748 ipsos
1711 2707 1880 2742 exaudiret
1894 2733 1901 2740 .
1916 2708 2044 2743 Verum

1161 2759 1361 2793 Hincmarus
1380 2759 1520 2802 graviter
1546 2757 1677 2791 exceffit
1698 2780 1709 2797 ,
1735 2757 1825 2800 quod
1857 2757 2044 2804 degradatis

1159 2809 1295 2844 Clericis
1316 2817 1452 2842 omnem
1480 2808 1638 2842 Romanae
1658 2807 1888 2850 appellationis
1914 2819 2044 2852 portam

1158 2859 1329 2895 tentaverit
1359 2856 1509 2892 claudere
1532 2883 1539 2890 .
1577 2857 1679 2907 Qod
1706 2857 1980 2893 Transmarinurr‘t
2009 2859 2044 2892 &

1157 2911 1225 2944 Tra
1233 2909 1440 2953 ns-Alpinum
1453 2933 1463 2948 ‚
1492 2907 1526 2948 id
1537 2906 1581 2942 est
1594 2931 1605 2948 ,
1633 2907 1827 2942 Africanum
1839 2908 1873 2944 δε
1893 2908 2044 2942 Gallica·-

1157 2973 1237 2995 num
1264 2958 1428 3002 Synodale
1457 2957 1622 3010 Iudi-cium
1643 2957 1882 3000 aequiparaverit
1904 2970 1911 2990 :
1939 2956 2042 3005 Qod

1157 3012 1318 3046 Africanae
1340 3008 1487 3043 Ecclesiae
1506 3010 1537 3041 in
1554 3009 1627 3043 suos
1638 3006 1784 3042 clericos
1804 3007 2040 3043 authoritatem

1157 3061 1295 3095 voluerit
1307 3064 1519 3093 communem
1533 3058 1712 3091 Gallicanas
1736 3056 1903 3092 Ecclefiae.
1931 3058 2040 3092 Imita-

1156 3113 1181 3146 ri
1193 3111 1345 3145 debuerat
1356 3110 1509 3143 Sanctum
1526 3106 1732 3142 Bonifacium
1746 3107 1779 3141 δε
1792 3107 1955 3152 Magnum
1978 3108 2041 3142 Ca-

1156 3163 1262 3196 tolum
1273 3186 1283 3203 ‚
1312 3158 1422 3204 quide
1435 3159 1594 3192 Romanae
1606 3155 1834 3201 appellationis
1848 3158 1949 3192 abusu
1963 3170 2041 3193 con-

1156 3212 1281 3256 questi,
1306 3211 1373 3255 ejus
1392 3208 1601 3244 substantiam
1622 3208 1753 3242 fuerunt
1774 3210 1936 3242 venerati.

1209 3263 1410 3297 Hincmarus
1424 3259 1550 3303 pergit:
1578 3257 1672 3300 Potest
1680 3258 1770 3302 fieri,
1797 3268 1831 3293 ut
1852 3259 1916 3302 illi,
1943 3264 2038 3301 quiin

1161 3318 1270 3348 vicinis
1292 3308 1442 3346 Parocbiis
1463 3307 1533 3353 fient
1546 3308 1635 3351 hujus
1648 3309 1766 3343 sancta
1779 3313 1923 3342 Romanae
1939 3309 2038 3342 Eccle-

1151 3362 1204 3406 fiae
1221 3388 1232 3404 ,
1257 3367 1364 3406 quique
1364 3362 1458 3402 Juxta
1466 3358 1570 3402 sacras
1581 3360 1698 3404 regulas
1711 3360 1756 3392 ad
1766 3371 1873 3393 manus
1888 3358 2037 3401 impofitlo-

1159 3423 1226 3448 nem
1236 3438 1247 3455 ‚
1275 3415 1309 3447 <a
1319 3413 1363 3446 ad
1372 3411 1494 3451 synodos
1506 3409 1561 3444 buc
1572 3409 1776 3453 veniresolent
1787 3435 1797 3451 ‚
1824 3407 1879 3451 ipfi
1882 3417 1939 3450 pro
1948 3410 2034 3440 'recla-

1888 3462 1986 3489 matio-
