<?xml version="1.0" encoding="UTF-8"?>
<!DOCTYPE html PUBLIC "-//W3C//DTD XHTML 1.0 Transitional//EN"
    "http://www.w3.org/TR/xhtml1/DTD/xhtml1-transitional.dtd">
<html xmlns="http://www.w3.org/1999/xhtml" xml:lang="en" lang="en">
 <head>
  <title>
</title>
<meta http-equiv="Content-Type" content="text/html;charset=utf-8" />
  <meta name='ocr-system' content='tesseract 3.04.00' />
  <meta name='ocr-capabilities' content='ocr_page ocr_carea ocr_par ocr_line ocrx_word'/>
</head>
<body>
  <div class='ocr_page' id='page_1' title='image "./operaomniastudio08lupuuoft_0263.png"; bbox 0 0 2326 3718; ppageno 0'>
   <div class='ocr_carea' id='block_1_1' title="bbox 684 159 1583 217">
    <p class='ocr_par' dir='ltr' id='par_1_1' title="bbox 684 159 1583 217">
     <span class='ocr_line' id='line_1_1' title="bbox 684 159 1583 217; baseline 0 -7"><span class='ocrx_word' id='word_1_1' title='bbox 684 159 965 211; x_wconf 73' lang='lat' dir='ltr'>RoMAms</span> <span class='ocrx_word' id='word_1_2' title='bbox 1001 165 1583 217; x_wconf 61' lang='lat' dir='ltr'>Arpettnrromssus.</span> 
     </span>
    </p>
   </div>
   <div class='ocr_carea' id='block_1_2' title="bbox 576 272 1683 415">
    <p class='ocr_par' dir='ltr' id='par_1_2' title="bbox 576 272 1683 415">
     <span class='ocr_line' id='line_1_2' title="bbox 576 272 1683 415; baseline -0.014 -1"><span class='ocrx_word' id='word_1_3' title='bbox 576 272 1683 415; x_wconf 50' lang='lat' dir='ltr'>EXORDiUMr</span> 
     </span>
    </p>
   </div>
   <div class='ocr_carea' id='block_1_3' title="bbox 211 481 2059 1326">
    <p class='ocr_par' dir='ltr' id='par_1_3' title="bbox 243 476 2046 690">
     <span class='ocr_line' id='line_1_3' title="bbox 394 481 2041 554; baseline 0.003 -24.524"><span class='ocrx_word' id='word_1_4' title='bbox 394 524 427 550; x_wconf 19' lang='lat' dir='ltr'>A.</span> <span class='ocrx_word' id='word_1_5' title='bbox 457 506 552 554; x_wconf 47' lang='grc' dir='ltr'>ςωῆ</span> <span class='ocrx_word' id='word_1_6' title='bbox 591 484 675 534; x_wconf 87' lang='lat' dir='ltr'>Ost</span> <span class='ocrx_word' id='word_1_7' title='bbox 711 482 996 533; x_wconf 89' lang='lat' dir='ltr'>Consulatum</span> <span class='ocrx_word' id='word_1_8' title='bbox 1031 481 1424 544; x_wconf 85' lang='lat' dir='ltr'>gloriofiffimorum</span> <span class='ocrx_word' id='word_1_9' title='bbox 1461 485 1778 550; x_wconf 85' lang='lat' dir='ltr'>Imperatorum</span> <span class='ocrx_word' id='word_1_10' title='bbox 1806 517 1819 542; x_wconf 84' lang='lat'>,</span> <span class='ocrx_word' id='word_1_11' title='bbox 1854 487 2041 536; x_wconf 81' lang='lat' dir='ltr'>Honorii</span> 
     </span>
     <span class='ocr_line' id='line_1_4' title="bbox 243 538 2042 623; baseline -0.002 -17"><span class='ocrx_word' id='word_1_12' title='bbox 243 543 316 621; x_wconf 49' lang='grc' dir='ltr'>’ᾗ</span> <span class='ocrx_word' id='word_1_13' title='bbox 373 544 391 605; x_wconf 54' lang='lat' dir='ltr'>‘f‘</span> <span class='ocrx_word' id='word_1_14' title='bbox 417 538 550 623; x_wconf 41' lang='grc' dir='ltr'>ἢξΑΞῖ*</span> <span class='ocrx_word' id='word_1_15' title='bbox 614 553 925 604; x_wconf 89' lang='lat' dir='ltr'>duodecimum</span> <span class='ocrx_word' id='word_1_16' title='bbox 964 589 976 612; x_wconf 88' lang='lat'>,</span> <span class='ocrx_word' id='word_1_17' title='bbox 1024 556 1067 600; x_wconf 84' lang='lat'>&amp;</span> <span class='ocrx_word' id='word_1_18' title='bbox 1118 550 1352 601; x_wconf 84' lang='lat' dir='ltr'>Theodosii</span> <span class='ocrx_word' id='word_1_19' title='bbox 1403 556 1603 601; x_wconf 59' lang='lat' dir='ltr'>ofitavum</span> <span class='ocrx_word' id='word_1_20' title='bbox 1639 572 1670 613; x_wconf 46' lang='lat'>‚⁷</span> <span class='ocrx_word' id='word_1_21' title='bbox 1705 551 1991 615; x_wconf 86' lang='lat' dir='ltr'>Augustorum</span> <span class='ocrx_word' id='word_1_22' title='bbox 2028 593 2042 615; x_wconf 83' lang='lat'>‚</span> 
     </span>
     <span class='ocr_line' id='line_1_5' title="bbox 280 605 2046 690; baseline -0.003 -13"><span class='ocrx_word' id='word_1_23' title='bbox 280 618 314 686; x_wconf 45' lang='grc' dir='ltr'>ἦ</span> <span class='ocrx_word' id='word_1_24' title='bbox 347 680 350 683; x_wconf 60' lang='grc'>,</span> <span class='ocrx_word' id='word_1_25' title='bbox 380 605 550 670; x_wconf 55' lang='lat'>‘51</span> <span class='ocrx_word' id='word_1_26' title='bbox 616 630 774 674; x_wconf 60' lang='lat' dir='ltr'>octavo</span> <span class='ocrx_word' id='word_1_27' title='bbox 807 621 1011 673; x_wconf 87' lang='lat' dir='ltr'>kalendas</span> <span class='ocrx_word' id='word_1_28' title='bbox 1035 625 1162 686; x_wconf 85' lang='lat' dir='ltr'>Junii</span> <span class='ocrx_word' id='word_1_29' title='bbox 1194 659 1207 682; x_wconf 84' lang='grc'>,</span> <span class='ocrx_word' id='word_1_30' title='bbox 1243 621 1401 690; x_wconf 84' lang='lat' dir='ltr'>scripta</span> <span class='ocrx_word' id='word_1_31' title='bbox 1436 624 1526 670; x_wconf 85' lang='lat' dir='ltr'>haec</span> <span class='ocrx_word' id='word_1_32' title='bbox 1561 622 1658 672; x_wconf 91' lang='lat' dir='ltr'>sunt</span> <span class='ocrx_word' id='word_1_33' title='bbox 1695 624 1964 686; x_wconf 74' lang='lat' dir='ltr'>Carthagine</span> <span class='ocrx_word' id='word_1_34' title='bbox 1999 626 2046 672; x_wconf 89' lang='lat' dir='ltr'>in</span> 
     </span>
    </p>

    <p class='ocr_par' dir='ltr' id='par_1_4' title="bbox 243 686 2048 761">
     <span class='ocr_line' id='line_1_6' title="bbox 243 686 2048 761; baseline -0.003 -15"><span class='ocrx_word' id='word_1_35' title='bbox 243 686 314 745; x_wconf 57' lang='lat' dir='ltr'>“i</span> <span class='ocrx_word' id='word_1_36' title='bbox 615 697 857 745; x_wconf 86' lang='lat' dir='ltr'>Secretario</span> <span class='ocrx_word' id='word_1_37' title='bbox 905 691 1092 742; x_wconf 86' lang='lat' dir='ltr'>Basilicae</span> <span class='ocrx_word' id='word_1_38' title='bbox 1135 692 1276 739; x_wconf 86' lang='lat' dir='ltr'>Fausti</span> <span class='ocrx_word' id='word_1_39' title='bbox 1313 729 1326 740; x_wconf 90' lang='lat'><strong>.</strong></span> <span class='ocrx_word' id='word_1_40' title='bbox 1374 697 1487 741; x_wconf 89' lang='lat' dir='ltr'>Cum</span> <span class='ocrx_word' id='word_1_41' title='bbox 1542 695 1746 743; x_wconf 89' lang='lat' dir='ltr'>Aurelius</span> <span class='ocrx_word' id='word_1_42' title='bbox 1795 697 1913 761; x_wconf 82' lang='lat' dir='ltr'>Papa</span> <span class='ocrx_word' id='word_1_43' title='bbox 1950 691 2048 744; x_wconf 72' lang='lat' dir='ltr'>unzi.</span> 
     </span>
    </p>

    <p class='ocr_par' dir='ltr' id='par_1_5' title="bbox 253 754 2049 831">
     <span class='ocr_line' id='line_1_7' title="bbox 253 754 2049 831; baseline -0.002 -15"><span class='ocrx_word' id='word_1_44' title='bbox 253 758 272 791; x_wconf 30' lang='grc' dir='ltr'>ς’</span> <span class='ocrx_word' id='word_1_45' title='bbox 329 754 467 812; x_wconf 37' lang='grc' dir='ltr'>’ἦῦἷ</span> <span class='ocrx_word' id='word_1_46' title='bbox 535 791 540 797; x_wconf 57' lang='lat'><em>1</em></span> <span class='ocrx_word' id='word_1_47' title='bbox 612 780 732 826; x_wconf 79' lang='lat' dir='ltr'>cum·</span> <span class='ocrx_word' id='word_1_48' title='bbox 748 765 987 831; x_wconf 85' lang='lat' dir='ltr'>Valentino</span> <span class='ocrx_word' id='word_1_49' title='bbox 1021 764 1170 830; x_wconf 76' lang='lat' dir='ltr'>primae</span> <span class='ocrx_word' id='word_1_50' title='bbox 1208 761 1328 810; x_wconf 88' lang='lat' dir='ltr'>Sedis</span> <span class='ocrx_word' id='word_1_51' title='bbox 1364 762 1619 823; x_wconf 84' lang='lat' dir='ltr'>Numidiae,</span> <span class='ocrx_word' id='word_1_52' title='bbox 1668 760 1711 813; x_wconf 69' lang='lat'>&amp;¹</span> <span class='ocrx_word' id='word_1_53' title='bbox 1740 764 1940 813; x_wconf 79' lang='lat' dir='ltr'>Faustino</span> <span class='ocrx_word' id='word_1_54' title='bbox 1964 768 2049 812; x_wconf 92' lang='lat' dir='ltr'>Ec-</span> 
     </span>
    </p>

    <p class='ocr_par' dir='ltr' id='par_1_6' title="bbox 593 831 2051 898">
     <span class='ocr_line' id='line_1_8' title="bbox 593 831 2051 898; baseline -0.002 -13"><span class='ocrx_word' id='word_1_55' title='bbox 593 835 751 896; x_wconf 65' lang='lat' dir='ltr'>‘clefiae</span> <span class='ocrx_word' id='word_1_56' title='bbox 786 835 1054 892; x_wconf 81' lang='lat' dir='ltr'>Potentinae‚</span> <span class='ocrx_word' id='word_1_57' title='bbox 1090 834 1328 881; x_wconf 86' lang='lat' dir='ltr'>Provinciae</span> <span class='ocrx_word' id='word_1_58' title='bbox 1352 835 1501 890; x_wconf 74' lang='lat' dir='ltr'>Italiae</span> <span class='ocrx_word' id='word_1_59' title='bbox 1537 835 1724 894; x_wconf 84' lang='lat' dir='ltr'>Piceni,</span> <span class='ocrx_word' id='word_1_60' title='bbox 1763 838 1930 898; x_wconf 80' lang='lat' dir='ltr'>Legato</span> <span class='ocrx_word' id='word_1_61' title='bbox 1966 831 2051 883; x_wconf 88' lang='lat' dir='ltr'>Ec-</span> 
     </span>
    </p>

    <p class='ocr_par' dir='ltr' id='par_1_7' title="bbox 211 900 2059 1326">
     <span class='ocr_line' id='line_1_9' title="bbox 211 900 2051 967; baseline -0.004 -6"><span class='ocrx_word' id='word_1_62' title='bbox 211 912 352 961; x_wconf 79' lang='lat' dir='ltr'>=cles1ae</span> <span class='ocrx_word' id='word_1_63' title='bbox 387 914 621 966; x_wconf 85' lang='lat' dir='ltr'>Romanae,</span> <span class='ocrx_word' id='word_1_64' title='bbox 657 904 730 954; x_wconf 87' lang='lat' dir='ltr'>sed</span> <span class='ocrx_word' id='word_1_65' title='bbox 764 910 808 953; x_wconf 74' lang='grc' dir='ltr'>δε</span> <span class='ocrx_word' id='word_1_66' title='bbox 843 906 1017 967; x_wconf 85' lang='lat' dir='ltr'>Legatis</span> <span class='ocrx_word' id='word_1_67' title='bbox 1052 900 1312 951; x_wconf 84' lang='lat' dir='ltr'>diversarum</span> <span class='ocrx_word' id='word_1_68' title='bbox 1351 904 1676 953; x_wconf 76' lang='lat' dir='ltr'>Provinciarum</span> <span class='ocrx_word' id='word_1_69' title='bbox 1713 903 2051 964; x_wconf 83' lang='lat' dir='ltr'>Africanarum,</span> 
     </span>
     <span class='ocr_line' id='line_1_10' title="bbox 214 973 2054 1041; baseline -0.005 -10"><span class='ocrx_word' id='word_1_70' title='bbox 214 981 266 1031; x_wconf 83' lang='lat' dir='ltr'>id</span> <span class='ocrx_word' id='word_1_71' title='bbox 301 982 361 1030; x_wconf 90' lang='lat' dir='ltr'>est</span> <span class='ocrx_word' id='word_1_72' title='bbox 385 1018 398 1041; x_wconf 82' lang='grc'>,</span> <span class='ocrx_word' id='word_1_73' title='bbox 435 976 745 1028; x_wconf 84' lang='lat' dir='ltr'>Numidiarurn</span> <span class='ocrx_word' id='word_1_74' title='bbox 783 973 963 1022; x_wconf 87' lang='lat' dir='ltr'>duarum</span> <span class='ocrx_word' id='word_1_75' title='bbox 999 997 1013 1031; x_wconf 87' lang='grc'>,-</span> <span class='ocrx_word' id='word_1_76' title='bbox 1072 977 1320 1038; x_wconf 81' lang='lat' dir='ltr'>Byzacenae</span> <span class='ocrx_word' id='word_1_77' title='bbox 1348 1010 1362 1033; x_wconf 84' lang='grc'>,</span> <span class='ocrx_word' id='word_1_78' title='bbox 1400 974 1700 1031; x_wconf 65' lang='lat' dir='ltr'>Mauritaniae„</span> <span class='ocrx_word' id='word_1_79' title='bbox 1730 974 1938 1031; x_wconf 73' lang='lat' dir='ltr'><strong>Sitifensis</strong></span> <span class='ocrx_word' id='word_1_80' title='bbox 1962 1012 1974 1035; x_wconf 87' lang='lat'>‚</span> <span class='ocrx_word' id='word_1_81' title='bbox 2010 979 2054 1022; x_wconf 71' lang='grc' dir='ltr'>δε</span> 
     </span>
     <span class='ocr_line' id='line_1_11' title="bbox 214 1041 2054 1108; baseline -0.004 -9"><span class='ocrx_word' id='word_1_82' title='bbox 214 1051 492 1101; x_wconf 83' lang='lat' dir='ltr'>Mauritaniae</span> <span class='ocrx_word' id='word_1_83' title='bbox 526 1042 809 1094; x_wconf 77' lang='lat' dir='ltr'>Caesaraeen&#39;fis</span> <span class='ocrx_word' id='word_1_84' title='bbox 841 1051 858 1101; x_wconf 68' lang='lat'>,⁴</span> <span class='ocrx_word' id='word_1_85' title='bbox 906 1041 976 1090; x_wconf 91' lang='lat' dir='ltr'>sed</span> <span class='ocrx_word' id='word_1_86' title='bbox 1012 1043 1055 1090; x_wconf 85' lang='lat'>&amp;</span> <span class='ocrx_word' id='word_1_87' title='bbox 1094 1043 1288 1108; x_wconf 80' lang='lat' dir='ltr'>Tripolis</span> <span class='ocrx_word' id='word_1_88' title='bbox 1324 1078 1338 1102; x_wconf 84' lang='grc'>,</span> <span class='ocrx_word' id='word_1_89' title='bbox 1388 1047 1431 1092; x_wconf 71' lang='grc' dir='ltr'>δε</span> <span class='ocrx_word' id='word_1_90' title='bbox 1481 1044 1723 1104; x_wconf 88' lang='lat' dir='ltr'>Vincentio</span> <span class='ocrx_word' id='word_1_91' title='bbox 1761 1046 2016 1095; x_wconf 85' lang='lat' dir='ltr'>Colufitano</span> <span class='ocrx_word' id='word_1_92' title='bbox 2040 1080 2054 1104; x_wconf 83' lang='lat'>‚</span> 
     </span>
     <span class='ocr_line' id='line_1_12' title="bbox 215 1110 2057 1180; baseline -0.003 -12"><span class='ocrx_word' id='word_1_93' title='bbox 215 1120 534 1168; x_wconf 82' lang='lat' dir='ltr'>‘Fortunatiano</span> <span class='ocrx_word' id='word_1_94' title='bbox 567 1151 580 1175; x_wconf 83' lang='lat'>‚</span> <span class='ocrx_word' id='word_1_95' title='bbox 607 1118 658 1162; x_wconf 68' lang='grc' dir='ltr'>ὅτ,</span> <span class='ocrx_word' id='word_1_96' title='bbox 693 1114 860 1162; x_wconf 80' lang='lat' dir='ltr'>cae&#39;teris</span> <span class='ocrx_word' id='word_1_97' title='bbox 898 1110 1134 1180; x_wconf 74' lang='lat' dir='ltr'>Episcopisv</span> <span class='ocrx_word' id='word_1_98' title='bbox 1160 1113 1399 1170; x_wconf 76' lang='lat' dir='ltr'>Provinciae</span> <span class='ocrx_word' id='word_1_99' title='bbox 1445 1113 1762 1164; x_wconf 75' lang='lat' dir='ltr'>Proconsularis</span> <span class='ocrx_word' id='word_1_100' title='bbox 1796 1152 1809 1175; x_wconf 85' lang='grc'>,</span> <span class='ocrx_word' id='word_1_101' title='bbox 1853 1115 2057 1165; x_wconf 87' lang='lat' dir='ltr'>ducentis</span> 
     </span>
     <span class='ocr_line' id='line_1_13' title="bbox 216 1180 2059 1252; baseline -0.002 -15"><span class='ocrx_word' id='word_1_102' title='bbox 216 1187 368 1237; x_wconf 91' lang='lat' dir='ltr'>decem</span> <span class='ocrx_word' id='word_1_103' title='bbox 403 1191 446 1236; x_wconf 87' lang='lat'>&amp;</span> <span class='ocrx_word' id='word_1_104' title='bbox 482 1183 645 1252; x_wconf 85' lang='lat' dir='ltr'><strong>septem</strong></span> <span class='ocrx_word' id='word_1_105' title='bbox 667 1219 680 1242; x_wconf 83' lang='lat'>‚</span> <span class='ocrx_word' id='word_1_106' title='bbox 716 1189 888 1231; x_wconf 77' lang='lat' dir='ltr'>necnon</span> <span class='ocrx_word' id='word_1_107' title='bbox 924 1183 1144 1248; x_wconf 52' lang='lat' dir='ltr'>Philippo»</span> <span class='ocrx_word' id='word_1_108' title='bbox 1168 1180 1392 1231; x_wconf 81' lang='lat' dir='ltr'>&amp;Asello</span> <span class='ocrx_word' id='word_1_109' title='bbox 1427 1183 1697 1250; x_wconf 82' lang='lat' dir='ltr'>Presbyteris</span> <span class='ocrx_word' id='word_1_110' title='bbox 1724 1186 1937 1235; x_wconf 84' lang='lat' dir='ltr'>Romanae</span> <span class='ocrx_word' id='word_1_111' title='bbox 1973 1190 2059 1234; x_wconf 81' lang='lat' dir='ltr'>Ec-</span> 
     </span>
     <span class='ocr_line' id='line_1_14' title="bbox 216 1250 2054 1326; baseline -0.003 -17"><span class='ocrx_word' id='word_1_112' title='bbox 216 1258 376 1319; x_wconf 67' lang='lat' dir='ltr'>clesma,</span> <span class='ocrx_word' id='word_1_113' title='bbox 412 1252 720 1318; x_wconf 66' lang='lat' dir='ltr'>consedissent,</span> <span class='ocrx_word' id='word_1_114' title='bbox 754 1250 1023 1314; x_wconf 72' lang='lat' dir='ltr'>¹adstantibus</span> <span class='ocrx_word' id='word_1_115' title='bbox 1046 1251 1334 1326; x_wconf 46' lang='lat' dir='ltr'>,Diaconibus</span> <span class='ocrx_word' id='word_1_116' title='bbox 1359 1288 1373 1314; x_wconf 84' lang='grc'>,</span> <span class='ocrx_word' id='word_1_117' title='bbox 1410 1253 1616 1303; x_wconf 86' lang='lat' dir='ltr'>Aurelius</span> <span class='ocrx_word' id='word_1_118' title='bbox 1641 1251 1881 1321; x_wconf 85' lang='lat' dir='ltr'>Episcopus</span> <span class='ocrx_word' id='word_1_119' title='bbox 1915 1254 2054 1304; x_wconf 85' lang='lat' dir='ltr'><strong>dixit.</strong></span> 
     </span>
    </p>
   </div>
   <div class='ocr_carea' id='block_1_4' title="bbox 1873 179 1969 227">
    <p class='ocr_par' dir='ltr' id='par_1_8' title="bbox 1873 179 1969 227">
     <span class='ocr_line' id='line_1_15' title="bbox 1873 179 1969 227; baseline 0.042 -4"><span class='ocrx_word' id='word_1_120' title='bbox 1873 179 1969 227; x_wconf 84' lang='lat'>257</span> 
     </span>
    </p>
   </div>
   <div class='ocr_carea' id='block_1_5' title="bbox 206 482 580 841">
    <p class='ocr_par' dir='ltr' id='par_1_9' title="bbox 206 482 580 841">
     <span class='ocr_line' id='line_1_16' title="bbox 206 482 580 841; baseline 0 -252"><span class='ocrx_word' id='word_1_121' title='bbox 206 482 580 841; x_wconf 95' lang='lat' dir='ltr'>  </span> 
     </span>
    </p>
   </div>
   <div class='ocr_carea' id='block_1_6' title="bbox 410 1403 912 1448">
    <p class='ocr_par' dir='ltr' id='par_1_10' title="bbox 410 1403 912 1448">
     <span class='ocr_line' id='line_1_17' title="bbox 410 1403 912 1448; baseline -0.004 -1"><span class='ocrx_word' id='word_1_122' title='bbox 410 1403 437 1448; x_wconf 94' lang='lat' dir='ltr'>S</span> <span class='ocrx_word' id='word_1_123' title='bbox 473 1417 502 1446; x_wconf 91' lang='lat' dir='ltr'>c</span> <span class='ocrx_word' id='word_1_124' title='bbox 537 1417 568 1447; x_wconf 77' lang='grc' dir='ltr'><strong>Η</strong></span> <span class='ocrx_word' id='word_1_125' title='bbox 603 1406 814 1447; x_wconf 68' lang='lat' dir='ltr'>otio</span> <span class='ocrx_word' id='word_1_126' title='bbox 850 1414 912 1446; x_wconf 79' lang='lat' dir='ltr'>N.</span> 
     </span>
    </p>
   </div>
   <div class='ocr_carea' id='block_1_7' title="bbox 214 1543 1121 3286">
    <p class='ocr_par' dir='ltr' id='par_1_11' title="bbox 214 1543 1116 2536">
     <span class='ocr_line' id='line_1_18' title="bbox 338 1543 1106 1588; baseline -0.007 -5"><span class='ocrx_word' id='word_1_127' title='bbox 338 1548 526 1584; x_wconf 83' lang='lat' dir='ltr'>Anifestum</span> <span class='ocrx_word' id='word_1_128' title='bbox 546 1547 590 1582; x_wconf 86' lang='lat' dir='ltr'>est</span> <span class='ocrx_word' id='word_1_129' title='bbox 611 1545 838 1581; x_wconf 50' lang='lat' dir='ltr'>haec&#39;mneffe</span> <span class='ocrx_word' id='word_1_130' title='bbox 850 1543 1106 1588; x_wconf 78' lang='lat' dir='ltr'>verbaSynoda-</span> 
     </span>
     <span class='ocr_line' id='line_1_19' title="bbox 363 1596 1107 1640; baseline -0.004 -8"><span class='ocrx_word' id='word_1_131' title='bbox 363 1600 422 1633; x_wconf 86' lang='lat' dir='ltr'>lia.</span> <span class='ocrx_word' id='word_1_132' title='bbox 451 1601 533 1634; x_wconf 89' lang='lat' dir='ltr'>Sunt</span> <span class='ocrx_word' id='word_1_133' title='bbox 555 1596 650 1632; x_wconf 86' lang='lat' dir='ltr'>verba</span> <span class='ocrx_word' id='word_1_134' title='bbox 671 1597 782 1631; x_wconf 78' lang='lat' dir='ltr'>nescio</span> <span class='ocrx_word' id='word_1_135' title='bbox 792 1596 885 1638; x_wconf 84' lang='lat' dir='ltr'>cujus</span> <span class='ocrx_word' id='word_1_136' title='bbox 901 1596 1107 1640; x_wconf 86' lang='lat' dir='ltr'>Compilato-</span> 
     </span>
     <span class='ocr_line' id='line_1_20' title="bbox 217 1642 1108 1692; baseline -0.002 -11"><span class='ocrx_word' id='word_1_137' title='bbox 217 1642 284 1684; x_wconf 69' lang='lat' dir='ltr'>ri&#39;s:</span> <span class='ocrx_word' id='word_1_138' title='bbox 313 1649 459 1691; x_wconf 81' lang='lat' dir='ltr'>Imperiti</span> <span class='ocrx_word' id='word_1_139' title='bbox 475 1673 486 1689; x_wconf 91' lang='lat'>‚</span> <span class='ocrx_word' id='word_1_140' title='bbox 513 1657 570 1682; x_wconf 80' lang='lat' dir='ltr'>aut</span> <span class='ocrx_word' id='word_1_141' title='bbox 593 1647 734 1690; x_wconf 87' lang='lat' dir='ltr'>maligni</span> <span class='ocrx_word' id='word_1_142' title='bbox 758 1670 766 1678; x_wconf 90' lang='lat'>.</span> <span class='ocrx_word' id='word_1_143' title='bbox 792 1646 965 1692; x_wconf 81' lang='lat' dir='ltr'>Qoniam</span> <span class='ocrx_word' id='word_1_144' title='bbox 982 1646 1108 1680; x_wconf 76' lang='lat' dir='ltr'>&#39;clarum</span> 
     </span>
     <span class='ocr_line' id='line_1_21' title="bbox 218 1695 1109 1741; baseline -0.004 -8"><span class='ocrx_word' id='word_1_145' title='bbox 218 1699 266 1733; x_wconf 78' lang='lat' dir='ltr'>est</span> <span class='ocrx_word' id='word_1_146' title='bbox 291 1698 371 1732; x_wconf 78' lang='lat' dir='ltr'>huic</span> <span class='ocrx_word' id='word_1_147' title='bbox 383 1698 523 1741; x_wconf 85' lang='lat' dir='ltr'>Synodo</span> <span class='ocrx_word' id='word_1_148' title='bbox 533 1708 603 1731; x_wconf 89' lang='lat' dir='ltr'>non</span> <span class='ocrx_word' id='word_1_149' title='bbox 614 1695 752 1730; x_wconf 80' lang='lat' dir='ltr'>adfuifl‘e</span> <span class='ocrx_word' id='word_1_150' title='bbox 767 1695 926 1729; x_wconf 82' lang='lat' dir='ltr'>ducentos</span> <span class='ocrx_word' id='word_1_151' title='bbox 937 1695 1109 1739; x_wconf 64' lang='lat' dir='ltr'>septemde-</span> 
     </span>
     <span class='ocr_line' id='line_1_22' title="bbox 218 1745 1108 1791; baseline -0.004 -9"><span class='ocrx_word' id='word_1_152' title='bbox 218 1749 288 1782; x_wconf 88' lang='lat' dir='ltr'>cim</span> <span class='ocrx_word' id='word_1_153' title='bbox 316 1748 495 1791; x_wconf 85' lang='lat' dir='ltr'>Episcopos</span> <span class='ocrx_word' id='word_1_154' title='bbox 507 1773 515 1781; x_wconf 83' lang='lat'><strong><em>.</em></strong></span> <span class='ocrx_word' id='word_1_155' title='bbox 542 1745 801 1781; x_wconf 77' lang='lat' dir='ltr'>Aderant&#39;enim</span> <span class='ocrx_word' id='word_1_156' title='bbox 822 1756 863 1780; x_wconf 81' lang='lat' dir='ltr'>ex</span> <span class='ocrx_word' id='word_1_157' title='bbox 875 1747 1005 1782; x_wconf 70' lang='lat' dir='ltr'>cunstis</span> <span class='ocrx_word' id='word_1_158' title='bbox 1018 1754 1108 1780; x_wconf 84' lang='lat' dir='ltr'>extra</span> 
     </span>
     <span class='ocr_line' id='line_1_23' title="bbox 218 1795 1110 1834; baseline -0.002 -2"><span class='ocrx_word' id='word_1_159' title='bbox 218 1798 491 1834; x_wconf 70' lang='lat' dir='ltr'>proconsularem</span> <span class='ocrx_word' id='word_1_160' title='bbox 524 1796 708 1831; x_wconf 79' lang='lat' dir='ltr'>Provinciis</span> <span class='ocrx_word' id='word_1_161' title='bbox 737 1795 946 1830; x_wconf 77' lang='lat' dir='ltr'>solummodo</span> <span class='ocrx_word' id='word_1_162' title='bbox 967 1799 1030 1830; x_wconf 85' lang='lat' dir='ltr'>tr&#39;es</span> <span class='ocrx_word' id='word_1_163' title='bbox 1051 1796 1110 1830; x_wconf 72' lang='lat' dir='ltr'>Le-</span> 
     </span>
     <span class='ocr_line' id='line_1_24' title="bbox 216 1844 1110 1894; baseline -0.004 -12"><span class='ocrx_word' id='word_1_164' title='bbox 216 1848 291 1894; x_wconf 78' lang='lat' dir='ltr'>gati</span> <span class='ocrx_word' id='word_1_165' title='bbox 307 1872 314 1880; x_wconf 93' lang='lat'>.</span> <span class='ocrx_word' id='word_1_166' title='bbox 341 1848 453 1885; x_wconf 86' lang='lat' dir='ltr'>Etiam</span> <span class='ocrx_word' id='word_1_167' title='bbox 477 1846 677 1882; x_wconf 80' lang='lat' dir='ltr'>Valentinus</span> <span class='ocrx_word' id='word_1_168' title='bbox 699 1846 868 1880; x_wconf 69' lang='lat' dir='ltr'>Numidia:</span> <span class='ocrx_word' id='word_1_169' title='bbox 887 1845 1013 1880; x_wconf 86' lang='lat' dir='ltr'>Primas</span> <span class='ocrx_word' id='word_1_170' title='bbox 1023 1844 1110 1879; x_wconf 84' lang='lat' dir='ltr'>vide·</span> 
     </span>
     <span class='ocr_line' id='line_1_25' title="bbox 215 1895 1110 1938; baseline -0.007 -6"><span class='ocrx_word' id='word_1_171' title='bbox 215 1908 355 1937; x_wconf 20' lang='lat' dir='ltr'>turynon</span> <span class='ocrx_word' id='word_1_172' title='bbox 384 1896 538 1932; x_wconf 76' lang='lat' dir='ltr'>adfuisse.</span> <span class='ocrx_word' id='word_1_173' title='bbox 565 1895 701 1931; x_wconf 80' lang='lat' dir='ltr'>Etenim</span> <span class='ocrx_word' id='word_1_174' title='bbox 714 1895 833 1930; x_wconf 82' lang='lat' dir='ltr'>nullibi</span> <span class='ocrx_word' id='word_1_175' title='bbox 860 1896 1110 1938; x_wconf 83' lang='lat' dir='ltr'>interloquitur.</span> 
     </span>
     <span class='ocr_line' id='line_1_26' title="bbox 216 1945 1111 1991; baseline -0.004 -9"><span class='ocrx_word' id='word_1_176' title='bbox 216 1948 266 1982; x_wconf 74' lang='lat' dir='ltr'>Et</span> <span class='ocrx_word' id='word_1_177' title='bbox 277 1947 400 1984; x_wconf 84' lang='lat' dir='ltr'>nonest</span> <span class='ocrx_word' id='word_1_178' title='bbox 411 1945 682 1991; x_wconf 84' lang='lat' dir='ltr'>apparensipsum</span> <span class='ocrx_word' id='word_1_179' title='bbox 694 1945 789 1979; x_wconf 72' lang='lat' dir='ltr'>fuisse</span> <span class='ocrx_word' id='word_1_180' title='bbox 815 1945 980 1989; x_wconf 82' lang='lat' dir='ltr'>Legatum</span> <span class='ocrx_word' id='word_1_181' title='bbox 992 1970 1000 1978; x_wconf 91' lang='lat'><strong><em>.</em></strong></span> <span class='ocrx_word' id='word_1_182' title='bbox 1027 1945 1111 1991; x_wconf 79' lang='lat' dir='ltr'>Qae</span> 
     </span>
     <span class='ocr_line' id='line_1_27' title="bbox 214 1995 1112 2042; baseline -0.007 -9"><span class='ocrx_word' id='word_1_183' title='bbox 214 2000 334 2033; x_wconf 82' lang='lat' dir='ltr'>omnia</span> <span class='ocrx_word' id='word_1_184' title='bbox 355 1997 490 2042; x_wconf 83' lang='lat' dir='ltr'>quidam</span> <span class='ocrx_word' id='word_1_185' title='bbox 499 1995 743 2032; x_wconf 80' lang='lat' dir='ltr'>considerantes</span> <span class='ocrx_word' id='word_1_186' title='bbox 765 1997 899 2030; x_wconf 88' lang='lat' dir='ltr'>censent</span> <span class='ocrx_word' id='word_1_187' title='bbox 909 1995 997 2030; x_wconf 88' lang='lat' dir='ltr'>hanc</span> <span class='ocrx_word' id='word_1_188' title='bbox 1007 1995 1112 2038; x_wconf 86' lang='lat' dir='ltr'>Syno-</span> 
     </span>
     <span class='ocr_line' id='line_1_28' title="bbox 218 2044 1113 2090; baseline -0.004 -9"><span class='ocrx_word' id='word_1_189' title='bbox 218 2049 318 2086; x_wconf 83' lang='lat' dir='ltr'>dum,</span> <span class='ocrx_word' id='word_1_190' title='bbox 343 2048 445 2090; x_wconf 86' lang='lat' dir='ltr'>ipsam</span> <span class='ocrx_word' id='word_1_191' title='bbox 458 2047 648 2080; x_wconf 85' lang='lat' dir='ltr'>consecutas</span> <span class='ocrx_word' id='word_1_192' title='bbox 657 2045 780 2079; x_wconf 84' lang='lat' dir='ltr'>litteras</span> <span class='ocrx_word' id='word_1_193' title='bbox 790 2045 831 2079; x_wconf 87' lang='lat' dir='ltr'>ad</span> <span class='ocrx_word' id='word_1_194' title='bbox 845 2044 1029 2079; x_wconf 80' lang='lat' dir='ltr'>Pontifices</span> <span class='ocrx_word' id='word_1_195' title='bbox 1049 2045 1113 2077; x_wconf 89' lang='lat' dir='ltr'>Bo·</span> 
     </span>
     <span class='ocr_line' id='line_1_29' title="bbox 216 2092 1113 2136; baseline -0.006 -7"><span class='ocrx_word' id='word_1_196' title='bbox 216 2096 381 2130; x_wconf 80' lang='lat' dir='ltr'>·nifacium</span> <span class='ocrx_word' id='word_1_197' title='bbox 403 2097 438 2130; x_wconf 87' lang='lat'>&amp;</span> <span class='ocrx_word' id='word_1_198' title='bbox 460 2094 671 2130; x_wconf 83' lang='lat' dir='ltr'>Caelestinum</span> <span class='ocrx_word' id='word_1_199' title='bbox 684 2117 696 2133; x_wconf 83' lang='lat'>‚</span> <span class='ocrx_word' id='word_1_200' title='bbox 721 2094 898 2136; x_wconf 84' lang='lat' dir='ltr'>omniaque</span> <span class='ocrx_word' id='word_1_201' title='bbox 909 2093 995 2127; x_wconf 80' lang='lat' dir='ltr'>circa</span> <span class='ocrx_word' id='word_1_202' title='bbox 1012 2092 1113 2135; x_wconf 76' lang='lat' dir='ltr'>Apia-</span> 
     </span>
     <span class='ocr_line' id='line_1_30' title="bbox 222 2139 1112 2187; baseline -0.006 -8"><span class='ocrx_word' id='word_1_203' title='bbox 222 2146 310 2180; x_wconf 82' lang='lat' dir='ltr'>rium</span> <span class='ocrx_word' id='word_1_204' title='bbox 333 2144 417 2179; x_wconf 68' lang='lat' dir='ltr'>Asta</span> <span class='ocrx_word' id='word_1_205' title='bbox 438 2144 501 2178; x_wconf 82' lang='lat' dir='ltr'>effe</span> <span class='ocrx_word' id='word_1_206' title='bbox 510 2143 619 2178; x_wconf 86' lang='lat' dir='ltr'>nescio</span> <span class='ocrx_word' id='word_1_207' title='bbox 631 2143 724 2186; x_wconf 84' lang='lat' dir='ltr'>cujus</span> <span class='ocrx_word' id='word_1_208' title='bbox 736 2143 842 2186; x_wconf 87' lang='lat' dir='ltr'>spuria</span> <span class='ocrx_word' id='word_1_209' title='bbox 855 2143 1028 2187; x_wconf 79' lang='lat' dir='ltr'>figmenta.</span> <span class='ocrx_word' id='word_1_210' title='bbox 1055 2139 1112 2175; x_wconf 89' lang='lat' dir='ltr'>Est</span> 
     </span>
     <span class='ocr_line' id='line_1_31' title="bbox 221 2192 1114 2239; baseline -0.007 -9"><span class='ocrx_word' id='word_1_211' title='bbox 221 2196 333 2230; x_wconf 75' lang='lat' dir='ltr'>audax</span> <span class='ocrx_word' id='word_1_212' title='bbox 354 2195 509 2239; x_wconf 70' lang='lat' dir='ltr'>grassatio</span> <span class='ocrx_word' id='word_1_213' title='bbox 530 2196 565 2228; x_wconf 88' lang='lat' dir='ltr'>in</span> <span class='ocrx_word' id='word_1_214' title='bbox 575 2193 712 2237; x_wconf 77' lang='lat' dir='ltr'>antiqua</span> <span class='ocrx_word' id='word_1_215' title='bbox 729 2193 952 2227; x_wconf 88' lang='lat' dir='ltr'>monimenta.</span> <span class='ocrx_word' id='word_1_216' title='bbox 980 2192 1114 2226; x_wconf 85' lang='lat' dir='ltr'>Etenim</span> 
     </span>
     <span class='ocr_line' id='line_1_32' title="bbox 217 2242 1115 2285; baseline -0.003 -7"><span class='ocrx_word' id='word_1_217' title='bbox 217 2244 282 2278; x_wconf 69' lang='lat' dir='ltr'>visia</span> <span class='ocrx_word' id='word_1_218' title='bbox 304 2242 368 2277; x_wconf 71' lang='lat' dir='ltr'>fere</span> <span class='ocrx_word' id='word_1_219' title='bbox 389 2244 502 2277; x_wconf 86' lang='lat' dir='ltr'>omnia</span> <span class='ocrx_word' id='word_1_220' title='bbox 522 2242 651 2277; x_wconf 82' lang='lat' dir='ltr'>exstant</span> <span class='ocrx_word' id='word_1_221' title='bbox 673 2242 760 2285; x_wconf 85' lang='lat' dir='ltr'>apud</span> <span class='ocrx_word' id='word_1_222' title='bbox 795 2242 996 2284; x_wconf 82' lang='lat' dir='ltr'>Dionysium</span> <span class='ocrx_word' id='word_1_223' title='bbox 1030 2242 1115 2275; x_wconf 82' lang='lat' dir='ltr'>Exi-</span> 
     </span>
     <span class='ocr_line' id='line_1_33' title="bbox 220 2290 1114 2338; baseline -0.003 -11"><span class='ocrx_word' id='word_1_224' title='bbox 220 2305 327 2338; x_wconf 85' lang='lat' dir='ltr'>guum</span> <span class='ocrx_word' id='word_1_225' title='bbox 342 2292 354 2333; x_wconf 74' lang='lat'>,&#39;</span> <span class='ocrx_word' id='word_1_226' title='bbox 378 2293 470 2336; x_wconf 81' lang='lat' dir='ltr'>cujus</span> <span class='ocrx_word' id='word_1_227' title='bbox 491 2291 671 2326; x_wconf 84' lang='lat' dir='ltr'>authoritas</span> <span class='ocrx_word' id='word_1_228' title='bbox 692 2290 738 2325; x_wconf 88' lang='lat' dir='ltr'>est</span> <span class='ocrx_word' id='word_1_229' title='bbox 759 2291 1008 2335; x_wconf 82' lang='lat' dir='ltr'>irrefragabilis:</span> <span class='ocrx_word' id='word_1_230' title='bbox 1036 2291 1114 2324; x_wconf 89' lang='lat' dir='ltr'>Fuit</span> 
     </span>
     <span class='ocr_line' id='line_1_34' title="bbox 222 2339 1114 2388; baseline -0.004 -11"><span class='ocrx_word' id='word_1_231' title='bbox 222 2345 315 2377; x_wconf 88' lang='lat' dir='ltr'>enim</span> <span class='ocrx_word' id='word_1_232' title='bbox 328 2343 471 2385; x_wconf 87' lang='lat' dir='ltr'>optimus</span> <span class='ocrx_word' id='word_1_233' title='bbox 484 2342 588 2384; x_wconf 79' lang='lat' dir='ltr'>Iudex</span> <span class='ocrx_word' id='word_1_234' title='bbox 606 2339 904 2384; x_wconf 84' lang='lat' dir='ltr'>Apocryphorum.</span> <span class='ocrx_word' id='word_1_235' title='bbox 932 2339 1045 2388; x_wconf 75' lang='lat' dir='ltr'>Qare</span> <span class='ocrx_word' id='word_1_236' title='bbox 1067 2352 1114 2373; x_wconf 93' lang='lat' dir='ltr'>ve-</span> 
     </span>
     <span class='ocr_line' id='line_1_35' title="bbox 222 2390 1116 2434; baseline -0.003 -8"><span class='ocrx_word' id='word_1_237' title='bbox 222 2405 262 2427; x_wconf 83' lang='lat' dir='ltr'>ro</span> <span class='ocrx_word' id='word_1_238' title='bbox 284 2391 420 2425; x_wconf 88' lang='lat' dir='ltr'>similius</span> <span class='ocrx_word' id='word_1_239' title='bbox 442 2392 511 2431; x_wconf 85' lang='lat' dir='ltr'>est,</span> <span class='ocrx_word' id='word_1_240' title='bbox 535 2391 623 2434; x_wconf 83' lang='lat' dir='ltr'>quod</span> <span class='ocrx_word' id='word_1_241' title='bbox 649 2391 809 2434; x_wconf 80' lang='lat' dir='ltr'>quispiam</span> <span class='ocrx_word' id='word_1_242' title='bbox 822 2390 949 2424; x_wconf 82' lang='lat' dir='ltr'>Aurelii</span> <span class='ocrx_word' id='word_1_243' title='bbox 963 2391 1116 2423; x_wconf 83' lang='lat' dir='ltr'>Primatis</span> 
     </span>
     <span class='ocr_line' id='line_1_36' title="bbox 223 2439 1114 2487; baseline -0.003 -11"><span class='ocrx_word' id='word_1_244' title='bbox 223 2443 373 2487; x_wconf 83' lang='lat' dir='ltr'>pertinax</span> <span class='ocrx_word' id='word_1_245' title='bbox 393 2441 543 2476; x_wconf 90' lang='lat' dir='ltr'>defensor</span> <span class='ocrx_word' id='word_1_246' title='bbox 572 2439 730 2485; x_wconf 86' lang='lat' dir='ltr'>legitimis</span> <span class='ocrx_word' id='word_1_247' title='bbox 749 2439 839 2474; x_wconf 66' lang='lat' dir='ltr'>Actis</span> <span class='ocrx_word' id='word_1_248' title='bbox 872 2441 1114 2474; x_wconf 85' lang='lat' dir='ltr'>commiscuerit</span> 
     </span>
     <span class='ocr_line' id='line_1_37' title="bbox 224 2491 522 2536; baseline -0.007 -10"><span class='ocrx_word' id='word_1_249' title='bbox 224 2492 380 2536; x_wconf 77' lang='lat' dir='ltr'>quasdam</span> <span class='ocrx_word' id='word_1_250' title='bbox 395 2491 501 2535; x_wconf 81' lang='lat' dir='ltr'>paleas</span> <span class='ocrx_word' id='word_1_251' title='bbox 514 2516 522 2524; x_wconf 85' lang='lat'><strong>.</strong></span> 
     </span>
    </p>

    <p class='ocr_par' dir='ltr' id='par_1_12' title="bbox 221 2538 1121 3286">
     <span class='ocr_line' id='line_1_38' title="bbox 277 2538 1113 2588; baseline -0.002 -13"><span class='ocrx_word' id='word_1_252' title='bbox 277 2541 452 2588; x_wconf 71' lang='lat' dir='ltr'>Qudquid</span> <span class='ocrx_word' id='word_1_253' title='bbox 473 2541 512 2574; x_wconf 87' lang='lat' dir='ltr'>sit</span> <span class='ocrx_word' id='word_1_254' title='bbox 535 2564 546 2580; x_wconf 89' lang='lat'>‚</span> <span class='ocrx_word' id='word_1_255' title='bbox 571 2538 727 2583; x_wconf 85' lang='lat' dir='ltr'>Synodus</span> <span class='ocrx_word' id='word_1_256' title='bbox 752 2538 873 2574; x_wconf 86' lang='lat' dir='ltr'>dicitur</span> <span class='ocrx_word' id='word_1_257' title='bbox 898 2539 1054 2574; x_wconf 83' lang='lat' dir='ltr'>celebrata</span> <span class='ocrx_word' id='word_1_258' title='bbox 1080 2540 1113 2573; x_wconf 89' lang='lat' dir='ltr'>in</span> 
     </span>
     <span class='ocr_line' id='line_1_39' title="bbox 224 2589 1116 2633; baseline -0.003 -8"><span class='ocrx_word' id='word_1_259' title='bbox 224 2592 363 2625; x_wconf 77' lang='lat' dir='ltr'>Basilica</span> <span class='ocrx_word' id='word_1_260' title='bbox 377 2591 486 2626; x_wconf 87' lang='lat' dir='ltr'>Fausti</span> <span class='ocrx_word' id='word_1_261' title='bbox 497 2615 508 2631; x_wconf 93' lang='lat'>,</span> <span class='ocrx_word' id='word_1_262' title='bbox 535 2589 625 2633; x_wconf 82' lang='lat' dir='ltr'>cujus</span> <span class='ocrx_word' id='word_1_263' title='bbox 636 2589 680 2623; x_wconf 83' lang='lat' dir='ltr'>est</span> <span class='ocrx_word' id='word_1_264' title='bbox 692 2591 843 2632; x_wconf 90' lang='lat' dir='ltr'>frequens</span> <span class='ocrx_word' id='word_1_265' title='bbox 855 2591 1011 2623; x_wconf 84' lang='lat' dir='ltr'>memoria</span> <span class='ocrx_word' id='word_1_266' title='bbox 1031 2589 1116 2632; x_wconf 83' lang='lat' dir='ltr'>apud</span> 
     </span>
     <span class='ocr_line' id='line_1_40' title="bbox 223 2639 1117 2685; baseline -0.002 -10"><span class='ocrx_word' id='word_1_267' title='bbox 223 2643 380 2676; x_wconf 63' lang='lat' dir='ltr'>Sand&#39;tum</span> <span class='ocrx_word' id='word_1_268' title='bbox 406 2639 633 2685; x_wconf 73' lang='lat' dir='ltr'>Augustinum</span> <span class='ocrx_word' id='word_1_269' title='bbox 657 2665 666 2675; x_wconf 87' lang='lat'><strong>.</strong></span> <span class='ocrx_word' id='word_1_270' title='bbox 694 2640 733 2674; x_wconf 85' lang='lat' dir='ltr'>ln</span> <span class='ocrx_word' id='word_1_271' title='bbox 765 2641 913 2674; x_wconf 85' lang='lat' dir='ltr'>sermone</span> <span class='ocrx_word' id='word_1_272' title='bbox 945 2641 985 2674; x_wconf 90' lang='lat' dir='ltr'>de</span> <span class='ocrx_word' id='word_1_273' title='bbox 1012 2641 1117 2674; x_wconf 86' lang='lat' dir='ltr'>verbis</span> 
     </span>
     <span class='ocr_line' id='line_1_41' title="bbox 221 2688 1117 2735; baseline -0.004 -9"><span class='ocrx_word' id='word_1_274' title='bbox 221 2692 401 2735; x_wconf 81' lang='lat' dir='ltr'>Apostoli:</span> <span class='ocrx_word' id='word_1_275' title='bbox 430 2695 502 2724; x_wconf 79' lang='lat' dir='ltr'>Dies</span> <span class='ocrx_word' id='word_1_276' title='bbox 527 2688 755 2732; x_wconf 72' lang='lat' dir='ltr'>anniversarius</span> <span class='ocrx_word' id='word_1_277' title='bbox 767 2692 973 2724; x_wconf 78' lang='lat' dir='ltr'>Ordinatlonis</span> <span class='ocrx_word' id='word_1_278' title='bbox 996 2693 1117 2722; x_wconf 79' lang='lat' dir='ltr'>Domini</span> 
     </span>
     <span class='ocr_line' id='line_1_42' title="bbox 222 2738 1117 2784; baseline -0.004 -8"><span class='ocrx_word' id='word_1_279' title='bbox 222 2746 312 2777; x_wconf 76' lang='lat' dir='ltr'>senis</span> <span class='ocrx_word' id='word_1_280' title='bbox 341 2742 451 2775; x_wconf 72' lang='lat' dir='ltr'>Aurem</span> <span class='ocrx_word' id='word_1_281' title='bbox 476 2739 619 2781; x_wconf 80' lang='lat' dir='ltr'>crastinus</span> <span class='ocrx_word' id='word_1_282' title='bbox 640 2738 781 2782; x_wconf 75' lang='lat' dir='ltr'>illucescet</span> <span class='ocrx_word' id='word_1_283' title='bbox 794 2765 801 2772; x_wconf 88' lang='lat'><strong>.</strong></span> <span class='ocrx_word' id='word_1_284' title='bbox 828 2742 1117 2784; x_wconf 71' lang='lat' dir='ltr'>Rogat&amp;admonet</span> 
     </span>
     <span class='ocr_line' id='line_1_43' title="bbox 221 2789 1121 2841; baseline -0.002 -16"><span class='ocrx_word' id='word_1_285' title='bbox 221 2802 278 2841; x_wconf 74' lang='lat' dir='ltr'>per</span> <span class='ocrx_word' id='word_1_286' title='bbox 290 2792 500 2826; x_wconf 74' lang='lat' dir='ltr'>Humilitatem</span> <span class='ocrx_word' id='word_1_287' title='bbox 510 2801 609 2824; x_wconf 88' lang='lat' dir='ltr'>meam</span> <span class='ocrx_word' id='word_1_288' title='bbox 620 2814 631 2831; x_wconf 94' lang='lat'><strong>,</strong></span> <span class='ocrx_word' id='word_1_289' title='bbox 659 2789 848 2824; x_wconf 78' lang='lat' dir='ltr'>charitatem</span> <span class='ocrx_word' id='word_1_290' title='bbox 858 2790 986 2831; x_wconf 72' lang='lat' dir='ltr'>vestram</span> <span class='ocrx_word' id='word_1_291' title='bbox 996 2815 1008 2830; x_wconf 90' lang='lat'>‚</span> <span class='ocrx_word' id='word_1_292' title='bbox 1033 2800 1067 2823; x_wconf 87' lang='lat' dir='ltr'>ut</span> <span class='ocrx_word' id='word_1_293' title='bbox 1076 2792 1121 2823; x_wconf 87' lang='lat' dir='ltr'>ad</span> 
     </span>
     <span class='ocr_line' id='line_1_44' title="bbox 227 2840 1118 2885; baseline 0.001 -12"><span class='ocrx_word' id='word_1_294' title='bbox 227 2842 384 2884; x_wconf 73' lang='lat' dir='ltr'>Baffi&#39;icam</span> <span class='ocrx_word' id='word_1_295' title='bbox 405 2840 706 2882; x_wconf 37' lang='lat' dir='ltr'>Fausti-devotiffime</span> <span class='ocrx_word' id='word_1_296' title='bbox 728 2846 830 2874; x_wconf 76' lang='lat' dir='ltr'>venire</span> <span class='ocrx_word' id='word_1_297' title='bbox 854 2841 1018 2885; x_wconf 74' lang='lat' dir='ltr'>dignemini·</span> <span class='ocrx_word' id='word_1_298' title='bbox 1042 2866 1048 2872; x_wconf 97' lang='lat'>.</span> <span class='ocrx_word' id='word_1_299' title='bbox 1076 2842 1118 2874; x_wconf 88' lang='lat' dir='ltr'>Et</span> 
     </span>
     <span class='ocr_line' id='line_1_45' title="bbox 227 2890 1118 2935; baseline -0.001 -11"><span class='ocrx_word' id='word_1_300' title='bbox 227 2890 462 2932; x_wconf 83' lang='lat' dir='ltr'>duodecimus,</span> <span class='ocrx_word' id='word_1_301' title='bbox 488 2902 526 2924; x_wconf 86' lang='lat' dir='ltr'>ac</span> <span class='ocrx_word' id='word_1_302' title='bbox 538 2890 712 2935; x_wconf 78' lang='lat' dir='ltr'>vigesimus</span> <span class='ocrx_word' id='word_1_303' title='bbox 722 2890 880 2925; x_wconf 89' lang='lat' dir='ltr'>secundus</span> <span class='ocrx_word' id='word_1_304' title='bbox 903 2892 974 2935; x_wconf 85' lang='lat' dir='ltr'>post</span> <span class='ocrx_word' id='word_1_305' title='bbox 987 2891 1118 2924; x_wconf 84' lang='lat' dir='ltr'>centesi-</span> 
     </span>
     <span class='ocr_line' id='line_1_46' title="bbox 224 2939 1116 2985; baseline -0.001 -11"><span class='ocrx_word' id='word_1_306' title='bbox 224 2951 322 2974; x_wconf 85' lang='lat' dir='ltr'>mum</span> <span class='ocrx_word' id='word_1_307' title='bbox 351 2942 454 2975; x_wconf 86' lang='lat' dir='ltr'>sermo</span> <span class='ocrx_word' id='word_1_308' title='bbox 466 2941 507 2974; x_wconf 89' lang='lat' dir='ltr'>de</span> <span class='ocrx_word' id='word_1_309' title='bbox 525 2939 654 2974; x_wconf 83' lang='lat' dir='ltr'>diversis</span> <span class='ocrx_word' id='word_1_310' title='bbox 667 2939 788 2975; x_wconf 87' lang='lat' dir='ltr'>habent</span> <span class='ocrx_word' id='word_1_311' title='bbox 802 2939 887 2974; x_wconf 88' lang='lat' dir='ltr'>hanc</span> <span class='ocrx_word' id='word_1_312' title='bbox 898 2939 1116 2985; x_wconf 83' lang='lat' dir='ltr'>epigraphen:</span> 
     </span>
     <span class='ocr_line' id='line_1_47' title="bbox 229 2988 1115 3034; baseline 0.002 -12"><span class='ocrx_word' id='word_1_313' title='bbox 229 2990 358 3022; x_wconf 73' lang='lat' dir='ltr'>Habitus</span> <span class='ocrx_word' id='word_1_314' title='bbox 382 2995 413 3021; x_wconf 81' lang='lat' dir='ltr'>in</span> <span class='ocrx_word' id='word_1_315' title='bbox 427 2988 550 3030; x_wconf 78' lang='lat' dir='ltr'>Basilica</span> <span class='ocrx_word' id='word_1_316' title='bbox 572 2990 676 3030; x_wconf 75' lang='lat' dir='ltr'>Fausti</span> <span class='ocrx_word' id='word_1_317' title='bbox 691 3014 703 3030; x_wconf 93' lang='lat'>,</span> <span class='ocrx_word' id='word_1_318' title='bbox 728 2990 933 3034; x_wconf 78' lang='lat' dir='ltr'>Carthagine.</span> <span class='ocrx_word' id='word_1_319' title='bbox 961 2991 1115 3033; x_wconf 83' lang='lat' dir='ltr'>Ejusdem</span> 
     </span>
     <span class='ocr_line' id='line_1_48' title="bbox 229 3038 1118 3084; baseline 0 -10"><span class='ocrx_word' id='word_1_320' title='bbox 229 3039 371 3074; x_wconf 79' lang='lat' dir='ltr'>Bafilicae</span> <span class='ocrx_word' id='word_1_321' title='bbox 391 3039 436 3072; x_wconf 85' lang='lat' dir='ltr'>est</span> <span class='ocrx_word' id='word_1_322' title='bbox 460 3038 554 3073; x_wconf 76' lang='lat' dir='ltr'>valde</span> <span class='ocrx_word' id='word_1_323' title='bbox 576 3041 728 3084; x_wconf 82' lang='lat' dir='ltr'>frequens</span> <span class='ocrx_word' id='word_1_324' title='bbox 750 3043 876 3075; x_wconf 87' lang='lat' dir='ltr'>mentio</span> <span class='ocrx_word' id='word_1_325' title='bbox 897 3041 931 3075; x_wconf 88' lang='lat' dir='ltr'>in</span> <span class='ocrx_word' id='word_1_326' title='bbox 954 3041 1118 3075; x_wconf 87' lang='lat' dir='ltr'>Africanis</span> 
     </span>
     <span class='ocr_line' id='line_1_49' title="bbox 226 3088 1117 3125; baseline 0.002 -2"><span class='ocrx_word' id='word_1_327' title='bbox 226 3088 408 3123; x_wconf 74' lang='lat' dir='ltr'>Concssiis-</span> <span class='ocrx_word' id='word_1_328' title='bbox 435 3088 583 3123; x_wconf 85' lang='lat' dir='ltr'>Eandem</span> <span class='ocrx_word' id='word_1_329' title='bbox 593 3090 707 3124; x_wconf 80' lang='lat' dir='ltr'>laudat</span> <span class='ocrx_word' id='word_1_330' title='bbox 720 3091 752 3123; x_wconf 88' lang='lat' dir='ltr'>in</span> <span class='ocrx_word' id='word_1_331' title='bbox 766 3091 857 3125; x_wconf 85' lang='lat' dir='ltr'>libris</span> <span class='ocrx_word' id='word_1_332' title='bbox 868 3091 908 3125; x_wconf 89' lang='lat' dir='ltr'>de</span> <span class='ocrx_word' id='word_1_333' title='bbox 921 3090 1117 3125; x_wconf 81' lang='lat' dir='ltr'>VVandali-</span> 
     </span>
     <span class='ocr_line' id='line_1_50' title="bbox 231 3139 1119 3185; baseline 0.001 -12"><span class='ocrx_word' id='word_1_334' title='bbox 231 3152 270 3173; x_wconf 84' lang='lat' dir='ltr'>ca</span> <span class='ocrx_word' id='word_1_335' title='bbox 295 3139 515 3182; x_wconf 85' lang='lat' dir='ltr'>persecutione</span> <span class='ocrx_word' id='word_1_336' title='bbox 534 3139 739 3174; x_wconf 86' lang='lat' dir='ltr'>Venerabilis</span> <span class='ocrx_word' id='word_1_337' title='bbox 760 3142 874 3176; x_wconf 64' lang='lat' dir='ltr'>Vistor</span> <span class='ocrx_word' id='word_1_338' title='bbox 888 3142 1028 3175; x_wconf 87' lang='lat' dir='ltr'>Vitensis</span> <span class='ocrx_word' id='word_1_339' title='bbox 1041 3141 1119 3185; x_wconf 87' lang='lat' dir='ltr'>Epi·</span> 
     </span>
     <span class='ocr_line' id='line_1_51' title="bbox 230 3188 1118 3237; baseline 0.005 -15"><span class='ocrx_word' id='word_1_340' title='bbox 230 3190 363 3232; x_wconf 77' lang='lat' dir='ltr'>scopus,</span> <span class='ocrx_word' id='word_1_341' title='bbox 392 3188 519 3222; x_wconf 86' lang='lat' dir='ltr'>Laudat</span> <span class='ocrx_word' id='word_1_342' title='bbox 540 3188 692 3222; x_wconf 69' lang='lat' dir='ltr'>Sanctum</span> <span class='ocrx_word' id='word_1_343' title='bbox 715 3190 923 3237; x_wconf 82' lang='lat' dir='ltr'>Deo-gratias</span> <span class='ocrx_word' id='word_1_344' title='bbox 945 3191 1118 3237; x_wconf 87' lang='lat' dir='ltr'>Carthagi-</span> 
     </span>
     <span class='ocr_line' id='line_1_52' title="bbox 232 3237 1116 3286; baseline 0.001 -13"><span class='ocrx_word' id='word_1_345' title='bbox 232 3240 367 3274; x_wconf 80' lang='lat' dir='ltr'>nensem</span> <span class='ocrx_word' id='word_1_346' title='bbox 381 3238 579 3282; x_wconf 86' lang='lat' dir='ltr'>Episcopum</span> <span class='ocrx_word' id='word_1_347' title='bbox 590 3262 601 3278; x_wconf 85' lang='lat'><em>‚</em></span> <span class='ocrx_word' id='word_1_348' title='bbox 625 3237 715 3282; x_wconf 88' lang='lat' dir='ltr'>quod</span> <span class='ocrx_word' id='word_1_349' title='bbox 726 3240 875 3276; x_wconf 87' lang='lat' dir='ltr'>fovendis</span> <span class='ocrx_word' id='word_1_350' title='bbox 887 3243 1027 3276; x_wconf 85' lang='lat' dir='ltr'>infirmis</span> <span class='ocrx_word' id='word_1_351' title='bbox 1038 3268 1048 3285; x_wconf 86' lang='lat'>,</span> <span class='ocrx_word' id='word_1_352' title='bbox 1060 3242 1116 3286; x_wconf 90' lang='lat' dir='ltr'>qui</span> 
     </span>
    </p>
   </div>
   <div class='ocr_carea' id='block_1_8' title="bbox 337 3468 795 3531">
    <p class='ocr_par' dir='ltr' id='par_1_13' title="bbox 337 3468 795 3531">
     <span class='ocr_line' id='line_1_53' title="bbox 337 3468 795 3531; baseline 0.007 -11"><span class='ocrx_word' id='word_1_353' title='bbox 337 3486 445 3520; x_wconf 70' lang='lat' dir='ltr'>chrm.</span> <span class='ocrx_word' id='word_1_354' title='bbox 458 3491 535 3531; x_wconf 82' lang='lat' dir='ltr'>Lupi</span> <span class='ocrx_word' id='word_1_355' title='bbox 545 3468 642 3531; x_wconf 72' lang='lat' dir='ltr'>opera</span> <span class='ocrx_word' id='word_1_356' title='bbox 663 3491 696 3522; x_wconf 80' lang='lat' dir='ltr'>T.</span> <span class='ocrx_word' id='word_1_357' title='bbox 712 3493 795 3523; x_wconf 84' lang='lat' dir='ltr'>Vm.</span> 
     </span>
    </p>
   </div>
   <div class='ocr_carea' id='block_1_9' title="bbox 1162 3243 1170 3334">
    <p class='ocr_par' dir='ltr' id='par_1_14' title="bbox 1162 3243 1170 3334">
     <span class='ocr_line' id='line_1_54' title="bbox 1162 3243 1170 3334; baseline 0 384"><span class='ocrx_word' id='word_1_358' title='bbox 1162 3243 1170 3334; x_wconf 95' lang='lat' dir='ltr'> </span> 
     </span>
    </p>
   </div>
   <div class='ocr_carea' id='block_1_10' title="bbox 1165 1394 2111 3234">
    <p class='ocr_par' dir='ltr' id='par_1_15' title="bbox 1165 1394 2111 3234">
     <span class='ocr_line' id='line_1_55' title="bbox 1165 1394 2064 1441; baseline 0.001 -12"><span class='ocrx_word' id='word_1_359' title='bbox 1165 1404 1212 1429; x_wconf 79' lang='lat' dir='ltr'>&#39;ex</span> <span class='ocrx_word' id='word_1_360' title='bbox 1224 1404 1317 1440; x_wconf 80' lang='lat' dir='ltr'>capta</span> <span class='ocrx_word' id='word_1_361' title='bbox 1334 1396 1368 1430; x_wconf 79' lang='grc' dir='ltr'>δε</span> <span class='ocrx_word' id='word_1_362' title='bbox 1381 1395 1515 1440; x_wconf 85' lang='lat' dir='ltr'>spoliata</span> <span class='ocrx_word' id='word_1_363' title='bbox 1528 1408 1584 1441; x_wconf 89' lang='lat' dir='ltr'>per</span> <span class='ocrx_word' id='word_1_364' title='bbox 1595 1394 1804 1431; x_wconf 82' lang='lat' dir='ltr'>Geizericum</span> <span class='ocrx_word' id='word_1_365' title='bbox 1828 1396 1980 1430; x_wconf 85' lang='lat' dir='ltr'>Romana</span> <span class='ocrx_word' id='word_1_366' title='bbox 1993 1395 2064 1430; x_wconf 84' lang='lat' dir='ltr'>Ur-</span> 
     </span>
     <span class='ocr_line' id='line_1_56' title="bbox 1171 1443 2064 1490; baseline -0.001 -10"><span class='ocrx_word' id='word_1_367' title='bbox 1171 1445 1211 1480; x_wconf 91' lang='lat' dir='ltr'>be</span> <span class='ocrx_word' id='word_1_368' title='bbox 1222 1445 1422 1481; x_wconf 63' lang='lat' dir='ltr'>venei-aneia</span> <span class='ocrx_word' id='word_1_369' title='bbox 1431 1444 1578 1482; x_wconf 81' lang='lat' dir='ltr'>&#39;Africam</span> <span class='ocrx_word' id='word_1_370' title='bbox 1591 1470 1613 1488; x_wconf 89' lang='lat'>,-</span> <span class='ocrx_word' id='word_1_371' title='bbox 1629 1447 1788 1490; x_wconf 74' lang='lat' dir='ltr'>paraverit</span> <span class='ocrx_word' id='word_1_372' title='bbox 1796 1447 1874 1479; x_wconf 86' lang='lat' dir='ltr'>duas</span> <span class='ocrx_word' id='word_1_373' title='bbox 1890 1443 2064 1488; x_wconf 61' lang='lat' dir='ltr'>Bafilieafl&#39;,</span> 
     </span>
     <span class='ocr_line' id='line_1_57' title="bbox 1171 1496 2066 1539; baseline 0 -10"><span class='ocrx_word' id='word_1_374' title='bbox 1171 1498 1400 1531; x_wconf 47' lang='lat' dir='ltr'>nominatam&amp;</span> <span class='ocrx_word' id='word_1_375' title='bbox 1408 1496 1530 1539; x_wconf 79' lang='lat' dir='ltr'>amplas</span> <span class='ocrx_word' id='word_1_376' title='bbox 1541 1508 1559 1538; x_wconf 50' lang='lat'>,⁷</span> <span class='ocrx_word' id='word_1_377' title='bbox 1579 1496 1911 1538; x_wconf 62' lang='lat' dir='ltr'>Faust1&amp;„zvovarum</span> <span class='ocrx_word' id='word_1_378' title='bbox 1920 1521 1929 1530; x_wconf 89' lang='lat'>.</span> <span class='ocrx_word' id='word_1_379' title='bbox 1959 1496 2003 1529; x_wconf 86' lang='lat' dir='ltr'>Et</span> <span class='ocrx_word' id='word_1_380' title='bbox 2017 1496 2066 1529; x_wconf 75' lang='lat' dir='ltr'>inr</span> 
     </span>
     <span class='ocr_line' id='line_1_58' title="bbox 1170 1543 2066 1589; baseline 0 -10"><span class='ocrx_word' id='word_1_381' title='bbox 1170 1554 1220 1580; x_wconf 89' lang='lat' dir='ltr'>ter</span> <span class='ocrx_word' id='word_1_382' title='bbox 1241 1546 1630 1582; x_wconf 68' lang='lat' dir='ltr'>Divinns‘vvandalioae</span> <span class='ocrx_word' id='word_1_383' title='bbox 1648 1543 1851 1589; x_wconf 75' lang='lat' dir='ltr'>captivitatis</span> <span class='ocrx_word' id='word_1_384' title='bbox 1867 1547 2066 1589; x_wconf 68' lang='lat' dir='ltr'>praenuncia-</span> 
     </span>
     <span class='ocr_line' id='line_1_59' title="bbox 1171 1593 2068 1640; baseline -0.001 -11"><span class='ocrx_word' id='word_1_385' title='bbox 1171 1597 1416 1632; x_wconf 58' lang='lat' dir='ltr'>tionesrseferuz</span> <span class='ocrx_word' id='word_1_386' title='bbox 1443 1598 1581 1640; x_wconf 63' lang='lat' dir='ltr'>&#39;Quidam</span> <span class='ocrx_word' id='word_1_387' title='bbox 1608 1593 1763 1635; x_wconf 60' lang='lat' dir='ltr'>Presbyter</span> <span class='ocrx_word' id='word_1_388' title='bbox 1773 1595 1967 1638; x_wconf 68' lang='lat' dir='ltr'>vidxtipsam</span> <span class='ocrx_word' id='word_1_389' title='bbox 1979 1600 2068 1628; x_wconf 86' lang='lat' dir='ltr'>Fau-</span> 
     </span>
     <span class='ocr_line' id='line_1_60' title="bbox 1165 1645 2066 1689; baseline -0.001 -10"><span class='ocrx_word' id='word_1_390' title='bbox 1165 1645 1206 1686; x_wconf 73' lang='lat' dir='ltr'>sti</span> <span class='ocrx_word' id='word_1_391' title='bbox 1228 1645 1384 1688; x_wconf 78' lang='lat' dir='ltr'>Ecclefiam</span> <span class='ocrx_word' id='word_1_392' title='bbox 1397 1647 1541 1689; x_wconf 79' lang='lat' dir='ltr'>refertam</span> <span class='ocrx_word' id='word_1_393' title='bbox 1564 1646 1660 1679; x_wconf 74' lang='lat' dir='ltr'>turbis</span> <span class='ocrx_word' id='word_1_394' title='bbox 1670 1645 1934 1681; x_wconf 74' lang='lat' dir='ltr'>innumerabilibus</span> <span class='ocrx_word' id='word_1_395' title='bbox 1945 1646 2066 1688; x_wconf 82' lang='lat' dir='ltr'>Populo-</span> 
     </span>
     <span class='ocr_line' id='line_1_61' title="bbox 1172 1697 2069 1738; baseline 0 -10"><span class='ocrx_word' id='word_1_396' title='bbox 1172 1707 1255 1737; x_wconf 75' lang='lat' dir='ltr'>rum,</span> <span class='ocrx_word' id='word_1_397' title='bbox 1266 1714 1269 1718; x_wconf 92' lang='lat'>·</span> <span class='ocrx_word' id='word_1_398' title='bbox 1281 1697 1385 1738; x_wconf 62' lang='lat' dir='ltr'>&amp;post</span> <span class='ocrx_word' id='word_1_399' title='bbox 1394 1698 1551 1737; x_wconf 71' lang='lat' dir='ltr'>paululum</span> <span class='ocrx_word' id='word_1_400' title='bbox 1561 1706 1742 1730; x_wconf 62' lang='lat' dir='ltr'>evacuatam</span> <span class='ocrx_word' id='word_1_401' title='bbox 1753 1721 1764 1736; x_wconf 87' lang='lat'><strong>,</strong></span> <span class='ocrx_word' id='word_1_402' title='bbox 1790 1697 1823 1729; x_wconf 70' lang='lat'>(9¹</span> <span class='ocrx_word' id='word_1_403' title='bbox 1834 1698 1978 1738; x_wconf 77' lang='lat' dir='ltr'>repletam</span> <span class='ocrx_word' id='word_1_404' title='bbox 1996 1705 2069 1738; x_wconf 85' lang='lat' dir='ltr'>por·</span> 
     </span>
     <span class='ocr_line' id='line_1_62' title="bbox 1175 1744 2067 1793; baseline 0.001 -15"><span class='ocrx_word' id='word_1_405' title='bbox 1175 1749 1273 1779; x_wconf 70' lang='lat' dir='ltr'>cerum</span> <span class='ocrx_word' id='word_1_406' title='bbox 1287 1748 1496 1786; x_wconf 74' lang='lat' dir='ltr'>multitudine,</span> <span class='ocrx_word' id='word_1_407' title='bbox 1522 1754 1614 1788; x_wconf 87' lang='lat' dir='ltr'>atque</span> <span class='ocrx_word' id='word_1_408' title='bbox 1626 1754 1797 1788; x_wconf 83' lang='lat' dir='ltr'>caprarum.</span> <span class='ocrx_word' id='word_1_409' title='bbox 1825 1746 1929 1793; x_wconf 86' lang='lat' dir='ltr'>Qod</span> <span class='ocrx_word' id='word_1_410' title='bbox 1948 1744 2067 1789; x_wconf 69' lang='lat' dir='ltr'>nempe</span> 
     </span>
     <span class='ocr_line' id='line_1_63' title="bbox 1173 1794 2068 1839; baseline 0 -10"><span class='ocrx_word' id='word_1_411' title='bbox 1173 1794 1294 1830; x_wconf 85' lang='lat' dir='ltr'>Ariani</span> <span class='ocrx_word' id='word_1_412' title='bbox 1317 1796 1519 1839; x_wconf 82' lang='lat' dir='ltr'>VVanda1i‚</span> <span class='ocrx_word' id='word_1_413' title='bbox 1546 1795 1726 1831; x_wconf 85' lang='lat' dir='ltr'>immundis</span> <span class='ocrx_word' id='word_1_414' title='bbox 1749 1796 1856 1839; x_wconf 87' lang='lat' dir='ltr'>porcis</span> <span class='ocrx_word' id='word_1_415' title='bbox 1877 1796 2021 1838; x_wconf 87' lang='lat' dir='ltr'>&amp;capris</span> <span class='ocrx_word' id='word_1_416' title='bbox 2031 1796 2068 1828; x_wconf 88' lang='lat' dir='ltr'>si-</span> 
     </span>
     <span class='ocr_line' id='line_1_64' title="bbox 1174 1845 2069 1885; baseline 0 -6"><span class='ocrx_word' id='word_1_417' title='bbox 1174 1845 1288 1885; x_wconf 86' lang='lat' dir='ltr'>miles,</span> <span class='ocrx_word' id='word_1_418' title='bbox 1312 1847 1415 1881; x_wconf 79' lang='lat' dir='ltr'>essent</span> <span class='ocrx_word' id='word_1_419' title='bbox 1438 1846 1656 1881; x_wconf 85' lang='lat' dir='ltr'>venerandam</span> <span class='ocrx_word' id='word_1_420' title='bbox 1679 1845 2010 1880; x_wconf 83' lang='lat' dir='ltr'>Ecclesiaminvasuri</span> <span class='ocrx_word' id='word_1_421' title='bbox 2030 1857 2069 1880; x_wconf 85' lang='lat' dir='ltr'>ac</span> 
     </span>
     <span class='ocr_line' id='line_1_65' title="bbox 1175 1895 2068 1940; baseline -0.001 -11"><span class='ocrx_word' id='word_1_422' title='bbox 1175 1897 1396 1938; x_wconf 73' lang='lat' dir='ltr'>profanaturi.</span> <span class='ocrx_word' id='word_1_423' title='bbox 1425 1896 1468 1930; x_wconf 82' lang='lat' dir='ltr'>Et</span> <span class='ocrx_word' id='word_1_424' title='bbox 1480 1897 1521 1930; x_wconf 90' lang='lat' dir='ltr'>de</span> <span class='ocrx_word' id='word_1_425' title='bbox 1532 1896 1676 1938; x_wconf 81' lang='lat' dir='ltr'>quodam</span> <span class='ocrx_word' id='word_1_426' title='bbox 1700 1907 1790 1931; x_wconf 89' lang='lat' dir='ltr'>coeco</span> <span class='ocrx_word' id='word_1_427' title='bbox 1806 1895 1935 1930; x_wconf 81' lang='lat' dir='ltr'>scribit:</span> <span class='ocrx_word' id='word_1_428' title='bbox 1964 1900 2068 1940; x_wconf 79' lang='lat' dir='ltr'>Pergit</span> 
     </span>
     <span class='ocr_line' id='line_1_66' title="bbox 1174 1945 2070 1988; baseline 0.003 -11"><span class='ocrx_word' id='word_1_429' title='bbox 1174 1946 1219 1977; x_wconf 83' lang='lat' dir='ltr'>ad</span> <span class='ocrx_word' id='word_1_430' title='bbox 1228 1945 1502 1987; x_wconf 75' lang='lat' dir='ltr'>FaustiBafilicam</span> <span class='ocrx_word' id='word_1_431' title='bbox 1517 1971 1524 1977; x_wconf 96' lang='lat'>.</span> <span class='ocrx_word' id='word_1_432' title='bbox 1554 1945 1627 1980; x_wconf 92' lang='lat' dir='ltr'>Ubi</span> <span class='ocrx_word' id='word_1_433' title='bbox 1651 1946 1837 1988; x_wconf 80' lang='lat' dir='ltr'>baptizabat</span> <span class='ocrx_word' id='word_1_434' title='bbox 1858 1946 1993 1980; x_wconf 58' lang='lat' dir='ltr'>Sanetus</span> <span class='ocrx_word' id='word_1_435' title='bbox 2005 1946 2070 1980; x_wconf 88' lang='lat' dir='ltr'>Eu-</span> 
     </span>
     <span class='ocr_line' id='line_1_67' title="bbox 1175 1994 2070 2039; baseline 0.002 -11"><span class='ocrx_word' id='word_1_436' title='bbox 1175 1997 1313 2039; x_wconf 91' lang='lat' dir='ltr'>genius.</span> <span class='ocrx_word' id='word_1_437' title='bbox 1343 1995 1386 2028; x_wconf 89' lang='lat' dir='ltr'>Et</span> <span class='ocrx_word' id='word_1_438' title='bbox 1399 1994 1572 2031; x_wconf 87' lang='lat' dir='ltr'>fuitisthic</span> <span class='ocrx_word' id='word_1_439' title='bbox 1586 1995 1807 2030; x_wconf 81' lang='lat' dir='ltr'>illuminatus.</span> <span class='ocrx_word' id='word_1_440' title='bbox 1838 1995 1948 2030; x_wconf 85' lang='lat' dir='ltr'>Etiam</span> <span class='ocrx_word' id='word_1_441' title='bbox 1960 1994 2070 2030; x_wconf 85' lang='lat' dir='ltr'>scribit</span> 
     </span>
     <span class='ocr_line' id='line_1_68' title="bbox 1175 2044 2071 2088; baseline 0.003 -11"><span class='ocrx_word' id='word_1_442' title='bbox 1175 2045 1217 2077; x_wconf 93' lang='lat' dir='ltr'>de</span> <span class='ocrx_word' id='word_1_443' title='bbox 1229 2044 1450 2086; x_wconf 87' lang='lat' dir='ltr'>Elpidiphoro</span> <span class='ocrx_word' id='word_1_444' title='bbox 1464 2045 1644 2087; x_wconf 82' lang='lat' dir='ltr'>Apossata:</span> <span class='ocrx_word' id='word_1_445' title='bbox 1673 2050 1786 2079; x_wconf 83' lang='lat' dir='ltr'>Fuerat</span> <span class='ocrx_word' id='word_1_446' title='bbox 1797 2047 1883 2088; x_wconf 87' lang='lat' dir='ltr'>apud</span> <span class='ocrx_word' id='word_1_447' title='bbox 1892 2058 1945 2078; x_wconf 77' lang='lat' dir='ltr'>nor</span> <span class='ocrx_word' id='word_1_448' title='bbox 1966 2052 1998 2079; x_wconf 80' lang='lat' dir='ltr'>in</span> <span class='ocrx_word' id='word_1_449' title='bbox 2009 2049 2071 2081; x_wconf 82' lang='lat' dir='ltr'>Ec-</span> 
     </span>
     <span class='ocr_line' id='line_1_69' title="bbox 1175 2091 2111 2137; baseline 0.006 -13"><span class='ocrx_word' id='word_1_450' title='bbox 1175 2091 1257 2133; x_wconf 82' lang='lat' dir='ltr'>clefia</span> <span class='ocrx_word' id='word_1_451' title='bbox 1281 2093 1382 2133; x_wconf 71' lang='lat' dir='ltr'>Fausti</span> <span class='ocrx_word' id='word_1_452' title='bbox 1405 2094 1595 2134; x_wconf 79' lang='lat' dir='ltr'>baptizatus.</span> <span class='ocrx_word' id='word_1_453' title='bbox 1627 2095 1671 2127; x_wconf 90' lang='lat' dir='ltr'>Et</span> <span class='ocrx_word' id='word_1_454' title='bbox 1684 2095 1754 2137; x_wconf 88' lang='lat' dir='ltr'>post</span> <span class='ocrx_word' id='word_1_455' title='bbox 1767 2095 1886 2137; x_wconf 67' lang='lat' dir='ltr'>ejectos</span> <span class='ocrx_word' id='word_1_456' title='bbox 1901 2094 2071 2130; x_wconf 87' lang='lat' dir='ltr'>VVanda-</span> <span class='ocrx_word' id='word_1_457' title='bbox 2107 2117 2111 2121; x_wconf 53' lang='grc' dir='ltr'><strong><em>ν</em></strong></span> 
     </span>
     <span class='ocr_line' id='line_1_70' title="bbox 1178 2140 2072 2187; baseline 0.004 -12"><span class='ocrx_word' id='word_1_458' title='bbox 1178 2142 1228 2176; x_wconf 92' lang='lat' dir='ltr'>los</span> <span class='ocrx_word' id='word_1_459' title='bbox 1251 2140 1404 2176; x_wconf 86' lang='lat' dir='ltr'>Africani</span> <span class='ocrx_word' id='word_1_460' title='bbox 1428 2143 1582 2187; x_wconf 86' lang='lat' dir='ltr'>Episcopi</span> <span class='ocrx_word' id='word_1_461' title='bbox 1594 2144 1785 2186; x_wconf 86' lang='lat' dir='ltr'>scripserunt</span> <span class='ocrx_word' id='word_1_462' title='bbox 1795 2142 1836 2177; x_wconf 89' lang='lat' dir='ltr'>ad</span> <span class='ocrx_word' id='word_1_463' title='bbox 1854 2145 2015 2187; x_wconf 79' lang='lat' dir='ltr'>Ioannem</span> <span class='ocrx_word' id='word_1_464' title='bbox 2027 2147 2072 2179; x_wconf 85' lang='lat' dir='ltr'>se·-</span> 
     </span>
     <span class='ocr_line' id='line_1_71' title="bbox 1177 2192 2072 2237; baseline 0.003 -12"><span class='ocrx_word' id='word_1_465' title='bbox 1177 2193 1323 2226; x_wconf 90' lang='lat' dir='ltr'>cundum</span> <span class='ocrx_word' id='word_1_466' title='bbox 1344 2192 1544 2227; x_wconf 83' lang='lat' dir='ltr'>Pontificem</span> <span class='ocrx_word' id='word_1_467' title='bbox 1561 2208 1571 2226; x_wconf 90' lang='lat'><em>:</em></span> <span class='ocrx_word' id='word_1_468' title='bbox 1599 2195 1648 2226; x_wconf 74' lang='lat' dir='ltr'>Ad</span> <span class='ocrx_word' id='word_1_469' title='bbox 1668 2192 1868 2237; x_wconf 80' lang='lat' dir='ltr'>universalem</span> <span class='ocrx_word' id='word_1_470' title='bbox 1890 2200 1979 2228; x_wconf 77' lang='lat' dir='ltr'>totius</span> <span class='ocrx_word' id='word_1_471' title='bbox 1991 2194 2072 2236; x_wconf 58' lang='lat' dir='ltr'>Afri-</span> 
     </span>
     <span class='ocr_line' id='line_1_72' title="bbox 1176 2241 2070 2290; baseline 0.004 -16"><span class='ocrx_word' id='word_1_472' title='bbox 1176 2253 1219 2275; x_wconf 82' lang='lat' dir='ltr'>cae</span> <span class='ocrx_word' id='word_1_473' title='bbox 1239 2244 1381 2281; x_wconf 77' lang='lat' dir='ltr'>synodum</span> <span class='ocrx_word' id='word_1_474' title='bbox 1399 2241 1483 2283; x_wconf 82' lang='lat' dir='ltr'>fideli</span> <span class='ocrx_word' id='word_1_475' title='bbox 1493 2244 1646 2277; x_wconf 75' lang='lat' dir='ltr'>devotione</span> <span class='ocrx_word' id='word_1_476' title='bbox 1666 2250 1873 2284; x_wconf 72' lang='lat' dir='ltr'>convenimus,</span> <span class='ocrx_word' id='word_1_477' title='bbox 1903 2250 1938 2276; x_wconf 79' lang='lat' dir='ltr'>in</span> <span class='ocrx_word' id='word_1_478' title='bbox 1949 2246 2003 2278; x_wconf 80' lang='lat' dir='ltr'>illa</span> <span class='ocrx_word' id='word_1_479' title='bbox 2004 2249 2070 2290; x_wconf 83' lang='lat' dir='ltr'>Ju-</span> 
     </span>
     <span class='ocr_line' id='line_1_73' title="bbox 1171 2292 2070 2338; baseline 0.006 -15"><span class='ocrx_word' id='word_1_480' title='bbox 1171 2292 1313 2331; x_wconf 80' lang='lat' dir='ltr'>flim&#39;anae</span> <span class='ocrx_word' id='word_1_481' title='bbox 1337 2292 1536 2336; x_wconf 76' lang='lat' dir='ltr'>Carthaginis</span> <span class='ocrx_word' id='word_1_482' title='bbox 1560 2293 1690 2335; x_wconf 79' lang='lat' dir='ltr'>Basilica</span> <span class='ocrx_word' id='word_1_483' title='bbox 1710 2298 1954 2338; x_wconf 77' lang='lat' dir='ltr'>Congregationis</span> <span class='ocrx_word' id='word_1_484' title='bbox 1965 2295 2070 2335; x_wconf 81' lang='lat' dir='ltr'>nostrae</span> 
     </span>
     <span class='ocr_line' id='line_1_74' title="bbox 1174 2342 2072 2385; baseline 0.004 -12"><span class='ocrx_word' id='word_1_485' title='bbox 1174 2347 1331 2383; x_wconf 59' lang='lat' dir='ltr'>prlmieeas</span> <span class='ocrx_word' id='word_1_486' title='bbox 1354 2345 1480 2374; x_wconf 75' lang='lat' dir='ltr'>Domino</span> <span class='ocrx_word' id='word_1_487' title='bbox 1491 2342 1714 2385; x_wconf 65' lang='lat' dir='ltr'>consecrantes,</span> <span class='ocrx_word' id='word_1_488' title='bbox 1741 2345 1819 2376; x_wconf 83' lang='lat' dir='ltr'>unde</span> <span class='ocrx_word' id='word_1_489' title='bbox 1844 2347 1949 2376; x_wconf 80' lang='lat' dir='ltr'>Patres</span> <span class='ocrx_word' id='word_1_490' title='bbox 1962 2344 2072 2383; x_wconf 79' lang='lat' dir='ltr'>nostros</span> 
     </span>
     <span class='ocr_line' id='line_1_75' title="bbox 1179 2393 2073 2436; baseline 0.006 -14"><span class='ocrx_word' id='word_1_491' title='bbox 1179 2394 1332 2430; x_wconf 76' lang='lat' dir='ltr'>Tyrannus</span> <span class='ocrx_word' id='word_1_492' title='bbox 1344 2397 1531 2426; x_wconf 77' lang='lat' dir='ltr'>Hunnericus</span> <span class='ocrx_word' id='word_1_493' title='bbox 1542 2395 1715 2434; x_wconf 81' lang='lat' dir='ltr'>expulerat.</span> <span class='ocrx_word' id='word_1_494' title='bbox 1744 2397 1813 2427; x_wconf 80' lang='lat' dir='ltr'>Haec</span> <span class='ocrx_word' id='word_1_495' title='bbox 1825 2393 1952 2436; x_wconf 76' lang='lat' dir='ltr'>Bafilica</span> <span class='ocrx_word' id='word_1_496' title='bbox 1964 2394 2073 2435; x_wconf 73' lang='lat' dir='ltr'>Fausti</span> 
     </span>
     <span class='ocr_line' id='line_1_76' title="bbox 1179 2442 2073 2486; baseline 0.003 -13"><span class='ocrx_word' id='word_1_497' title='bbox 1179 2443 1265 2483; x_wconf 85' lang='lat' dir='ltr'>apud</span> <span class='ocrx_word' id='word_1_498' title='bbox 1283 2453 1336 2474; x_wconf 79' lang='lat' dir='ltr'>nos</span> <span class='ocrx_word' id='word_1_499' title='bbox 1360 2443 1490 2481; x_wconf 78' lang='lat' dir='ltr'>dieitur,</span> <span class='ocrx_word' id='word_1_500' title='bbox 1516 2443 1619 2474; x_wconf 80' lang='lat' dir='ltr'>multis</span> <span class='ocrx_word' id='word_1_501' title='bbox 1647 2446 1811 2480; x_wconf 82' lang='lat' dir='ltr'>Martyrum</span> <span class='ocrx_word' id='word_1_502' title='bbox 1825 2445 1991 2484; x_wconf 72' lang='lat' dir='ltr'>corporibus</span> <span class='ocrx_word' id='word_1_503' title='bbox 2008 2442 2073 2486; x_wconf 78' lang='lat' dir='ltr'>infi-</span> 
     </span>
     <span class='ocr_line' id='line_1_77' title="bbox 1175 2492 2072 2537; baseline 0.004 -15"><span class='ocrx_word' id='word_1_504' title='bbox 1175 2498 1264 2534; x_wconf 79' lang='lat' dir='ltr'>gm&#39;ta</span> <span class='ocrx_word' id='word_1_505' title='bbox 1286 2501 1409 2532; x_wconf 87' lang='lat' dir='ltr'>quorum</span> <span class='ocrx_word' id='word_1_506' title='bbox 1432 2494 1514 2537; x_wconf 53' lang='lat' dir='ltr'>Deus</span> <span class='ocrx_word' id='word_1_507' title='bbox 1537 2492 1698 2524; x_wconf 71' lang='lat' dir='ltr'>exaudivit</span> <span class='ocrx_word' id='word_1_508' title='bbox 1724 2498 1870 2524; x_wconf 81' lang='lat' dir='ltr'>orationes</span> <span class='ocrx_word' id='word_1_509' title='bbox 1895 2516 1906 2531; x_wconf 92' lang='lat'>‚</span> <span class='ocrx_word' id='word_1_510' title='bbox 1931 2502 1964 2525; x_wconf 86' lang='lat' dir='ltr'>ut</span> <span class='ocrx_word' id='word_1_511' title='bbox 1984 2494 2072 2526; x_wconf 79' lang='lat' dir='ltr'>daret</span> 
     </span>
     <span class='ocr_line' id='line_1_78' title="bbox 1180 2541 2073 2583; baseline 0.004 -11"><span class='ocrx_word' id='word_1_512' title='bbox 1180 2543 1270 2581; x_wconf 72' lang='lat' dir='ltr'>huius</span> <span class='ocrx_word' id='word_1_513' title='bbox 1290 2546 1335 2573; x_wconf 73' lang='lat' dir='ltr'>rei</span> <span class='ocrx_word' id='word_1_514' title='bbox 1353 2541 1496 2583; x_wconf 84' lang='lat' dir='ltr'>fiduciam</span> <span class='ocrx_word' id='word_1_515' title='bbox 1514 2541 1720 2574; x_wconf 70' lang='lat' dir='ltr'>sacerdotibus</span> <span class='ocrx_word' id='word_1_516' title='bbox 1742 2565 1749 2572; x_wconf 90' lang='lat'><strong>.</strong></span> <span class='ocrx_word' id='word_1_517' title='bbox 1774 2541 1916 2575; x_wconf 89' lang='lat' dir='ltr'>Addunt</span> <span class='ocrx_word' id='word_1_518' title='bbox 1937 2541 2073 2576; x_wconf 73' lang='lat' dir='ltr'>adfuisse</span> 
     </span>
     <span class='ocr_line' id='line_1_79' title="bbox 1180 2590 2074 2634; baseline 0.004 -11"><span class='ocrx_word' id='word_1_519' title='bbox 1180 2591 1343 2624; x_wconf 83' lang='lat' dir='ltr'>ducentos</span> <span class='ocrx_word' id='word_1_520' title='bbox 1365 2590 1592 2633; x_wconf 86' lang='lat' dir='ltr'>septemdecim</span> <span class='ocrx_word' id='word_1_521' title='bbox 1617 2591 1816 2634; x_wconf 80' lang='lat' dir='ltr'>Episcopos.</span> <span class='ocrx_word' id='word_1_522' title='bbox 1844 2591 1987 2626; x_wconf 89' lang='lat' dir='ltr'>Proinde</span> <span class='ocrx_word' id='word_1_523' title='bbox 2004 2603 2074 2627; x_wconf 85' lang='lat' dir='ltr'>erat</span> 
     </span>
     <span class='ocr_line' id='line_1_80' title="bbox 1181 2640 2075 2683; baseline 0.003 -9"><span class='ocrx_word' id='word_1_524' title='bbox 1181 2641 1388 2675; x_wconf 88' lang='lat' dir='ltr'>celeberrima</span> <span class='ocrx_word' id='word_1_525' title='bbox 1411 2641 1564 2674; x_wconf 77' lang='lat' dir='ltr'>Basilica.</span> <span class='ocrx_word' id='word_1_526' title='bbox 1594 2640 1706 2683; x_wconf 84' lang='lat' dir='ltr'>Aliqui</span> <span class='ocrx_word' id='word_1_527' title='bbox 1729 2641 1866 2676; x_wconf 88' lang='lat' dir='ltr'>credunt</span> <span class='ocrx_word' id='word_1_528' title='bbox 1891 2642 1984 2675; x_wconf 70' lang='lat' dir='ltr'>fuisse</span> <span class='ocrx_word' id='word_1_529' title='bbox 2010 2642 2075 2677; x_wconf 86' lang='lat' dir='ltr'>Ca-</span> 
     </span>
     <span class='ocr_line' id='line_1_81' title="bbox 1182 2689 2073 2735; baseline 0.002 -11"><span class='ocrx_word' id='word_1_530' title='bbox 1182 2689 1362 2724; x_wconf 89' lang='lat' dir='ltr'>thedralem</span> <span class='ocrx_word' id='word_1_531' title='bbox 1383 2716 1390 2723; x_wconf 92' lang='lat'><strong>.</strong></span> <span class='ocrx_word' id='word_1_532' title='bbox 1420 2691 1554 2724; x_wconf 82' lang='lat' dir='ltr'>Etenim</span> <span class='ocrx_word' id='word_1_533' title='bbox 1582 2691 1666 2733; x_wconf 81' lang='lat' dir='ltr'>apud</span> <span class='ocrx_word' id='word_1_534' title='bbox 1694 2691 1793 2734; x_wconf 82' lang='lat' dir='ltr'>ipsam</span> <span class='ocrx_word' id='word_1_535' title='bbox 1818 2702 1885 2725; x_wconf 89' lang='lat' dir='ltr'>erat</span> <span class='ocrx_word' id='word_1_536' title='bbox 1915 2691 2073 2735; x_wconf 86' lang='lat' dir='ltr'>Baptiste·</span> 
     </span>
     <span class='ocr_line' id='line_1_82' title="bbox 1182 2740 2072 2784; baseline 0.003 -10"><span class='ocrx_word' id='word_1_537' title='bbox 1182 2741 1284 2774; x_wconf 86' lang='lat' dir='ltr'>rium.</span> <span class='ocrx_word' id='word_1_538' title='bbox 1346 2740 1413 2773; x_wconf 84' lang='lat' dir='ltr'>uod</span> <span class='ocrx_word' id='word_1_539' title='bbox 1427 2741 1508 2774; x_wconf 86' lang='lat' dir='ltr'>olim</span> <span class='ocrx_word' id='word_1_540' title='bbox 1525 2741 1557 2774; x_wconf 85' lang='lat' dir='ltr'>in</span> <span class='ocrx_word' id='word_1_541' title='bbox 1575 2742 1688 2784; x_wconf 79' lang='lat' dir='ltr'>quavis</span> <span class='ocrx_word' id='word_1_542' title='bbox 1708 2741 1840 2775; x_wconf 74' lang='lat' dir='ltr'>civitate</span> <span class='ocrx_word' id='word_1_543' title='bbox 1865 2741 2001 2776; x_wconf 88' lang='lat' dir='ltr'>unicum</span> <span class='ocrx_word' id='word_1_544' title='bbox 2022 2743 2072 2777; x_wconf 78' lang='lat' dir='ltr'>vi.-</span> 
     </span>
     <span class='ocr_line' id='line_1_83' title="bbox 1182 2790 2069 2834; baseline 0.001 -10"><span class='ocrx_word' id='word_1_545' title='bbox 1182 2791 1277 2825; x_wconf 84' lang='lat' dir='ltr'>detur</span> <span class='ocrx_word' id='word_1_546' title='bbox 1299 2790 1391 2824; x_wconf 73' lang='lat' dir='ltr'>fuisse</span> <span class='ocrx_word' id='word_1_547' title='bbox 1411 2790 1495 2833; x_wconf 85' lang='lat' dir='ltr'>apud</span> <span class='ocrx_word' id='word_1_548' title='bbox 1522 2791 1622 2824; x_wconf 86' lang='lat' dir='ltr'>solam</span> <span class='ocrx_word' id='word_1_549' title='bbox 1642 2791 1854 2834; x_wconf 87' lang='lat' dir='ltr'>principalem</span> <span class='ocrx_word' id='word_1_550' title='bbox 1868 2791 2041 2826; x_wconf 79' lang='lat' dir='ltr'>Ecclesiam</span> <span class='ocrx_word' id='word_1_551' title='bbox 2058 2817 2069 2826; x_wconf 92' lang='lat'><strong>.</strong></span> 
     </span>
     <span class='ocr_line' id='line_1_84' title="bbox 1182 2839 2069 2885; baseline 0.002 -12"><span class='ocrx_word' id='word_1_552' title='bbox 1182 2841 1263 2875; x_wconf 87' lang='lat' dir='ltr'>Item</span> <span class='ocrx_word' id='word_1_553' title='bbox 1276 2841 1491 2875; x_wconf 82' lang='lat' dir='ltr'>Hunnericus</span> <span class='ocrx_word' id='word_1_554' title='bbox 1505 2840 1578 2874; x_wconf 77' lang='lat' dir='ltr'>Rex</span> <span class='ocrx_word' id='word_1_555' title='bbox 1605 2839 1731 2874; x_wconf 82' lang='lat' dir='ltr'>videtur</span> <span class='ocrx_word' id='word_1_556' title='bbox 1748 2841 1929 2885; x_wconf 85' lang='lat' dir='ltr'>Episcopos</span> <span class='ocrx_word' id='word_1_557' title='bbox 1941 2844 2069 2876; x_wconf 83' lang='lat' dir='ltr'>nostros</span> 
     </span>
     <span class='ocr_line' id='line_1_85' title="bbox 1182 2890 2069 2933; baseline 0 -9"><span class='ocrx_word' id='word_1_558' title='bbox 1182 2891 1305 2933; x_wconf 73' lang='lat' dir='ltr'>ejecisse</span> <span class='ocrx_word' id='word_1_559' title='bbox 1331 2901 1370 2923; x_wconf 82' lang='lat' dir='ltr'>ex</span> <span class='ocrx_word' id='word_1_560' title='bbox 1385 2890 1576 2924; x_wconf 85' lang='lat' dir='ltr'>Cathedrali</span> <span class='ocrx_word' id='word_1_561' title='bbox 1604 2891 1737 2923; x_wconf 81' lang='lat' dir='ltr'>Bafilica</span> <span class='ocrx_word' id='word_1_562' title='bbox 1759 2915 1769 2930; x_wconf 87' lang='lat'>‚</span> <span class='ocrx_word' id='word_1_563' title='bbox 1797 2891 1830 2924; x_wconf 87' lang='lat'>&amp;</span> <span class='ocrx_word' id='word_1_564' title='bbox 1857 2892 1956 2933; x_wconf 87' lang='lat' dir='ltr'>ipsam</span> <span class='ocrx_word' id='word_1_565' title='bbox 1985 2902 2069 2925; x_wconf 82' lang='lat' dir='ltr'>tran-</span> 
     </span>
     <span class='ocr_line' id='line_1_86' title="bbox 1182 2940 2069 2983; baseline 0.001 -9"><span class='ocrx_word' id='word_1_566' title='bbox 1182 2941 1330 2983; x_wconf 68' lang='lat' dir='ltr'>scripsisse</span> <span class='ocrx_word' id='word_1_567' title='bbox 1357 2941 1393 2974; x_wconf 89' lang='lat' dir='ltr'>in</span> <span class='ocrx_word' id='word_1_568' title='bbox 1421 2942 1495 2975; x_wconf 89' lang='lat' dir='ltr'>suos</span> <span class='ocrx_word' id='word_1_569' title='bbox 1522 2940 1682 2974; x_wconf 83' lang='lat' dir='ltr'>Arianos.</span> <span class='ocrx_word' id='word_1_570' title='bbox 1714 2941 1762 2973; x_wconf 91' lang='lat' dir='ltr'>At</span> <span class='ocrx_word' id='word_1_571' title='bbox 1789 2952 1914 2974; x_wconf 85' lang='lat' dir='ltr'>certum</span> <span class='ocrx_word' id='word_1_572' title='bbox 1939 2941 1984 2974; x_wconf 85' lang='lat' dir='ltr'>est</span> <span class='ocrx_word' id='word_1_573' title='bbox 1997 2952 2069 2976; x_wconf 85' lang='lat' dir='ltr'>non</span> 
     </span>
     <span class='ocr_line' id='line_1_87' title="bbox 1182 2989 2067 3034; baseline -0.002 -9"><span class='ocrx_word' id='word_1_574' title='bbox 1182 2992 1292 3025; x_wconf 76' lang='lat' dir='ltr'>fuisse.</span> <span class='ocrx_word' id='word_1_575' title='bbox 1322 2989 1529 3024; x_wconf 76' lang='lat' dir='ltr'>cathedralis</span> <span class='ocrx_word' id='word_1_576' title='bbox 1544 2991 1683 3024; x_wconf 84' lang='lat' dir='ltr'>Ecclesia</span> <span class='ocrx_word' id='word_1_577' title='bbox 1696 3001 1762 3023; x_wconf 84' lang='lat' dir='ltr'>erat</span> <span class='ocrx_word' id='word_1_578' title='bbox 1774 2992 1960 3034; x_wconf 72' lang='lat' dir='ltr'>Sanstarum</span> <span class='ocrx_word' id='word_1_579' title='bbox 1983 2991 2067 3025; x_wconf 65' lang='lat' dir='ltr'>Feli-</span> 
     </span>
     <span class='ocr_line' id='line_1_88' title="bbox 1182 3040 2065 3085; baseline 0.002 -12"><span class='ocrx_word' id='word_1_580' title='bbox 1182 3042 1287 3074; x_wconf 81' lang='lat' dir='ltr'>citatis</span> <span class='ocrx_word' id='word_1_581' title='bbox 1314 3052 1350 3073; x_wconf 85' lang='lat' dir='ltr'>ac</span> <span class='ocrx_word' id='word_1_582' title='bbox 1361 3040 1544 3084; x_wconf 72' lang='lat' dir='ltr'>Perpetuae.</span> <span class='ocrx_word' id='word_1_583' title='bbox 1573 3040 1653 3085; x_wconf 76' lang='lat' dir='ltr'>Qae</span> <span class='ocrx_word' id='word_1_584' title='bbox 1664 3040 1833 3084; x_wconf 75' lang='lat' dir='ltr'>postquam</span> <span class='ocrx_word' id='word_1_585' title='bbox 1849 3040 1866 3073; x_wconf 73' lang='lat' dir='ltr'>a</span> <span class='ocrx_word' id='word_1_586' title='bbox 1880 3040 2065 3075; x_wconf 84' lang='lat' dir='ltr'>Donatistis</span> 
     </span>
     <span class='ocr_line' id='line_1_89' title="bbox 1182 3089 2065 3133; baseline -0.002 -8"><span class='ocrx_word' id='word_1_587' title='bbox 1182 3092 1275 3125; x_wconf 88' lang='lat' dir='ltr'>rediit</span> <span class='ocrx_word' id='word_1_588' title='bbox 1287 3091 1326 3123; x_wconf 90' lang='lat' dir='ltr'>ad</span> <span class='ocrx_word' id='word_1_589' title='bbox 1340 3089 1534 3124; x_wconf 83' lang='lat' dir='ltr'>Catholicos</span> <span class='ocrx_word' id='word_1_590' title='bbox 1548 3114 1558 3129; x_wconf 91' lang='lat'>‚</span> <span class='ocrx_word' id='word_1_591' title='bbox 1584 3091 1651 3123; x_wconf 87' lang='lat' dir='ltr'>dici</span> <span class='ocrx_word' id='word_1_592' title='bbox 1666 3092 1764 3133; x_wconf 86' lang='lat' dir='ltr'>coepit</span> <span class='ocrx_word' id='word_1_593' title='bbox 1786 3089 1935 3131; x_wconf 83' lang='lat' dir='ltr'>Restituta</span> <span class='ocrx_word' id='word_1_594' title='bbox 1951 3115 1957 3123; x_wconf 89' lang='lat'><strong>.</strong></span> <span class='ocrx_word' id='word_1_595' title='bbox 1983 3091 2065 3124; x_wconf 87' lang='lat' dir='ltr'>Fau-</span> 
     </span>
     <span class='ocr_line' id='line_1_90' title="bbox 1184 3138 2062 3190; baseline -0.001 -15"><span class='ocrx_word' id='word_1_596' title='bbox 1184 3140 1336 3181; x_wconf 87' lang='lat' dir='ltr'>stusille‚</span> <span class='ocrx_word' id='word_1_597' title='bbox 1362 3141 1380 3174; x_wconf 76' lang='grc' dir='ltr'>ὲ</span> <span class='ocrx_word' id='word_1_598' title='bbox 1402 3152 1470 3190; x_wconf 80' lang='lat' dir='ltr'>quo</span> <span class='ocrx_word' id='word_1_599' title='bbox 1495 3138 1604 3173; x_wconf 89' lang='lat' dir='ltr'>Fausti</span> <span class='ocrx_word' id='word_1_600' title='bbox 1631 3139 1788 3180; x_wconf 72' lang='lat' dir='ltr'>Basilica,</span> <span class='ocrx_word' id='word_1_601' title='bbox 1814 3140 1942 3174; x_wconf 87' lang='lat' dir='ltr'>videtur</span> <span class='ocrx_word' id='word_1_602' title='bbox 1967 3141 2062 3174; x_wconf 75' lang='lat' dir='ltr'>fuisse</span> 
     </span>
     <span class='ocr_line' id='line_1_91' title="bbox 1184 3189 2061 3234; baseline -0.001 -10"><span class='ocrx_word' id='word_1_603' title='bbox 1184 3203 1251 3225; x_wconf 89' lang='lat' dir='ltr'>non</span> <span class='ocrx_word' id='word_1_604' title='bbox 1277 3191 1409 3225; x_wconf 62' lang='lat' dir='ltr'>Sandius</span> <span class='ocrx_word' id='word_1_605' title='bbox 1437 3190 1585 3224; x_wconf 69' lang='lat' dir='ltr'>Ecclesiae</span> <span class='ocrx_word' id='word_1_606' title='bbox 1610 3189 1794 3231; x_wconf 85' lang='lat' dir='ltr'>Patronus,</span> <span class='ocrx_word' id='word_1_607' title='bbox 1824 3189 1876 3224; x_wconf 92' lang='lat' dir='ltr'>sed</span> <span class='ocrx_word' id='word_1_608' title='bbox 1896 3194 1966 3234; x_wconf 86' lang='lat' dir='ltr'>pius</span> <span class='ocrx_word' id='word_1_609' title='bbox 1991 3191 2061 3233; x_wconf 89' lang='lat' dir='ltr'>ejus</span> 
     </span>
    </p>
   </div>
   <div class='ocr_carea' id='block_1_11' title="bbox 1174 3240 2060 3286">
    <p class='ocr_par' dir='ltr' id='par_1_16' title="bbox 1174 3240 2060 3286">
     <span class='ocr_line' id='line_1_92' title="bbox 1174 3240 2060 3286; baseline -0.006 -10"><span class='ocrx_word' id='word_1_610' title='bbox 1174 3243 1335 3276; x_wconf 75' lang='lat' dir='ltr'>extrustor</span> <span class='ocrx_word' id='word_1_611' title='bbox 1360 3241 1392 3275; x_wconf 85' lang='lat'>&amp;</span> <span class='ocrx_word' id='word_1_612' title='bbox 1406 3240 1578 3275; x_wconf 81' lang='lat' dir='ltr'>fundator.</span> <span class='ocrx_word' id='word_1_613' title='bbox 1605 3241 1728 3284; x_wconf 81' lang='lat' dir='ltr'>Ignoro</span> <span class='ocrx_word' id='word_1_614' title='bbox 1752 3251 1857 3275; x_wconf 88' lang='lat' dir='ltr'>veram</span> <span class='ocrx_word' id='word_1_615' title='bbox 1872 3242 2034 3286; x_wconf 83' lang='lat' dir='ltr'>originem</span> <span class='ocrx_word' id='word_1_616' title='bbox 2053 3264 2060 3271; x_wconf 93' lang='lat'><strong>.</strong></span> 
     </span>
    </p>
   </div>
   <div class='ocr_carea' id='block_1_12' title="bbox 1972 3441 2052 3462">
    <p class='ocr_par' dir='ltr' id='par_1_17' title="bbox 1972 3441 2052 3462">
     <span class='ocr_line' id='line_1_93' title="bbox 1972 3441 2052 3462; baseline 0 0"><span class='ocrx_word' id='word_1_617' title='bbox 1972 3448 1973 3451; x_wconf 59' lang='lat'>¹</span> <span class='ocrx_word' id='word_1_618' title='bbox 2039 3441 2052 3462; x_wconf 60' lang='grc' dir='ltr'><strong><em>ἱ</em></strong></span> 
     </span>
    </p>
   </div>
   <div class='ocr_carea' id='block_1_13' title="bbox 1911 3485 2013 3521">
    <p class='ocr_par' dir='ltr' id='par_1_18' title="bbox 1911 3485 2013 3521">
     <span class='ocr_line' id='line_1_94' title="bbox 1911 3485 2013 3521; baseline 0.01 -1"><span class='ocrx_word' id='word_1_619' title='bbox 1911 3485 2013 3521; x_wconf 89' lang='lat' dir='ltr'>CA-</span> 
     </span>
    </p>
   </div>
  </div>
 </body>
</html>
