2326 3718
92 2074 155 2107 Lib.
181 2084 208 2104 2:

95 2118 168 2153 cap.
188 2123 230 2148 17.

96 2270 132 2299 A.
145 2270 208 2302 824.

106 2775 164 2806 Lib.
191 2787 215 2807 1.

102 2815 188 2853 Epist.
208 2827 251 2852 40.

104 3197 165 3227 Lib·
186 3206 212 3231 7.

101 3235 195 3275 Judic·
214 3246 240 3263 2·

103 3274 191 3314 Epist.
214 3278 240 3304 8.

708 99 985 147 Romms
1020 88 1613 143 APPELLAnoNinus.

261 186 330 223 h'aec
351 185 482 220 AEonio
502 183 675 227 rescripsit:
703 188 754 216 Ne
769 181 863 223 facile
888 183 1011 214 alterius
1034 184 1134 222 partis

262 236 396 281 absentta
402 236 646 277 praejudicialiter
660 234 816 266 videamur
828 232 930 272 aliqua
954 229 1107 272 decre-'mse
1120 252 1132 268 ‚

261 287 303 319 el
317 291 411 329 magis
421 286 560 319 duximus
584 284 782 324 ordinandum
795 303 806 319 ‚
832 291 864 314 ut
877 284 1069 315 Fratermtas
1086 288 1136 311 rua

259 341 431 378 competente
451 343 576 377 tempore
596 336 635 368 de
645 331 834 373 Ecclesiastico
845 333 944 364 ordine
965 329 1135 369 instrue‘lum

261 395 320 419 non
346 394 471 419 moretur
492 386 528 419 de
548 389 626 417 omni
650 381 737 424 causa
762 383 905 424 dirigere,
931 385 982 423 qul
993 381 1077 420 apud
1085 390 1137 411 nos

260 441 354 470 totius
364 442 523 469 veritatem
532 432 625 477 causae
638 441 832 474 competenter
845 433 946 475 alleget
957 452 968 468 ,
992 428 1137 470 quatenus

260 487 451 527 permeatis
467 484 598 518 omnibus
607 507 618 523 ,
647 483 727 524 quod
729 481 918 521 statuendum
928 479 966 520 est
977 502 988 518 ‚
1007 476 1065 521 sub
1085 479 1138 509 de·-

260 534 444 569 liberationis
457 535 551 567 robore
561 532 712 576 sanciatur
724 556 731 563 .
759 533 840 565 1llud
846 536 936 565 etiam
946 528 1136 561 Dilec‘lionem

260 593 347 619 tuam
362 584 464 626 facere
493 583 597 617 debere
603 587 794 624 praecipimus
805 606 816 622 ‚
840 591 872 614 ut
885 584 1027 614 Fratrem
1039 579 1073 611 Θ
1085 581 1136 608 Co-

260 637 440 681 Episcopum
461 633 589 674 nostrum
608 632 774 673 Viennensis
785 632 867 666 urbis
882 627 1046 668 Antistitem
1059 626 1136 669 miffo

261 682 573 727 Nuntiossscriptura
584 691 776 720 commoneat,
790 682 791 685 ’
803 687 836 714 ut
857 685 884 712 is
909 690 1021 721 quoque
1039 676 1135 716 constt-

259 742 334 770 tutts
361 734 464 768 diebus
482 732 626 767 bominem
641 737 798 774 proprium
813 731 925 772 dirigat
938 753 949 769 ‚
977 732 1026 770 qui
1031 731 1132 769 partis

259 788 324 829 ejus
334 786 522 830 allegationes
534 790 724 824 competenter
731 779 856 821 insinuet
870 803 882 819 ,
906 788 940 811 ut
953 779 1134 820 depromptis

259 836 302 870 ab
310 844 439 878 utraque
456 842 546 876 parte
564 831 793 877 suggestionibus
806 854 818 869 ,
842 839 908 870 quae
922 834 1136 870 inperpetuum

256 885 414 929 servanda
428 882 503 927 sunt
522 907 534 923 ,
553 882 685 925 securius
706 879 904 922 dtsponamur
921 903 930 910 .
957 878 1044 911 Ecce
1066 886 1135 910 non

261 936 433 971 dumtaxat
443 933 483 967 ad
493 929 762 964 Retraetatorium
773 927 934 971 appellate
944 928 1038 968 cause²
1050 925 1135 969 Judi-

260 986 350 1018 cium
360 1006 372 1022 ,
389 980 444 1014 sed
455 980 553 1014 etiam
563 978 604 1013 ad
618 979 756 1021 primam
771 977 964 1011 Instantiam
977 975 1135 1010 Pontifex

258 1041 433 1075 utrumque
453 1029 663 1063 Gallicanum
681 1027 934 1071 Metropolitam
946 1049 958 1065 ,
982 1036 1039 1060 aut
1052 1024 1137 1060 certe

258 1082 403 1126 ipsorum
423 1078 575 1114 Vicarios
598 1077 933 1118 evocabatRomam,
959 1076 1138 1119 atqueillic

258 1129 453 1167 discutiebat
469 1130 597 1164 causam
608 1154 618 1170 ,
643 1139 682 1162 ac
693 1127 869 1163 definiebat
886 1151 894 1159 .
924 1126 967 1160 Et
978 1126 1068 1170 quod
1085 1136 1138 1159 ne-

257 1193 317 1217 mo
326 1180 406 1216 tunc
428 1179 634 1215 intercesserit
657 1178 846 1213 Gallicanus
863 1177 1042 1221 Episcopus
1055 1200 1065 1216 ,
1092 1176 1142 1209 lu·

258 1242 312 1267 cet
322 1243 364 1267 ex
376 1230 518 1275 superius
530 1230 666 1264 addusta
678 1229 784 1264 Sancti
796 1227 890 1262 Aviti
903 1227 944 1261 ad
964 1227 1148 1261 Romanos,

260 1282 431 1317 Senatores
453 1279 609 1324 epistola.
638 1280 771 1314 Sanetus
792 1288 933 1321 namque
947 1275 1066 1311 Avitus
1076 1276 1139 1310 fuit

260 1330 422 1375 Hesychii
432 1330 597 1364 Successor
606 1329 640 1362 δε
650 1329 738 1362 filius
750 1353 762 1370 ,
785 1326 924 1372 ideoque
934 1327 1047 1362 omnia
1067 1327 1143 1361 scri-

259 1382 324 1426 psit
345 1392 386 1416 ex
407 1379 512 1415 Patris
532 1379 582 1414 sui
602 1379 694 1414 sensu
707 1402 716 1412 .
742 1378 838 1414 Plura
862 1380 936 1412 sunt
959 1375 1139 1411 istiusmodi

261 1431 437 1466 Gallicana
448 1430 600 1474 exempla
608 1456 616 1463 .

313 1480 457 1517 Proinde
464 1491 587 1516 certum
598 1480 644 1514 est
655 1504 666 1521 ,
691 1477 781 1525 quod
792 1477 906 1520 injesta
925 1489 979 1521 per
990 1476 1141 1512 barbaros

262 1530 374 1574 Reges
393 1531 560 1564 calamitas
579 1529 711 1569 coeperit
733 1526 818 1558 hanc
831 1526 1060 1566 Apostolicam
1080 1528 1143 1557 for·

261 1589 353 1613 mam
364 1587 491 1611 mutare
502 1602 509 1609 .
537 1577 631 1609 Hinc
641 1576 860 1609 mutationem
871 1570 987 1606 merit&
1007 1572 1143 1614 proscri-

260 1625 324 1669 psit
335 1648 346 1664 ,
373 1624 408 1657 &
417 1622 523 1656 avitos
536 1622 691 1655 canones
701 1621 830 1654 reduxit
841 1621 1019 1662 Imperator
1033 1620 1142 1654 Caro-

260 1675 314 1710 lus
323 1672 469 1718 Magnus
479 1697 486 1703 .
517 1670 610 1718 Qin
623 1671 658 1705 δε
668 1669 743 1704 ante
752 1669 926 1712 Imperium
938 1693 950 1709 ‚
976 1668 1057 1702 dum
1068 1669 1142 1702 Til-

261 1725 379 1769 pinum
391 1721 537 1758 admovit
549 1720 725 1755 Rhemenfi
735 1719 882 1754 Throno
892 1743 903 1760 ,
922 1718 1014 1752 istius
1026 1719 1142 1752 Eccle-

260 1775 314 1808 fiae
323 1772 516 1817 privilegia,
546 1771 581 1805 in
592 1772 711 1806 Sansto
721 1769 905 1815 Rigoberto
916 1780 972 1812 per
984 1767 1141 1803 Carolum

261 1823 455 1858 Mattellum
467 1823 607 1868 graviter
618 1822 710 1861 laesa,
737 1821 861 1854 curavit
883 1830 938 1863 per
957 1818 1142 1853 Adrianum

260 1874 406 1919 primum
418 1872 618 1908 Pontificem
631 1871 784 1905 innovari
793 1870 826 1904 &
837 1868 1040 1904 confirmari:
1053 1869 1142 1902 Inter

261 1922 410 1968 quae‘erat
422 1948 433 1965 ‚
460 1923 549 1967 quod
563 1921 755 1956 Rhemenfis
769 1917 1066 1962 Archi—Episcopus
1089 1929 1143 1962 per

261 1974 391 2009 nullum
403 1998 414 2015 ,
441 1973 500 2008 nisi
514 1984 569 2018 per
587 1973 690 2016 ipsum
710 1971 904 2007 Romanum
915 1970 1114 2003 Pontificem
1133 1992 1143 2008 ‚

263 2026 367 2068 posset
378 2023 512 2068 judicari
522 2051 529 2057 .
543 2022 758 2057 Pontificium
772 2021 816 2054 Di
821 2022 931 2065 ploma
943 2020 1046 2054 exstat
1058 2018 1143 2062 apud

263 2074 488 2109 Flodoardum
500 2075 533 2107 in
545 2072 678 2108 historia
691 2070 885 2105 Rhemensis
899 2069 1047 2104 Ecclefiae
1060 2094 1066 2101 .
1093 2067 1145 2102 sic

266 2124 379 2159 Caroli
391 2124 554 2157 Succeffor
568 2123 602 2155 &
616 2122 702 2154 filius
720 2120 910 2154 Ludovicus
929 2119 1006 2153 Pius
1024 2120 1146 2152 Fortu-

266 2184 380 2208 natum
394 2172 596 2207 Gradensem
606 2170 920 2214 Archi-Episcopum
934 2193 944 2209 ,
973 2170 1049 2202 licet
1068 2168 1146 2200 laesae

265 2222 448 2265 Maiestatis
467 2233 556 2256 reum
567 2247 577 2262 ‚
607 2221 751 2254 Romam
766 2220 880 2253 milita
904 2220 990 2262 Papa
1001 2218 1147 2261 Jndican-

266 2274 345 2308 dum
357 2298 364 2305 .
391 2272 440 2306 Ita
457 2270 556 2305 habes
566 2271 654 2314 apud
679 2269 826 2303 Annales
851 2268 1023 2313 Eginardi.
1053 2267 1147 2300 Hinc

265 2325 300 2358 ὅ(
310 2322 611 2357 Theonis-Villam
624 2320 779 2364 Synodus
790 2318 962 2353 Ebbonem
984 2316 1148 2351 Rhemen-

266 2375 331 2407 sem
344 2371 658 2415 Archi-Episcopum
670 2395 682 2411 ‚
703 2368 792 2412 quod
804 2381 873 2404 non
886 2369 944 2402 nifi
959 2378 1012 2411 per
1025 2366 1148 2410 Papam

267 2433 324 2457 aut
335 2423 403 2465 ejus
414 2422 562 2456 Vicarios
573 2422 708 2464 judicari
732 2420 833 2464 poster
847 2443 858 2458 ‚
885 2417 1014 2451 induxit
1036 2416 1077 2450 ad
1095 2427 1150 2450 ce-

269 2575 339 2606 &us
349 2569 500 2604 Thomas
512 2594 524 2610 ,
549 2569 790 2604 Cantuarienfis
806 2567 1102 2610 Archi-Episcopus
1118 2567 1150 2599 &

269 2621 400 2663 Martyr
413 2646 423 2662 ,
449 2620 528 2654 dum
540 2620 557 2653 a
566 2621 629 2655 suis
639 2618 852 2662 suffraganeis
864 2618 898 2651 ὅ(
910 2616 1022 2661 Regni
1036 2616 1151 2649 Proce-

270 2671 358 2705 ribus
370 2669 574 2705 damnaretur
588 2694 598 2710 ‚
624 2669 838 2714 proclamavit
849 2667 1002 2702 adversus
1028 2667 1151 2699 Atten-

271 2731 376 2755 tatum
399 2746 411 2762 ,
438 2721 624 2755 contestans
649 2721 711 2754 effe
738 2718 920 2752 inauditam
956 2715 1126 2750 audaciam
1143 2741 1150 2747 .

271 2770 386 2805 Exstat
410 2770 592 2805 Alexandri
615 2770 670 2803 111.
692 2768 860 2803 Pontificis
868 2768 907 2802 ad
921 2767 1020 2801 istum
1034 2764 1149 2800 Athle-

269 2831 337 2856 tam
350 2821 506 2864 epistola,
533 2832 595 2864 qua
608 2819 794 2854 constanter
803 2820 939 2853 affirmat
965 2817 1049 2850 istud
1068 2815 1149 2858 judi-

269 2872 358 2906 cium
367 2882 480 2907 contra
493 2872 625 2906 Patrum
640 2871 764 2904 statuta
778 2892 788 2908 ‚
811 2877 989 2911 contraque
1005 2866 1147 2901 Divinas

268 2932 305 2956 ac
316 2920 472 2956 humanas
485 2922 573 2966 leges
591 2921 685 2955 fuisse
696 2921 921 2964 praesumpmm
936 2944 942 2950 .

317 2973 479 3008 Omittere
501 2983 569 3006 non
597 2970 709 3015 poffim
733 2970 898 3013 Magnum
921 2968 1121 3014 Gregorium
1139 2993 1146 3000 .

274 3021 348 3054 Fuit
359 3022 564 3066 rigidissimus
578 3020 764 3065 Apostolici
775 3018 870 3061 hujus
881 3019 1030 3053 Canonis
1043 3018 1148 3052 obser-

275 3079 364 3103 vator
374 3083 410 3105 ac
420 3083 579 3107 executor.
608 3072 742 3105 Etenim
756 3069 911 3105 Sardiniae
924 3068 1092 3112 Episcopis
1105 3069 1148 3102 se-

277 3119 327 3152 rio
338 3122 515 3164 praecipiens
526 3148 537 3164 ‚
564 3133 604 3155 ne
615 3121 681 3155 fine
704 3122 752 3154 sui
767 3120 985 3163 Metropolitae
997 3119 1148 3153 Formata

278 3179 442 3212 quoquam
451 3172 708 3216 irent,adjungit.·
722 3175 787 3204 Nec
797 3182 862 3204 eum
875 3168 1042 3212 postponere
1052 3175 1084 3202 in
1095 3169 1146 3201 ali>

278 3229 334 3260 quo
342 3217 541 3261 praesumatis,
552 3230 668 3263 excepto
678 3221 714 3262 fi,
725 3222 803 3263 quod
814 3232 872 3253 non
886 3228 1035 3261 optamus,
1046 3228 1149 3252 contra

278 3269 403 3302 eundem
428 3272 680 3315 Metropolitanum
705 3271 833 3308 vestrum
852 3272 973 3312 aliquid
979 3269 1074 3313 causae
1092 3281 1148 3303 vos

281 3317 390 3352 babere
402 3324 552 3362 contingat
564 3342 574 3357 ,
585 3329 615 3352 ut
624 3321 656 3353 ab
667 3321 720 3355 boc
735 3323 821 3354 Sedis
837 3321 1148 3364 Apostolicaejudtcium

377 3367 486 3402 christ.
498 3371 575 3410 Lupi
586 3372 680 3410 opera
689 3374 722 3403 Τ.
739 3374 823 3405 Vm.

268 2472 413 2507 dendum
436 2471 645 2514 Episcopatui
670 2495 677 2502 .
705 2470 754 2503 lta
777 2470 896 2503 docent
923 2468 1005 2501 Aeta
1026 2467 1066 2501 de
1084 2466 1152 2508 ejus
1190 2370 1320 3331 {sem
1345 2467 1502 2501 Ecclesia.
1533 2468 1680 2503 Eandem
1704 2471 1803 2515 Legis
1817 2484 1939 2514 partem
1962 2473 2002 2506 ad
2017 2473 2103 2507 Afri-

269 2522 473 2565 dcpofitione
491 2546 497 2553 .
540 2519 777 2554 posterioribus
808 2519 906 2552 etiam
935 2516 1053 2551 saeculis
1076 2517 1152 2549 San·
1213 2527 1301 2548 cauae
1315 2516 1466 2548 Ecclefiae
1479 2527 1586 2559 preces
1600 2518 1801 2553 innovarunt
1815 2522 2027 2564 Imperatores
2043 2526 2102 2557 Ar-

1941 113 2008 155 39>

1195 182 1353 220 requiratis
1366 201 1373 207 .
1401 176 1510 210 Etiam
1524 178 1681 220 quidquid
1690 186 1804 215 contra
1815 179 2003 214 Maximum
2015 182 2078 215 Sao»

1197 227 1384 265 lonitanum
1398 225 1596 270 Episcopum
1608 251 1618 267 ,
1633 228 1805 264 Dalmatiae-
1815 230 2073 274 Metropolitam*

1196 287 1343 321 potenter
1353 277 1420 321 egit
1439 300 1450 316 ,
1474 278 1541 321 egit
1561 277 1594 308 in
1622 276 1724 318 prima
1736 279 1911 315 Instantia.
1940 279 2069 315 Eodem

1196 328 1297 362 modo
1312 328 1368 361 nifi
1391 328 1547 360 sacrarum
1567 325 1747 368 Juffionum
1766 328 1920 363 violentia
1931 330 2071 365 obstitis-

1196 379 1263 417 set,
1291 376 1422 421 parabat
1444 387 1539 420 agere
1560 376 1594 408 in
1617 376 1767 409 Severum
1782 377 1980 414 Gradensem
1994 405 2001 412 .
2028 379 2072 413 Et

1196 426 1380 461 Adrianum
1394 451 1405 466 ,
1432 425 1605 460 Thebanae
1618 426 1649 458 in
1663 423 1830 459 Thessalia
1839 427 1977 462 civitatis
1992 429 2073 473 Epi-

1197 479 1329 521 scopum
1347 500 1358 516 ,
1386 488 1445 510 nec
1469 487 1523 520 per
1543 476 1672 510 Lariffae
1702 475 1954 517 Metropolitam
1978 502 1988 516 ‚
2014 490 2074 512 nec

1196 539 1249 572 per
1264 529 1369 571 ipsum
1392 527 1499 569 primae
1524 526 1710 568 Justiniauae
1721 524 1897 558 Primatem
1911 550 1921 566 ,
1948 526 2000 559 sed
2022 539 2076 570 per

1198 578 1299 611 solam
1313 576 1540 620 Apostolicam
1552 575 1667 610 Sedem
1678 584 1734 610 aut
1743 575 1809 618 ejus
1824 575 2004 619 Delegatos
2027 577 2077 618 ju-

1198 628 1296 661 dicari
1320 627 1449 666 voluit,
1468 626 1509 660 eo
1529 626 1616 670 quod
1641 626 1734 660 illum
1759 638 1795 660 ac
1820 626 1888 669 ejus
1903 624 2077 660 Ecclesiam

1199 677 1347 721 Pelagius
1370 676 1410 710 11.
1432 677 1598 711 exemisset
1611 675 1651 710 ab
1662 676 1755 711 omni
1766 687 1882 717 eorum
1900 675 2079 719 potestate,

1198 738 1236 760 ac
1247 727 1305 760 suae
1318 725 1390 761 Sedi
1406 726 1592 761 immediate
1616 725 1826 770 supposuisset
1842 752 1849 758 .
1877 726 1954 769 Ejus
1976 724 2016 759 ad
2030 725 2083 768 Jo-

1199 787 1319 810 annem
1341 776 1470 810 Larissae
1492 776 1744 819 Metropolitam
1756 776 1852 810 verba
1864 774 2078 810 suntlucida:

1201 829 1393 859 Decernimus
1414 833 1445 858 ut
1466 830 1665 859 Fraternitas
1685 836 1739 858 tua
1751 826 1790 859 ab
1803 827 1956 865 Adriano,
1982 825 2082 858 Eccle-

1192 875 1294 918 fiaque
1304 877 1367 913 eius
1380 886 1491 909 omnem
1504 874 1697 909 ante-habita·
1704 874 1771 917 suae
1777 876 1952 918 potestatem
1959 872 2085 917 jurisdi-

1201 926 1303 958 ettonis
1315 924 1480 967 abstineat,
1506 928 1540 960 Θ
1558 924 1718 969 secundum
1740 928 1858 967 scripta
1884 925 1970 965 nostri
1984 921 2085 966 Deces-

1198 974 1273 1018 soris
1287 999 1297 1014 ‚
1317 973 1346 1014 fi
1363 975 1450 1017 causa
1472 977 1525 1009 vel
1540 976 1637 1018 fidei,
1663 978 1716 1010 vel
1733 979 1868 1009 criminis
1895 999 1907 1016 ,
1932 975 1983 1008 vel
1996 982 2086 1015 pecu·

1204 1028 1304 1058 niaria
1324 1023 1472 1055 adversus
1493 1025 1665 1064 praefatum
1693 1025 1935 1069 Consacerdotem
1958 1023 2091 1065 nostran}

1197 1079 1327 1117 potuerit
1349 1077 1467 1106 evenire
1480 1095 1490 1112 ‚
1517 1073 1568 1104 vel
1586 1081 1642 1113 per
1666 1087 1711 1108 eos
1722 1075 1853 1119 quisunt
1866 1075 2040 1118 vel-{imme
2052 1076 2093 1105 itt-

1203 1127 1295 1168 Regta
1309 1122 1384 1156 Urbe
1395 1119 1589 1164 Responsales
1602 1146 1613 1162 ,
1630 1119 1662 1162 fi
1669 1125 1819 1157 median-ts
1832 1125 1869 1165 est
1879 1151 1890 1167 ‚
1917 1124 2034 1168 quaestdo
2044 1134 2089 1156 co-

1196 1172 1375 1218 gnoftatur;
1402 1172 1454 1205 vel
1472 1171 1528 1204 buc
1541 1171 1586 1203 ad
1597 1170 1786 1213 Apostollcam
1806 1174 1911 1205 Sedem
1923 1199 1934 1213 ,
1954 1174 2093 1215 fiarduae

1203 1223 1263 1264 est,
1288 1224 1469 1263 deducatur,
1495 1222 1644 1264 quatenus
1666 1220 1770 1261 nostrae
1795 1221 1963 1254 Audientt'ae
1972 1222 2089 1263 senten-

1204 1280 1249 1308 tia
1263 1274 1415 1308 decidatur
1430 1298 1437 1305 .
1465 1272 1520 1306 Ex
1531 1271 1650 1316 quibus
1662 1269 1819 1305 omnibus
1834 1269 2026 1305 lucidiffime
2039 1281 2097 1313 pa-

1206 1335 1251 1360 tet
1258 1323 1426 1360 ,laudatam
1439 1322 1644 1366 Imperatoris
1658 1321 1809 1356 Gratiani
1820 1320 1928 1366 legem*
1947 1332 2016 1356 non
2029 1319 2098 1354 ha:-

1205 1375 1272 1409 fisse
1295 1376 1330 1408 in
1353 1374 1420 1407 sola
1448 1373 1580 1416 persona
1603 1372 1711 1407 Sancti
1734 1372 1865 1405 Damasi
1878 1396 1890 1412 ,
1916 1367 1971 1406 sed
1996 1370 2100 1406 fuisso

1211 1435 1400 1469 perpetuam
1422 1423 1633 1467 Interpretem
1652 1434 1690 1457 ac
1700 1421 1918 1458 excentricem
1942 1421 2094 1459 canonis

1208 1475 1396 1520 Apostolici
1408 1500 1415 1506 .
2095 1486 2097 1488 ·

1257 1524 1319 1559 Ista
1341 1525 1416 1566 lex,
1442 1524 1520 1560 licet
1543 1537 1602 1570 pro
1634 1525 1699 1561 sola
1720 1525 1930 1561 occidentali
1952 1524 2094 1561 Ecclesia

1208 1576 1406 1607 emanaverit
1417 1598 1428 1613 ‚
1454 1584 1596 1609 attamen
1609 1578 1706 1611 etiam
1719 1575 1805 1620 apud
1817 1577 2004 1611 Orientales
2019 1585 2103 1617 quo-

1211 1622 1253 1655 ad
1262 1621 1353 1656 illam
1365 1630 1487 1665 partem
1499 1647 1510 1663 ,
1538 1634 1607 1666 qua:
1618 1626 1702 1667 apud
1721 1626 1930 1667 ipfosservari
1950 1624 2075 1667 poterat
2087 1647 2098 1662 ‚

1212 1669 1335 1711 semper
1361 1671 1424 1701 fuit
1444 1670 1478 1700 in
1497 1672 1623 1702 summa
1644 1674 1821 1705 reverentia
1847 1685 1885 1706 ac
1907 1674 2004 1716 plena
2014 1672 2100 1707 obe·-

1212 1717 1351 1752 dientia.
1383 1717 1514 1760 Nempe
1535 1718 1645 1761 quoad
1672 1718 1761 1752 illa-m
1785 1730 1907 1762 partem
1923 1744 1934 1760 ,
1961 1732 2029 1763 quae
2048 1722 2106 1754 de-

1214 1765 1383 1812 gradatum
1395 1791 1406 1808 ,
1433 1767 1468 1800 &
1491 1768 1732 1803 contumaciter
1749 1780 1858 1812 parere
1868 1770 2076 1804 reluctantem
2090 1795 2105 1811 ‚

1216 1817 1416 1862 Episcopum
1437 1816 1598 1860 deportari
1621 1819 1756 1853 mandat
1778 1820 1820 1854 ad
1841 1830 1976 1854 centum
1987 1820 2028 1855 ab
2042 1821 2104 1855 ista.

1214 1867 1347 1902 civitate
1371 1867 1544 1901 milliaria.
1575 1868 1676 1903 Hanc
1696 1869 1785 1903 enim
1811 1881 1936 1913 partem
1957 1871 2103 1905 omnino

1212 1916 1595 1962 respexitTheodoretus
1621 1919 1773 1963 Cyrenfis
1795 1921 1996 1965 Episcopus,
2022 1920 2104 1955 dum

1212 1967 1253 2002 ab
1278 1967 1441 2011 Ephesiae
1481 1969 1674 2004 Latrocinio
1695 1970 1889 2015 degradatus
1917 1971 2034 2015 scripsit
2060 1971 2104 2005 ad

1212 2018 1411 2052 Anatolium
1434 2017 1631 2053 Patricium:
1659 2023 1898 2063 Magnitudinem
1921 2031 2007 2055 tuam
2028 2022 2104 2054 obte-

1203 2067 1264 2107 stor
1275 2092 1285 2109 ‚
1315 2066 1392 2101 hanc
1403 2069 1424 2099 ci
1439 2068 1552 2102 Videre
1564 2070 1682 2114 Augusto
1687 2078 1825 2114 gratiam
1830 2081 1920 2114 petat
1931 2097 1943 2113 ‚
1970 2082 2003 2105 ut
2021 2070 2109 2105 bahe-

1210 2126 1276 2150 tare
1297 2130 1342 2151 me
1362 2116 1474 2160 saltem
1489 2119 1596 2160 jubeat
1615 2128 1647 2153 in
1662 2120 1834 2163 Mon'asterio
1847 2122 1959 2164 nostro,
1986 2124 2066 2165 quod
2081 2123 2105 2154 Β

1212 2167 1331 2207 Cyrenfi
1353 2172 1477 2205 civitate
1502 2169 1582 2210 abest
1606 2172 1736 2204 millibus
1762 2181 1878 2205 centum
1909 2174 1943 2206 (θ’
1969 2178 2079 2216 viginti
2091 2197 2100 2204 .

1211 2217 1364 2252 Omnino
1386 2216 1535 2261 loquitur
1559 2231 1598 2253 ex
1629 2221 1741 2261 sensu,
1766 2222 1800 2255 &
1821 2222 1914 2263 juxta
1934 2221 2106 2256 observan-

1213 2267 1294 2299 tiam
1306 2267 1487 2300 Orientalis
1503 2267 1669 2303 Ecclefiae.
1701 2271 1744 2304 Et
1757 2270 1835 2306 hinc
1849 2273 1941 2306 istam
1954 2276 2105 2316 poena‘m,

1190 2306 1198 2361 1
1216 2315 1306 2359 quod
1322 2318 1398 2351 esset
1411 2316 1558 2351 obnoxia
1581 2318 1821 2361 incommodis,
1852 2323 2030 2366 Imperator
2051 2323 2106 2366 Ju-

1217 2365 1377 2400 stinianus
1391 2370 1609 2403 commutavit
1620 2369 1655 2403 in
1668 2371 1848 2405 clausuram
1861 2373 1946 2406 intra
1967 2373 2103 2417 aliquod

1216 2415 1457 2451 Monasterium
1474 2443 1481 2450 .
1510 2418 1555 2452 Et
1566 2419 1651 2453 istud
1665 2422 1764 2454 etiam
1778 2433 1836 2465 pro
1846 2423 2010 2457 Orientali
2033 2436 2104 2467 prae-

1213 2565 1324 2599 cadius
1350 2565 1382 2598 &
1405 2564 1594 2600 Honorius.
1623 2568 1679 2602 Ob
1710 2570 1907 2604 fraenandam
1935 2573 2103 2607 turbulen-

1213 2617 1291 2648 tiam
1305 2615 1429 2657 Equitii
1443 2639 1454 2655 ‚
1480 2616 1567 2659 apud
1582 2617 1799 2653 Diaraetorum
1820 2620 2012 2665 Hipponem
2025 2624 2099 2666 Epi-

1211 2663 1319 2708 scopi.
1346 2663 1459 2698 Palam
1474 2667 1659 2709 supponunt
1673 2668 1778 2713 legem
1791 2672 1891 2713 usque
1914 2682 1994 2706 tunc
2008 2684 2098 2706 man·

1211 2716 1276 2750 fisse
1287 2715 1320 2748 in
1332 2714 1431 2758 pleno
1445 2717 1556 2760 vigore
1566 2742 1576 2758 ,
1604 2716 1743 2761 ideoque
1768 2721 1801 2754 δε
1815 2720 2017 2756 stabilierunt
2032 2722 2099 2764 ejus

1211 2766 1458 2800 executionem.
1485 2767 1633 2801 Eandem
1656 2768 1737 2814 legis
1750 2781 1874 2813 partem
1901 2772 2032 2812 laudat,
2060 2784 2098 2807 ac

1211 2816 1244 2848 in
1261 2815 1368 2850 Gallia
1394 2817 1515 2860 semper
1540 2817 1696 2861 viguisse,
1721 2832 1859 2854 necnon
1885 2822 2098 2867 &Magnum

1211 2865 1331 2909 Papam
1344 2867 1492 2900 Leonem
1503 2867 1617 2901 eadem
1628 2868 1776 2904 adversus
1791 2871 2010 2915 Eutychetem
2037 2871 2099 2906 hae-

1210 2915 1398 2951 reflarcham
1409 2917 1503 2950 fuisse
1515 2919 1632 2958 usum,
1659 2920 1795 2954 affirmat
1808 2922 1988 2962 inlicta-is,
2017 2933 2097 2965 quas

1209 2978 1248 3000 ex
1263 2966 1454 3000 Duziacenfi
1465 2966 1603 3009 Synodo
1618 2994 1629 3009 ,
1656 2980 1692 3002 ac
1704 2980 1744 3002 ex
1756 2970 1869 3004 Caroli
1881 2972 1976 3006 Calvi
1998 2973 2097 3005 Fran-

1208 3026 1323 3050 corum
1350 3016 1454 3061 Regis
1481 3018 1618 3051 nomine
1644 3018 1763 3062 scripfit
1789 3020 1830 3054 ad
1857 3020 2042 3055 Adrianum
2056 3021 2095 3054 II.

1210 3066 1407 3100 Pontificem
1424 3091 1435 3106 ,
1462 3067 1663 3101 Hincmarus
1685 3067 1875 3104 Rhcmenfis
1894 3095 1901 3103 .
1930 3071 1992 3105 Ista
2014 3072 2095 3116 legis

1209 3127 1278 3160 pars
1288 3117 1351 3150 fuit
1360 3118 1500 3150 omnino
1511 3128 1598 3151 nova
1618 3143 1629 3157 ‚
1665 3119 1798 3153 fundata
1811 3121 1945 3164 quidem
1968 3122 2001 3154 in
2015 3124 2096 3155 anti-

1210 3168 1281 3211 quis
1304 3167 1450 3200 Romani
1474 3167 1605 3210 Imperii
1628 3168 1794 3210 moribus,
1821 3172 1854 3204 in
1878 3171 1972 3206 nullo
1983 3183 2095 3206 tamen

1211 3219 1367 3259 Canone;
1397 3225 1430 3250 at
1460 3227 1533 3250 vero
1559 3217 1657 3252 altera
1682 3219 1749 3262 ejus
1774 3232 1845 3264 pars
1866 3224 2005 3255 omnino
2031 3221 2093 3256 suit

1211 3268 1394 3312 Apostolici
1420 3265 1567 3300 Canonis
1587 3270 1782 3303 executrix:
1812 3272 1855 3306 Et
1876 3271 1958 3306 adeo
1971 3273 2091 3315 semper

1209 3317 1293 3363 apud
1317 3327 1448 3352 omnem
1460 3316 1654 3355 Romanum
1688 3319 1950 3357 patriarchatum
1963 3323 2064 3367 viguit
2078 3345 2090 3360 2

1326 3383 1329 3386 »
1671 3370 1705 3404 D
1757 3382 1779 3408 2

2008 3382 2041 3405 ut

1847 3423 1863 3445 Ι

2115 1299 2145 1328 L.
2153 1293 2272 1333 :judita

2122 1348 2134 1368 1
2142 1334 2278 1375 1.Ep⁴lst.7

2123 2252 2278 2292 Epist-119„

2115 3053 2209 3085 Αόὶοτ.
2220 3060 2246 3083 6.
