2326 3718
88 2069 150 2103 kib.
166 2080 232 2107 2²9·

356 150 458 203 346

762 151 831 182 DE
869 136 1144 184 Romamn*
1173 132 1632 178 Ar>1›e‘r.tA'-r1oua

270 225 462 276 stammana
484 219 724 266 &rufin-affere
741 220 1011 267 exp-'epssolajulii
1033 221 1162 260 Romani
1226 226 1317 258 unam
1331 228 1369 250 ex
1381 219 1440 256 illis
1454 219 1569 258 ‚Beatus
1581 219 1706 258 cyrillus
1723 221 1849 259 voluerit
1859 221 2023 262 recordari.
2047 218 2109 263 Af-

270 264 318 318 jd
336 271 499 316 Dionysium
511 296 523 314 ‚
549 272 638 318 baud
657 273 744 319 dubie
764 283 822 315 non
838 273 877 312 est
893 275 1056 315 genuinum
1068 293 1076 302 .
1103 272 1160 311 Et-

1225 266 1333 309 firmat
1345 268 1433 311 quod
1444 269 1578 310 Sanetus
1589 269 1735 311 Cyrillus
1757 269 1798 302 ad
1809 269 1991 312 probandos
2011 270 2046 310 ἀ
2054 271 2109 314 fir:

270 321 485 360 enthandus
497 323 624 362 cyrillus
647 328 680 357 tn
689 317 798 363 synodo
809 319 961 364 prefina
979 318 1096 362 epistola
1116 319 1161 351 ad
1222 317 1363 350 mandos
1385 316 1445 352 hos
1468 321 1541 354 suos
1561 318 1735 361 articulos,
1756 321 1848 352 Sacra
1867 322 1956 362 Virgo
1974 319 2012 360 est
2037 321 2107 354 Dete

268 376 427 418 Pocimum
449 373 623 414 adducens,
648 376 716 416 ejus
735 371 818 415 ufitm
838 382 897 404 non
921 371 1064 414 dignatus
1077 368 1158 409 estin

268 430 442 466 memoriam
454 422 543 466 hujus
562 429 684 460 venire.
711 422 800 465 Infra
824 429 931 456 tamen
957 421 1047 461 suam
1066 420 1159 454 affer-

269 475 398 509 tionem
418 469 609 513 modificat:
636 476 668 506 51¹
689 472 758 504 vero
780 477 849 513 quis
868 472 1028 504 contendat
1033 471 1156 513 Juliurn

270 530 305 558 in
315 523 432 566 Christo
452 529 570 558 unicam
591 532 733 556 naturam
743 522 861 562 dicere,
886 522 1020 563 primum
1031 520 1155 563 quidem

265 576 422 618 {tunqua'm
441 576 575 615 clarum,
595 569 626 612 fi
635 576 784 616 genuinus
802 571 850 605 bic
869 570 963 615 sermo
985 596 992 603 .
1020 572 1153 604 Secundo

267 633 330 669 par
342 625 381 666 est
396 621 581 671 cognoscere,
606 631 640 655 ut
648 620 789 664 posterius
794 625 827 668 J
830 625 887 656 ulto
908 623 995 664 apud
1002 625 1151 664 Romanos

265 675 371 709 iromen
394 675 512 707 naturae
533 671 751 714 &mpostafios
766 672 899 712 studiose
922 673 1091 712 indicavit,
1117 673 1151 705 (05

258 724 357 768 frusta
367 723 497 765 heretica
521 727 644 756 zizania
662 721 763 766 semen
773 722 885 756 ibidem
889 721 1010 763 flua'ent
1025 720 1149 765 suffoca-

270 787 322 809 re.
350 774 530 815 lnjudicatis
548 780 631 807 enim
650 773 770 807 vocibus
785 774 997 814 manentibus,
1025 784 1082 805 non
1103 771 1149 806 ob-

267 830 353 857 viam
364 828 425 858 ivit
435 828 574 866 impietas
584 847 595 864 ‚
617 825 718 867 potius
728 824 821 858 valde
841 822 1018 867 consequens
1030 830 1085 864 pro
1098 822 1149 862 by-

259 871 394 916 postafios
409 885 478 912 voce
501 883 608 917 nature
622 877 692 908 uti.
719 876 781 908 sed
787 875 865 908 illud
883 873 1014 918 deJulio
1023 875 1091 907 licet
1102 875 1145 906 di-

257 934 336 959 cere.
366 924 424 958 Est
446 924 584 959 obscura
605 923 796 959 translatio.
824 924 990 970 Eulogius
1009 924 1146 958 affirmat

258 973 347 1011 duo.
375 973 509 1015 Primo,
534 974 625 1018 quod
639 974 775 1019 epistola
796 973 834 1010 sit
845 975 1078 1019 ambiguorum
1093 985 1145 1008 na-

254 1025 395 1070 talium,
423 1024 626 1069 proindeque
637 1036 678 1060 ex
696 1027 763 1070 ipsa
779 1025 866 1061 nihil
890 1024 1142 1071 possitdefiniri.

253 1074 429 1116 Secundo,
454 1075 478 1109 si
502 1074 651 1121 legitima
675 1077 715 1111 fit
734 1101 745 1118 ‚
771 1076 863 1121 quod
892 1077 979 1120 Julio
1001 1075 1143 1110 evenerit

251 1124 339 1159 istud
353 1126 483 1169 ipsum,
508 1124 599 1170 quod
610 1126 787 1171 postmodo
799 1128 911 1162 evenit
930 1127 1003 1161 aliis
1014 1126 1143 1161 Latinis

253 1175 340 1211 circa
364 1174 579 1220 quaestionem
599 1178 641 1212 de
664 1178 802 1212 vocibus
825 1176 888 1218 Usta
909 1177 942 1211 &
967 1174 1141 1219 Hypoflasis.

250 1224 297 1263 Et
310 1226 425 1261 Latini
446 1227 601 1261 &Graeci
623 1225 869 1262 concordabant
894 1227 928 1259 in
950 1227 1065 1266 sensu,
1093 1237 1142 1259 ve·

252 1275 328 1310 rum
341 1275 454 1310 Latini
478 1287 608 1319 propter
627 1279 825 1320 suaelinguae
847 1276 995 1319 inopiam
1008 1274 1142 1318 cespita—

251 1323 333 1360 bant
345 1327 429 1360 circa
443 1324 602 1367 syllabas.
628 1325 700 1359 Reiz
710 1324 824 1360 seriem
844 1327 983 1369 exponit
1008 1326 1040 1359 in
1052 1323 1140 1359 fune·

251 1374 302 1409 bri
316 1374 440 1419 Elogio
463 1374 588 1420 Magni
612 1372 783 1410 Athanasii
804 1376 940 1411 Sanetus
961 1376 1142 1420 Gregorius

248 1425 504 1464 Nazianzenus,
532 1426 566 1460 ἀ
580 1426 615 1460 in
638 1426 734 1460 variis
754 1427 870 1461 litteris
881 1426 1013 1462 Sanctus
1023 1425 1142 1460 Hiero·

249 1486 373 1519 aymus
398 1500 405 1508 .
434 1475 523 1510 lssud
548 1476 758 1522 emplastrum
788 1476 896 1511 Graeci
923 1476 1142 1520 apposuerunt

252 1527 369 1561 multis
396 1527 589 1561 vulneribus
615 1554 622 1561 .
649 1527 740 1563 Nam
770 1528 913 1562 Aeacius
939 1526 1143 1561 Berrheensis

251 1576 434 1619 Episcopus
458 1577 529 1621 ipso
552 1578 679 1613 studuit
699 1589 836 1623 purgare
854 1579 889 1613 δε
910 1578 1022 1612 sanare
1040 1578 1140 1611 etiam

248 1626 442 1667 Nestorium
456 1652 464 1660 .
490 1627 540 1662 Ita
550 1627 652 1663 habes
673 1628 709 1663 in
722 1628 790 1672 ejus
810 1628 851 1663 ad
861 1630 1011 1664 Samstum
1026 1627 1141 1671 Cyril-

247 1676 318 1713 lum
330 1678 445 1713 litteris
460 1701 471 1718 ,
495 1678 698 1714 exstantibus
712 1679 747 1714 in
760 1679 863 1724 prima
885 1689 975 1723 parte
988 1677 1140 1722 Ephelini

246 1727 395 1763 Concilii
411 1753 419 1761 .
445 1728 556 1771 Ipsum
583 1728 664 1774 ergo
675 1729 841 1775 Eulogius
860 1740 1023 1773 apponere
1044 1741 1141 1764 cona÷

248 1788 302 1812 rut
313 1779 412 1812 etiam
431 1781 592 1822 praetensae
608 1779 750 1823 epistolae
760 1780 868 1815 Sanffi
894 1780 993 1823 julii.
1018 1779 1139 1814 Censet

250 1827 352 1871 ipsam
366 1851 376 1867 ‚
402 1830 422 1862 si
442 1828 515 1863 vere
534 1831 662 1874 sitJulii
676 1855 687 1872 ,
715 1833 799 1866 resta
819 1831 967 1871 sensisse,
994 1830 1049 1864 sed
1070 1841 1138 1864 non

249 1879 344 1915 suiffe
358 1881 450 1915 usam
474 1880 559 1923 aptis
580 1880 773 1915 vocabulis.
803 1881 954 1924 Ejusdem
977 1880 1138 1915 mentisin

250 1929 303 1962 sua
317 1928 356 1963 ad
376 1929 609 1973 Eutychianos
620 1931 768 1966 Orientis
779 1930 969 1964 Monachos
990 1931 1140 1963 oratione

249 1979 314 2015 fuit
329 1981 466 2014 Sanetus
479 1979 678 2022 Ephremius
690 1978 877 2013 Patriarcha
889 1977 1137 2012 Antiochenus.

251 2028 403 2063 Affirmat
428 2028 573 2072 Iulium,
599 2027 678 2062 dum
700 2040 801 2062 unam
825 2038 975 2060 naturam
998 2027 1139 2069 scripsit,

250 2080 402 2122 scripsisse
425 2086 540 2112 contra
551 2076 695 2111 Paulum
711 2077 988 2117 samosatensem,
1013 2087 1054 2109 ex
1067 2075 1140 2109 aliis

251 2128 319 2171 ejus
333 2126 468 2171 Scriptis
480 2127 681 2163 demonstrat
692 2128 776 2161 retia
787 2126 911 2160 sensisse
923 2150 934 2166 ‚
960 2127 994 2160 &
1006 2126 1141 2160 conclu—

251 2179 301 2213 dit
317 2194 327 2212 :
355 2178 481 2223 ‚Quibus
491 2177 647 2222 perspicue*
651 2186 742 2220 patet
755 2202 765 2218 ‚
791 2178 932 2220 quamodo
943 2177 1070 2210 saueius
1074 2180 1105 2222 J
1108 2188 1137 2209 u·

251 2232 311 2264 uus
325 2230 402 2263 duas
414 2237 542 2263 naturas
548 2228 690 2271 fateatur
699 2254 707 2262 .
734 2232 821 2261 Nam
844 2237 985 2260 naturam
991 2227 1140 2269 preximi:

251 2280 354 2317 verbis
372 2289 429 2322 pro
455 2278 594 2322 bypostafi
615 2284 726 2320 accepit
752 2302 759 2310 .
785 2277 958 2312 Orationis
979 2288 1140 2321 compen-

250 2332 342 2365 dium
365 2329 467 2364 exstat
491 2331 525 2363 in
548 2329 674 2372 praefata
689 2325 893 2362 Bibliotheca
917 2326 1047 2360 Photii.
1077 2326 1140 2360 Ve-

252 2381 326 2416 rum
351 2379 433 2412 infra
444 2390 485 2412 ex
501 2377 649 2413 Leontio
662 2378 848 2420 Byzantino
862 2376 1032 2410 audiemus
1042 2377 1141 2421 origi·

254 2430 362 2465 nalem
388 2429 530 2473 epistolae
554 2437 680 2461 textum
701 2438 771 2463 non
795 2428 859 2461 esse
875 2427 1059 2468 Latinum,
1089 2426 1141 2460 sed

256 2481 409 2515 Graecum
422 2503 433 2519 ,
460 2478 601 2521 ideoque
615 2487 822 2522 nequaquam
842 2477 859 2510 a
873 2476 961 2520 Julio
973 2503 980 2510 .
1008 2477 1142 2511 Etenim

256 2530 406 2569 Romani
432 2528 515 2564 olim
544 2528 724 2563 Pontifices
750 2526 791 2562 ad
814 2528 944 2561 Graecos
973 2527 1143 2571 nunquam

254 2581 445 2624 scripserunt
467 2578 579 2613 Graece
601 2603 612 2620 ,
637 2579 691 2612 sed
712 2578 838 2622 semper
863 2577 981 2612 Latine
1002 2603 1008 2610 .
1037 2577 1144 2612 Immo

256 2633 327 2668 suas
339 2631 478 2666 Latinas
489 2629 610 2664 litteras
620 2639 682 2664 nec
694 2628 811 2662 Romae
823 2629 1035 2672 permiserunt
1048 2629 1143 2662 trans-

255 2682 330 2717 ferri
355 2682 390 2715 in
402 2680 577 2714 Graecum:
605 2678 806 2713 Constanter
828 2678 1003 2713 voluerunt
1019 2678 1053 2712 id
1076 2677 1143 2711 fieri

247 2733 297 2768 -ab
311 2731 383 2774 ipsis
395 2730 531 2765 Graecis.
558 2729 654 2763 Hinc
673 2730 808 2764 Sanetus
820 2727 1037 2772 Ephremius,
1064 2728 1146 2761 affir-

255 2793 349 2817 mans
366 2781 490 2825 Julium
515 2790 629 2814 vocem
642 2784 770 2813 Natura
793 2778 950 2822 accepisse
970 2789 1028 2821 pro
1040 2778 1143 2820 hypo·

257 2831 329 2867 flasi
350 2855 361 2872 ,
390 2840 478 2866 caret
500 2830 719 2864 fundamento
740 2855 747 2862 .
775 2829 856 2863 Hoc
880 2828 969 2862 enim
996 2830 1143 2862 fecerunt

258 2881 395 2927 quidam
415 2881 606 2917 Graecorum
627 2880 761 2921 Patres,
787 2890 888 2914 nemo
910 2879 1056 2920 unquam
1077 2878 1143 2912 La-

250 2943 366 2968 tinus.

261 3012 267 3018 ,
309 2983 403 3018 Hinc
424 2982 514 3026 plura
536 2981 571 3015 in
583 2979 955 3024 Constantinopolitana
977 2977 1143 3014 Orthodo·

260 3043 376 3073 v:iorum
400 3033 435 3068 &
457 3030 750 3076 Eutychianorum
773 3031 1013 3075 Episcoporum
1035 3039 1145 3064 coram

260 3080 458 3124 Imperatore
469 3083 657 3126 Iustiniano
670 3081 780 3116 habita
791 3082 971 3115 collatione
979 3080 1063 3114 dixit
1076 3080 1147 3122 Hy·

261 3133 371 3176 patius
395 3131 608 3176 Ephesiorum
637 3133 819 3175 Episcopus
841 3156 851 3171 ,
880 3130 921 3164 de
941 3142 1008 3171 quo
1034 3140 1148 3164 omnes

262 3180 360 3217 isthic
388 3181 554 3217 Catholici
575 3183 744 3227 Collegae:
771 3181 1037 3219 Reverendiffimur
1051 3178 1150 3212 Archi·

261 3229 430 3275 Eplfiopus
457 3237 602 3273 Hypatius
622 3244 653 3266 os
675 3231 800 3273 nostrum
819 3230 923 3273 fadus
949 3231 988 3271 est
1010 3255 1017 3262 .
1046 3229 1147 3272 Euty·

262 3281 392 3317 chianis
405 3279 506 3324 igitur
518 3281 600 3315 inter
610 3284 708 3317 unius
719 3293 839 3317 naturae
851 3281 1031 3315 Assertores
1050 3279 1147 3313 etiam

1223 370 1327 406 Para,
1354 370 1437 401 Deus
1459 368 1496 409 est
1515 369 1699 412 cotmpaffus
1723 393 1736 409 ‚
1762 369 1839 413 Julii
1861 366 1901 401 ad
1923 368 2106 404 Decimum

1221 417 1343 459 litteras
1354 418 1527 456 adduxerit
1539 421 1573 454 in
1587 420 1748 463 Ephesina
1760 417 1900 463 Synodo
1911 442 1922 459 ,
1948 418 1983 453 δε
1995 417 2105 466 adiun-

1217 468 1289 512 git:
1317 470 1349 501 51·
1368 471 1435 512 ergo
1458 471 1581 507 cyrillus
1594 469 1708 513 sciebat
1729 471 1766 504 de
1789 481 1850 503 una
1870 477 1980 502 natura
2001 469 2103 509 quein-

1216 519 1310 560 qua‘m
1321 529 1357 551 ex
1367 518 1415 550 bis
1428 520 1533 563 dixisse
1548 545 1558 560 ‚
1585 521 1646 552 illic
1667 521 1798 554 maxime
1816 518 1954 562 proferre
1975 517 2104 559 babuto,

1215 567 1266 605 ubi
1274 578 1392 602 tantum
1402 579 1469 603 erat
1489 571 1594 605 &tale
1615 571 1781 615 universale
1803 571 1986 604 Concilium.
2011 571 2043 602 st
2051 580 2107 616 atr.

1215 627 1274 650 tem
1298 618 1359 652 illic
1380 631 1438 652 non
1452 619 1524 667 sunt
1542 623 1672 662 prolatae
1686 646 1695 661 ‚
1721 622 1969 664 quemadmodum
1989 630 2066 661 nunc
2081 619 2103 651 ἃ

1213 669 1299 702 vobis
1308 669 1506 712 proferantur
1519 696 1530 712 ‚
1550 669 1629 714 satis
1641 673 1787 705 admiror.
1821 672 1975 706 Affirmat
1987 671 2105 711 unicas

1214 719 1291 763 Julii
1313 720 1353 755 ad
1367 721 1548 756 Docimum
1570 723 1682 760 datas,
1711 723 1744 756 ἀ·
1763 722 1846 764 apud
1873 721 2038 767 Ephesum
2059 721 2104 755 let

1211 771 1272 804 dias
1287 781 1324 804 ac
1344 771 1493 815 probatas
1514 773 1637 806 litteras
1657 774 1718 806 esse
1740 784 1828 805 veras
1843 796 1853 811 ,
1879 773 2007 816 quasvis
2023 772 2103 808 alias

1211 821 1274 854 esse
1288 821 1427 865 spurias:
1456 822 1623 857 Confieias
1643 834 1699 865 aut
1722 822 1850 856 falsatas
1872 822 1913 856 ab
1926 823 2103 866 Apollina-

1211 870 1315 905 ristis'.

1259 921 1421 957 Leontius
1432 923 1649 958 scholasticus
1673 924 1878 968 Byzantinus
1901 924 2019 967 scripsit
2037 924 2104 962 sin-f

1208 972 1353 1015 gularem
1378 973 1496 1008 librum
1521 981 1553 1008 in
1574 987 1621 1008 eos
1634 1000 1642 1015 ‚
1670 982 1719 1017 qui
1735 975 1891 1016 proferunt
1913 974 1998 1008 nobis
2019 980 2106 1017 quae'*

1209 1024 1279 1055 dam
1304 1026 1501 1066 Apollinarit,
1523 1025 1604 1067 falso
1627 1025 1768 1068 inscripta
1789 1031 1904 1059 nomine
1928 1024 2102 1059 samiorum

1211 1075 1359 1115 Patrum,
1384 1076 1485 1119 &ipsi
1505 1076 1561 1109 dat
1588 1074 1652 1109 hoc
1677 1076 1849 1109 exordium
1866 1090 1877 1108 :
1905 1078 2041 1118 ,Quidam
2060 1087 2100 1109 ex

1209 1124 1324 1167 Haerefi
1343 1126 1517 1167 Apollinum
1539 1150 1549 1166 ,
1577 1127 1631 1158 vel
1654 1125 1793 1164 Eutychis
1823 1150 1832 1164 ,
1871 1127 1923 1158 vel
1948 1124 2099 1167 Dioscori‚

1207 1182 1273 1206 cum
1299 1175 1410 1207 vellent
1433 1173 1522 1217 suam
1550 1173 1678 1214 baerefim
1716 1173 1885 1214 confirmare
1915 1198 1926 1213 ,
1951 1174 2098 1218 quasdam

1210 1222 1385 1265 Apollinari}
1409 1231 1557 1256 orationes
1584 1227 1724 1267 Gregorio
1751 1223 1972 1266 Thaumaturgo
1998 1247 2007 1262 ,
2045 1234 2099 1259 aar

1210 1271 1386 1315 Athanafie,
1412 1284 1467 1307 aut
1483 1274 1573 1317 Julio
1595 1271 1807 1316 inscripserunt
1821 1298 1832 1313 ‚
1858 1284 1891 1306 ut
1908 1272 2101 1315 fimpliciores

1202 1322 1345 1367 fallerent
1364 1326 1384 1364 ',
1409 1322 1492 1366 qaod
1516 1325 1634 1367 quidem
1655 1323 1846 1365 perficerunt
1874 1349 1880 1355 .
1919 1323 2103 1357 authoritate

1208 1382 1287 1409 enlm
1296 1373 1465 1417 hujusmodi
1478 1375 1671 1417 Personarum
1683 1374 1743 1415 fide
1765 1377 1861 1418 digna
1878 1376 1982 1406 multos
2000 1374 2101 1406 Eccle-

1201 1425 1255 1468 fiae
1265 1424 1432 1459 Catholicae
1442 1433 1546 1467 capere
1554 1434 1714 1467 potuerunt
1724 1440 1736 1457 ’.
1761 1428 1807 1457 Et
1827 1425 1911 1466 apud
1930 1423 2037 1456 multo:
2059 1429 2099 1457 α

1207 1477 1286 1510 telle*
1297 1474 1486 1511 credentibus
1498 1480 1627 1519 reperire
1633 1480 1747 1517 poter-is
1776 1475 1885 1508 librum
1899 1476 2076 1516 Apollinari!
2088 1489 2100 1514 ⁵

1205 1533 1251 1560 cui
1276 1527 1404 1566 titulus,
1431 1526 1529 1560 Fides
1552 1525 1773 1569 particularis,
1799 1520 2102 1568 inscriptum'firegbf

1207 1582 1271 1616 rio,
1297 1575 1490 1620 &quasdam
1509 1578 1573 1618 ejus
1598 1576 1731 1619 epistolas
1758 1574 1921 1619 inscriptas
1926 1576 2040 1620 Julto,
2066 1576 2102 1612 (Β

1206 1629 1286 1661 alias
1308 1629 1372 1668 ejus
1393 1629 1431 1661 de
1444 1632 1652 1661 incarnatione
1679 1631 1822 1659 orationes
1846 1629 1898 1660 vel
1913 1624 2102 1668 expofitiones

1208 1675 1362 1718 Athanafio
1381 1673 1540 1721 inscriptas
1562 1703 1570 1711 .
1598 1676 1746 1710 Adducit
1776 1678 1862 1710 varia
1886 1677 2037 1715 similia,
2063 1675 2101 1708 in

1207 1728 1327 1772 quibus
1342 1729 1415 1761 sunt
1435 1729 1470 1763 ὃς
1485 1728 1570 1763 haec:
1598 1729 1720 1760 Domini
1733 1727 1910 1769 apollinarii
1932 1739 1970 1761 ex
1982 1724 2101 1768 epistola

1205 1781 1250 1811 ad
1271 1777 1432 1820 Dionyfium
1453 1803 1463 1819 ,
1489 1782 1573 1821 cujus
1593 1784 1779 1820 principium
1802 1778 1861 1818 est,
1889 1777 1977 1811 Mihi
2002 1785 2108 1819 argu-0·

1207 1840 1356 1863 mentum
1377 1830 1528 1864 amicitiae
1541 1854 1551 1870 ,
1577 1830 1639 1863 &a
1669 1832 1723 1861 Ex
1740 1830 1804 1860 alta
1825 1827 1941 1869 epistola
1967 1828 2012 1859 ad
2031 1830 2103 1859 euni

1205 1881 1296 1920 dem,
1324 1881 1409 1920 cujus
1418 1884 1617 1922 principium:
1646 1877 1828 1917 Admiror,
1854 1879 1915 1911 ἃς.
1940 1880 1986 1910 Et
1996 1876 2101 1910 rurn'cs

1204 1941 1242 1961 ex
1256 1930 1357 1961 eadem
1379 1929 1514 1968 epistola.
1544 1931 1626 1960 Haec
1649 1927 1808 1969 posterior
1828 1927 1871 1959 est
1899 1928 1955 1959 ista
1969 1951 1979 1967 ‚
2005 1926 2101 1969 cujus

1204 1979 1425 2022 fragmentum
1454 1975 1624 2020 Eutyches
1643 1976 1814 2010 transmisit
1850 1975 1981 2020 Magno
2017 1975 2101 2010 Leo-

1206 2027 1239 2059 ni
1256 2050 1264 2057 .
1280 2027 1326 2059 Et
1340 2026 1409 2068 post
1422 2027 1512 2065 plura
1523 2027 1688 2060 Leontius
1712 2026 1818 2068 pergit
1830 2038 1841 2057 .·
1869 2026 2014 2066 Sufficiunt
2035 2024 2100 2058 hae

1205 2080 1269 2114 eis,
1297 2080 1349 2116 qui
1362 2085 1422 2107 non
1431 2073 1504 2116 sune
1515 2074 1642 2107 nimium
1662 2077 1750 2107 rudes
1776 2076 1932 2115 erardi,
1958 2069 2103 2113 adestan-

1207 2124 1336 2158 dandum
1349 2125 1526 2166 apollinarii
1546 2126 1598 2168 effe
1616 2123 1748 2166 epistolas
1762 2149 1772 2164 ‚
1799 2136 1866 2166 quae
1887 2131 2001 2158 nomine
2011 2126 2043 2169 J
2046 2125 2101 2158 ulii

1199 2174 1362 2217 feruntur,
1386 2182 1504 2216 praeter
1523 2187 1576 2208 eas
1598 2175 1731 2216 epistolas
1755 2174 1951 2216 apollinarii,
1976 2177 2014 2208 de
2034 2179 2098 2216 qut·

1206 2225 1260 2258 bur
1273 2224 1451 2266 Athanafiur
1463 2250 1470 2257 .
1498 2224 1643 2269 Discipuli
1665 2231 1743 2257 enim
1757 2226 1931 2265 apollinarii
1954 2230 2099 2266 antiquio*

1207 2286 1255 2307 res
1260 2273 1332 2317 sunt
1345 2275 1481 2307 omnibus
1494 2299 1504 2314 ‚
1526 2274 1636 2316 quibis
1660 2272 1777 2316 ufisunt
1791 2298 1800 2312 ‚
1827 2285 1904 2314 quas
1917 2298 1927 2312 ‚
1955 2283 1988 2306 ut
1999 2272 2099 2314 verist-

1207 2325 1274 2357 mile
1293 2322 1351 2363 est,
1379 2330 1430 2366 qui
1454 2326 1574 2368 &sulio
1594 2332 1649 2365 per
1667 2322 1798 2366 schisma
1819 2321 2026 2365 dsscefferunt,
2050 2328 2097 2356 in·

1202 2372 1359 2417 scripsere.
1387 2376 1496 2415 Neque
1514 2372 1608 2416 solum
1632 2373 1704 2412 boc,
1727 2372 1786 2414 sed
1800 2370 1874 2414 sunt
1897 2383 1934 2405 ex
1957 2372 2099 2405 Orthodo-

1209 2428 1280 2464 κίε,
1307 2427 1358 2464 qui
1367 2421 1557 2466 inscriptione
1569 2425 1686 2464 decepti
1697 2422 1793 2455 redas
1805 2434 1858 2454 eas
1880 2423 1931 2464 effe
1951 2424 2099 2467 intellige·

1203 2485 1274 2518 gere
1295 2474 1433 2507 &dicere
1452 2472 1686 2516 perseverabant
1712 2498 1722 2512 ,
1745 2481 1868 2515 propter
1893 2471 2031 2515 Personae
2049 2483 2099 2507 au-

1209 2524 1381 2557 thoritatem
1391 2523 1453 2566 fide
1467 2526 1589 2567 dignam
1602 2546 1609 2554 .
1637 2526 1771 2565 Alioquin
1783 2524 1878 2565 magis
1902 2530 2030 2556 omnium
2041 2527 2098 2556 Or·

1211 2574 1405 2607 thodoxorum
1424 2573 1461 2614 est
1484 2573 1635 2618 agnoscere
1656 2575 1720 2607 illos
1744 2572 1891 2615 sermones
1912 2574 1964 2615 esse
1980 2578 2096 2615 propri!

1212 2625 1364 2657 Dooloris.
1395 2629 1446 2657 Ne
1467 2632 1567 2657 nutem
1587 2636 1624 2657 ex
1631 2623 1692 2667 solo
1710 2623 1869 2662 testimonio
1883 2622 2096 2666 Drftipulomm

1207 2674 1356 2717 sermones
1381 2672 1468 2716 ipfius
1497 2674 1674 2716 Apollinarii
1699 2672 1889 2718 agnofiamus
1916 2697 1927 2713 ,
1954 2678 2094 2717 quamvis

1210 2727 1303 2766 aliqui
1325 2735 1370 2757 eos
1375 2725 1405 2767 J
1408 2725 1464 2757 ulio
1476 2748 1485 2763 ‚
1512 2731 1653 2767 quamvis
1670 2728 1807 2768 Gregorio
1822 2748 1832 2763 ‚
1858 2723 2094 2766 quamvtsfa153

1210 2774 1377 2818 inscribant
1401 2775 1556 2817 Athanafio
1578 2800 1588 2816 ,
1612 2774 1670 2818 sed
1697 2781 1789 2807 etiam
1812 2785 1849 2806 ex
1870 2775 1968 2807 eodem
1987 2783 2094 2817 genere

1205 2824 1351 2868 ftrmonts
1377 2827 1411 2858 (tr
1426 2824 1495 2865 stylo
1517 2850 1527 2867 ‚
1553 2837 1606 2869 age
1625 2834 1739 2867 praeter
1766 2822 1960 2857 authoritates
1981 2847 1992 2863 ,
2018 2834 2095 2865 quar

1212 2873 1357 2918 Discipuli
1378 2876 1443 2916 ejus
1461 2877 1651 2917 protulerunt
1675 2899 1685 2915 ‚
1710 2881 1837 2918 integros
1863 2875 1898 2905 Θ
1921 2882 1997 2905 totos
2025 2876 2094 2914 eius

1208 2925 1358 2968 sermones
1382 2931 1415 2958 tn
1431 2927 1560 2958 medium
1578 2928 1776 2967 producamus
1788 2947 1799 2962 ,
1824 2932 1857 2954 ut
1872 2928 1924 2963 qui
1928 2923 2027 2962 studio
2048 2934 2097 2956 ve·

1211 2982 1315 3008 ritatts
1326 2974 1530 3019 cognoscendae
1544 2978 1686 3020 legerint,
1716 2973 1892 3012 certiffimum
1902 2972 2033 3006 babeant
2046 2971 2098 3014 bec

1212 3028 1245 3060 (θ’
1258 3026 1312 3058 illa
1317 3026 1406 3068 falso
1418 3025 1564 3069 inscripta
1574 3025 1736 3069 esset-adem
1749 3048 1755 3054 .
1773 3023 1994 3057 Affertionem
2008 3024 2098 3059 suam

1211 3077 1319 3109 firmat
1337 3075 1439 3110 tribus
1465 3074 1664 3120 argumentis
1688 3099 1693 3105 .
1722 3074 1870 3107 Primum
1897 3074 1942 3106 est
1969 3097 1978 3113 ,
2006 3073 2099 3116 quod

1213 3127 1288 3160 licet
1314 3138 1354 3159 ex
1383 3125 1582 3169 Apollinarii
1612 3123 1793 3166 Discipulis
1819 3123 1920 3166 aliqui
1947 3123 2101 3166 epistolas

1213 3177 1286 3210 istas
1299 3176 1480 3210 adscribant
1494 3174 1601 3216 Iulio,
1628 3175 1682 3207 alii
1697 3183 1806 3210 tamen
1828 3172 2100 3217 profiteantur-es)

1213 3228 1243 3260 se
1256 3225 1454 3269 Apollinarii
1466 3249 1473 3255 .
1503 3224 1544 3258 Et
1563 3226 1697 3258 adducit
1718 3223 1837 3258 horum
1851 3224 2095 3266 Discipulorum

1213 3275 1400 3310 testimonia
1426 3298 1434 3306 .
1467 3275 1653 3308 Secundum
1681 3283 1911 3318 argumentum
1937 3273 1982 3307 est
2011 3274 2095 3305 idern

262 3332 390 3376 ⁴Iulium
402 3330 601 3365 Pontificem
618 3332 652 3365 in
667 3334 795 3376 praefata
815 3331 951 3375 epistola
963 3330 1147 3364 adducenti-
1192 3319 1195 3356 ἶ
1214 3327 1346 3360 istarum
1365 3324 1576 3367 epistolarum
1598 3324 1699 3367 stylus
1716 3336 1791 3358 cum
1815 3322 1946 3367 reliquis
1963 3321 2096 3363 ScrlPtis

266 3384 326 3417 bus
333 3380 507 3425 Hypatius
517 3380 685 3423 respondit
695 3395 706 3413 .·
732 3387 768 3415 In
781 3379 1071 3424 tantumfalsesunt
1084 3385 1149 3420 epi-

1214 3374 1433 3420 Apollinarii.
1459 3375 1611 3409 Tertium
1634 3377 1678 3408 est
1693 3375 1809 3408 Codex
1834 3375 2005 3408 continens
2025 3381 2097 3404 om·

256 3433 333 3475 stole
348 3430 413 3474 five
434 3430 645 3474 testificationes
668 3430 730 3465 illae
752 3443 827 3474 quas
849 3434 976 3473 dicitis,
1003 3438 1039 3467 ut
1057 3439 1150 3473 neque
1213 3429 1270 3464 nia
1281 3425 1615 3472 ApollinariiScripta
1629 3447 1640 3464 ,
1666 3425 1699 3459 in
1724 3435 1792 3468 quo
1814 3424 1847 3463 &
1861 3422 1922 3456 issae
1931 3420 2092 3462 epistotae.

2002 3469 2047 3513 Et.
