2326 3718
862 119 1471 167 ΕυτγοΗ-ετιερ

243 214 392 257 Exponit
403 210 467 245 hoc
477 218 612 244 examen
626 235 636 251 ,
663 210 695 246 &
706 208 827 255 pergit:
852 207 956 248 Postea
968 212 1115 251 expetivit

243 267 406 305 Imperator
424 262 444 293 ἃ
455 262 606 294 Flaviano
625 259 699 302 fidei
714 262 776 301 ejus
789 257 997 300 confeffionem‚
1023 269 1115 291 manu

243 316 307 354 ejus
323 310 468 354 scriptam
491 313 526 345 &
534 311 730 354 subscriptam
742 333 749 341 .
772 307 892 350 ,Scripfit
908 313 977 353 'ergo
990 310 1118 343 Flavia·

243 374 300 395 nus
306 360 398 403 fidem
414 360 501 404 suam
514 374 606 395 manu
625 365 767 404 propria,
794 360 1013 406 &Imperatori
1022 366 1056 392 in
1068 358 1118 391 hoc

243 411 372 448 themate
392 413 524 446 direxit.
554 411 701 446 Adducit
721 410 867 443 Flaviani
890 409 1058 450 libellum,
1084 410 1117 442 δε

242 462 393 506 adjungit
405 475 416 496 s
438 462 594 504 Postquam
604 462 668 504 ergo
679 459 756 492 nt'lnl
759 459 917 501 probatum
927 460 964 500 est
976 464 1010 491 N
1013 464 1117 492 otariIs
1130 475 1132 478 >

242 511 420 554 defalfitate
433 512 582 552 Gestorum
591 535 601 550 ,
621 509 767 547 Eutyches
782 514 859 551 petit
877 510 1046 553 Dioscorum
1058 510 1122 542 Ale-

242 563 429 600 xandrinum
444 560 622 603 Episcopum
633 584 643 600 ‚
668 569 701 592 ut
713 570 858 602 quaereret
868 571 934 602 quat
944 561 981 592 de
991 560 1041 592 illo
1051 558 1120 591 aeta

239 610 325 654 sunt,
353 611 513 655 &causam
532 616 745 648 examinaret.
775 611 888 654 Agebat
908 611 995 651 apud
1006 612 1119 641 Princi-

238 671 309 704 pem
317 661 516 701 universalem
533 661 601 702 fieri
614 662 755 699 synodum
768 683 776 696 ‚
804 669 837 693 ut
858 660 1033 701 probaretur
1039 660 1121 699 judi·

241 719 316 745 cium
326 713 489 752 Flaviani.
518 710 634 752 Scripsit
657 713 722 753 ergo
735 709 887 752 Dioscorus
900 707 1049 749 Theodosio
1060 714 1119 748 Jm-

239 766 387 806 peratori,
413 768 485 804 quia
507 761 598 793 aliam
613 760 680 802 fieri
700 761 842 798 synodum
858 761 1028 803 generalem
1040 768 1120 801 opor-

241 819 284 845 tet
294 834 303 844 .
330 814 360 849 E
363 808 421 844 t‘ut'
439 811 542 854 fieret,
562 809 706 854 persuasit
718 807 878 849 Eutyches}
907 814 1020 842 Annuit
1031 813 1123 851 Impe-

240 870 322 894 rator
330 886 337 893 .
365 864 395 898 E
398 871 411 893 t
422 863 553 905 dirigens
565 864 687 894 Sacram
699 859 830 903 Dioscoro
838 866 871 893 ln
885 859 1102 893 Alexandriam
1112 880 1122 900 ,

237 917 380 954 praecepit
408 921 441 944 ut
466 923 531 944 cum
558 913 653 944 decem
680 912 917 951 Metropolitanis
945 905 1100 951 Episcopis
1111 932 1122 948 ,

240 973 312 1003 quos
326 962 456 1004 voluisset
466 960 527 1002 ipse
537 962 641 1003 eligere
652 984 661 999 ,
689 965 806 993 veniret
817 957 969 1001 Ephesum
979 983 990 998 ,
1016 960 1051 991 ζ’]
1060 968 1122 991 con·

236 1020 357 1054 gregato
375 1009 535 1054 universali
556 1011 686 1048 Concilio
698 1034 712 1055 9
739 1008 908 1054 Eutycbetis
927 1006 1047 1058 causam
1069 1009 1122 1045 di-

234 1059 379 1103 seutent.

230 1105 235 1109 ’
287 1109 368 1142 Non
382 1110 483 1146 servat
495 1118 601 1142 retum
612 1107 773 1142 ordinem.
787 1107 921 1145 Etenim
933 1107 1004 1152 post
1015 1106 1121 1146 Sancti

235 1159 384 1193 Flaviani
406 1159 579 1201 Synodum
602 1159 770 1202 Eutyches
789 1159 891 1201 ipsam
912 1169 990 1197 ante
1009 1159 1122 1193 omnia

230 1209 348 1250 {falsare
367 1208 516 1249 studuit,
542 1209 683 1252 ideoque
695 1208 893 1252 postulavit,
918 1219 957 1242 ac
977 1208 1123 1251 impetra-

238 1260 285 1292 vit
297 1268 511 1298 memoratam
535 1259 726 1297 tevifionem
739 1283 747 1291 .
776 1258 819 1291 Et
831 1258 988 1301 quoniam
999 1269 1045 1291 res
1055 1269 1122 1292 non

237 1308 429 1343 succedebat
436 1308 479 1346 ad
492 1319 605 1345 votum
618 1333 629 1349 ‚
642 1310 674 1346 se
685 1308 853 1353 appellasse
862 1309 907 1342 est
920 1308 1125 1351 protestatus,

237 1360 334 1403 utque
355 1360 399 1392 ita
421 1368 559 1393 conatus
579 1359 625 1392 est
647 1357 836 1402 suspendere
857 1357 1036 1407 judicium.
1066 1359 1125 1392 Ast

236 1408 375 1453 probare
399 1419 464 1442 non
478 1409 588 1452 potuit
600 1433 611 1449 ‚
637 1408 778 1451 ideoque
790 1420 849 1443 nec
862 1409 987 1448 invenit
1004 1408 1103 1449 fidem
1116 1434 1125 1447 ,.

234 1458 330 1498 Hinc
341 1470 465 1494 novam
476 1460 629 1493 formavit
640 1459 909 1502 appellationem,
923 1469 991 1498 non
1000 1459 1043 1498 ,ad
1057 1471 1126 1497 om-

235 1521 294 1544 nes
305 1508 520 1549 Patriarchas,
532 1508 585 1542 sed
597 1509 637 1543 ad
650 1508 753 1543 solum
762 1508 884 1553 Papam
896 1509 1055 1544 Leonem.
1083 1510 1126 1549 Et

233 1571 317 1598 mox
340 1559 509 1593 transmisit
520 1559 748 1603 appellationis
769 1558 938 1599 libellum,
967 1561 1127 1595 accusato-

236 1610 322 1644 riu-m
334 1610 481 1651 libellum
498 1609 628 1643 Eusebii
649 1610 867 1652 Dorylaeenfis
891 1610 1066 1654 Episcopi,
1092 1612 1126 1645 &

236 1661 329 1703 plura
339 1659 608 1694 instrumemaEt
618 1659 1010 1702 ImperatorTheodofius
1022 1662 1126 1704 ipsum

236 1717 388 1755 potenter
395 1708 467 1752 adju
474 1709 520 1742 vit
532 1710 595 1744 suis
603 1710 643 1747 ad
654 1708 774 1753 Papam
786 1710 909 1744 litteris.
930 1709 1056 1744 Verum
1067 1722 1127 1745 nec

235 1759 317 1793 huic
326 1758 537 1803 appellationi
550 1759 724 1795 Flavianus
736 1759 853 1799 detulit
865 1785 875 1801 ‚
901 1761 1036 1795 afferens
1062 1763 1127 1795 sen·

236 1810 377 1857 tentiam
389 1809 544 1843 tranfiiffe
556 1808 589 1842 in
604 1820 670 1843 rem
683 1810 859 1853 judicatam
869 1835 880 1850 ‚
905 1812 939 1845 δε
951 1811 1042 1854 plura
1054 1812 1125 1846 alia.

234 1858 330 1893 Hinc
343 1857 510 1902 Eutyches
520 1861 686 1903 proposuit
697 1859 826 1895 libellos
847 1860 1108 1896 Contestatorios
1121 1889 1128 1896 .

233 1907 281 1943 Et
307 1908 419 1942 denuo
441 1919 516 1942 cum
532 1909 647 1944 litteris
658 1911 830 1947 transmisit
843 1909 884 1943 ad
906 1909 1106 1954 Pontificem
1121 1937 1128 1943 .

233 1958 280 1993 Et
292 1957 515 1993 aTheodofio
531 1958 679 1998 obtinuit
705 1960 764 1993 suae
776 1960 986 2002 appellationi
1004 1960 1125 2004 suspen>

234 2009 336 2043 slvum
348 2007 508 2043 effetlum.
534 2009 599 2042 His
611 2011 767 2049 motus,&
778 2010 893 2044 anxius
906 2011 1065 2046 Pontifex
1078 2012 1126 2044 so-

236 2058 322 2091 latus
337 2058 382 2091 est
397 2058 616 2102 Eutychetem
628 2069 684 2101 per
696 2058 851 2102 ambigua
863 2059 897 2092 dc
910 2060 949 2092 ad
963 2058 1080 2101 ipsum,
1092 2060 1126 2092 &

235 2105 279 2141 ad
292 2106 476 2153 Principem
491 2107 670 2150 Rescripta,
680 2108 714 2141 ὃς
727 2108 955 2141 SFlavianum
970 2109 1078 2152 arguit
1088 2107 1127 2144 de

237 2157 388 2201 neglessu
412 2157 597 2191 relationis.
627 2157 721 2191 Hinc
733 2158 908 2194 Flavianus
925 2156 1034 2192 statim
1046 2168 1126 2192 retu·

234 2206 293 2239 lit.
327 2207 367 2239 Et
380 2205 474 2247 hujus
493 2208 538 2240 rei
553 2208 703 2243 conscius
715 2205 881 2250 Eutyches
893 2218 960 2242 non
981 2209 1125 2251 quievit.

233 2256 430 2290 flavianum
442 2256 526 2298 apud
536 2256 726 2299 Principem
739 2258 884 2291 traduxit
896 2258 936 2291 de
948 2258 1105 2292 Nestoi-io
1116 2282 1127 2297 ,

236 2307 271 2339 &
285 2304 367 2342 adeo
390 2306 544 2351 impressit
557 2329 567 2344 ‚
594 2317 630 2340 ut
655 2306 799 2349 optimus
811 2305 957 2341 Antistes
968 2308 1052 2341 sacra
1063 2308 1124 2350 Juss

235 2355 327 2388 sione
338 2354 523 2397 compulsus
543 2356 640 2389 fuerit
664 2357 792 2399 propria
815 2367 915 2391 manu
939 2357 1073 2394 scribere
1091 2357 1127 2390 li-

236 2403 359 2437 bellum
384 2402 483 2444 fidei,
508 2405 604 2447 atque
627 2405 671 2438 ita
693 2406 724 2442 se
745 2405 786 2440 de
798 2405 956 2443 Nestoi-io
971 2418 1125 2451 purgare.

235 2453 469 2488 Dubitandum
480 2465 548 2488 non
561 2453 620 2494 est,
633 2455 715 2502 quin
729 2454 795 2490 haec
808 2456 920 2492 omnia
933 2456 1074 2490 retulerit
1087 2457 1126 2491 ad

235 2504 355 2542 Sedem
379 2504 608 2548 Apostolicam
634 2530 642 2537 .
671 2505 756 2552 (ζμ-τε
779 2506 878 2548 coepit
904 2517 971 2539 rem
994 2518 1107 2550 capere
1117 2531 1127 2546 ‚

235 2555 270 2589 δι
296 2565 421 2589 novum
447 2553 687 2592 haeresiarcham
713 2556 846 2589 aversati
860 2577 868 2585 ·
897 2556 1001 2603 Qod
1021 2556 1127 2600 ipsum

237 2604 368 2639 rescivit
381 2603 550 2648 Eutyches
560 2630 567 2637 .
594 2605 686 2641 Hinc
697 2606 809 2643 statuit
819 2605 918 2641 etiam
940 2607 958 2639 a
969 2605 1057 2650 Papa
1069 2618 1129 2650 ap-

237 2654 427 2698 pellandum
454 2654 495 2689 ad
518 2655 680 2691 Generale
700 2655 913 2690 Concilium:
943 2656 986 2694 Et
1003 2657 1044 2691 de
1062 2655 1127 2692 hoc

237 2705 446 2739 momentoso
472 2705 611 2749 negotio
634 2705 843 2742 consulturus
862 2705 945 2742 abiit
974 2705 1127 2742 Alexan-

237 2755 342 2790 driam
367 2754 409 2789 ad
422 2754 481 2789 fibi
493 2754 712 2789 fideliffimurn
726 2756 941 2793 Dioscorum.
970 2756 1070 2804 Qod
1082 2757 1127 2801 ip-

237 2806 307 2840 sum
329 2803 415 2848 apud
438 2805 648 2842 Eranciscum
669 2805 839 2844 Combefis
858 2806 967 2841 scribit
990 2808 1125 2851 antiqua

239 2856 383 2891 narratio
401 2855 442 2889 de
463 2854 556 2890 rebus
579 2855 743 2891 Armeniae
767 2869 779 2890 .-
805 2856 950 2896 Eutyches
980 2860 1000 2890 ἅ
1021 2857 1126 2892 santio

239 2904 394 2939 Flaviano
403 2906 568 2940 damnatus
581 2930 592 2945 ‚
617 2906 686 2939 adit
700 2905 867 2949 Dioscorum
878 2931 889 2946 ,
913 2919 1022 2951 rogans
1034 2915 1067 2943 ut
1076 2916 1125 2950 pe-

239 2962 289 2987 tat
311 2951 350 2988 ab
370 2957 547 2995 Imperatore
567 2957 708 2995 synodum
729 2957 872 2990 celebrari
900 2956 1015 2999 Ephesi
1029 2981 1040 2997 ,
1065 2969 1126 3000 qua

241 3005 415 3040 Flavianus
423 3004 626 3040 condemnetur
636 3029 646 3045 ‚
672 3005 733 3049 ipse
743 3016 841 3040 autem
854 3006 995 3046 Eutyches
999 3008 1030 3051 J
1032 3008 1126 3041 udicio

239 3051 413 3096 absolvatur
425 3078 432 3085 .
461 3052 615 3097 Diofiorus
627 3066 727 3091 autem
738 3059 829 3099 atque*
844 3056 990 3096 Eutyches
1001 3063 1127 3093 immani

239 3105 308 3136 odio
320 3110 494 3144 occupantur
504 3128 516 3145 ,
541 3103 712 3148 baudsecus
724 3109 815 3150 atque³
831 3118 934 3143 corvus
945 3113 978 3143 in
989 3119 1104 3142 nemore
1115 3133 1125 3148 ,

240 3155 275 3187 Θ
296 3153 461 3196 nycticorax
471 3159 503 3188 in
507 3159 637 3195 petrinis
652 3166 686 3189 ac
707 3157 878 3193 ruderibus.
907 3159 990 3193 Duae
1003 3156 1052 3192 hae
1062 3159 1124 3202 pes-

238 3205 326 3237 firnae
349 3202 460 3246 viperae
478 3202 526 3237 ibi
547 3215 766 3248 conceperunt
785 3208 883 3243 etiam
896 3209 1046 3245 Leonem
1066 3208 1124 3246 Pa-

238 3264 314 3297 pam
335 3251 552 3288 accusandum
568 3253 611 3288 de
620 3253 776 3292 Nestorio
789 3279 801 3297 ,
825 3257 867 3292 ab
878 3259 949 3302 ipso
962 3258 1124 3305 appellan-

239 3305 319 3339 dum
330 3304 370 3337 ad
383 3303 580 3341 Gener-alem
596 3304 770 3347 Synodum
779 3331 790 3349 ,
816 3308 990 3343 sistendum
1002 3309 1044 3343 ab
1056 3309 1124 3352 ipso

240 3353 306 3398 ‘pm
325 3364 468 3397 coeptum
494 3354 652 3398 impetum
674 3378 686 3396 ‚
709 3355 778 3398 ejus
797 3358 933 3403 agendis
951 3359 1122 3402 capistrum

1901 136 1995 182 295

1184 204 1389 240 Praefidentia
1406 206 1522 243 futura:
1539 206 1692 251 synodi,
1717 210 1752 246 &
1775 209 1862 248 hanc
1882 210 2067 248 devolven-

1184 256 1259 290 dam
1282 256 1317 289 in
1328 256 1529 295 Dioscorum
1540 281 1548 288 .
1577 257 1621 292 Et
1633 262 1744 298 omnia
1755 273 1812 306 per
1823 260 2069 307 Chrysaphium

1186 305 1386 347 Eunuchum
1397 307 1415 341 ὲ
1425 306 1562 350 fimplici
1573 306 1764 347 Theodofio
1785 306 1999 351 obtinuerunt
2008 338 2018 347 .

1231 356 1289 395 De
1302 357 1456 396 Romana
1478 355 1677 400 Eutychetis
1697 362 1916 403 appellatione
1931 362 2020 399 ⁴dixit
2032 364 2071 401 in

1164 431 1166 434 ψ
1185 407 1403 451 Synodalium
1413 406 1471 442 sub
1482 407 1598 446 Sansto
1609 407 1768 442 Flaviano
1773 410 1931 450 ,Actorum
1938 414 2072 450 revifio..

1187 469 1227 492 ne
1239 458 1373 495 Sanctus
1384 458 1535 496 Seleucus
1545 483 1557 499 ‚
1582 455 1765 496 Amasenus
1780 459 1955 505 Episcopus
1965 487 1977 504 ,
2001 464 2072 500 He.

1188 508 1379 542 leno-Ponti
1401 507 1619 552 Metropolita
1642 521 1650 542 ε
1678 511 1855 551 Anticipans
1880 513 2073 547 Reverentia:

1188 560 1335 591 Diaconus
1356 557 1519 600 Eleufinlus
1539 559 1625 594 dixit
1644 559 1795 597 libellumv
1809 559 1942 602 obtultffe
1967 561 2073 605 sanilo

1185 611 1354 644 Conventui
1378 610 1657 649 Reverendifflmum
1690 608 1981 646 Archi—Mandatum
2001 635 2012 651 ,
2037 618 2074 645 in

1187 669 1243 700 quo
1264 658 1379 692 dicebat
1399 657 1618 701 ,Expeditionem
1634 659 1707 702 fidei
1723 666 1873 695 *contineri
1885 684 1894 691 .
1921 662 2075 703 ,Quoniam

1189 711 1257 741 vero
1270 718 1340 742 ante
1348 720 1458 751 paucos
1469 710 1533 742 dies
1543 711 1652 744 litterae
1667 708 1837 752 sant‘liffimi
1849 708 2073 753 Archa-Episco-

1185 763 1219 800 pi
1229 761 1426 794 Romanorum
1440 757 1596 800 insinuat-e
1601 757 1767 802 suntnobis
1777 785 1788 801 ,
1810 765 1993 794 continentes
2004 765 2077 803 quia

1187 808 1301 849 questus
1312 808 1349 849 est
1362 809 1627 849 ,Reverendtffimus
1640 809 1901 846 Archi-,Mandrita
1912 809 2076 851 Eutyches,

1189 860 1223 896 j&
1245 860 1412 900 appellavit
1432 865 1467 893 in
1486 867 1616 901 ‚tempore
1636 865 1869 896 examinationis
1889 860 2015 900 nostram
2024 871 2078 894 aa·

1188 910 1332 946 dientiam
1339 916 1395 951 per
1406 911 1554 946 dationem
1560 909 1654 947 ‚libelli
1663 934 1670 941 .
1703 912 1750 942 Et
1764 910 1829 946 ideo
1837 909 1901 951 post
1911 911 2080 946 damnatio-

1189 969 1256 991 nem
1277 969 1342 991 eum
1361 958 1650 997 Archi-Mandatum
1671 965 1937 998 renominaverunt
1959 985 1966 992 .
1994 963 2079 1003 ‚Quo-

1188 1009 1271 1040 modo
1293 1019 1370 1042 nunc
1391 1007 1523 1048 instans,
1547 1011 1582 1043 (5
1602 1011 1706 1043 dicens
1723 1010 1761 1045 de
1768 1009 1834 1052 fide
1853 1008 1908 1052 ¹effe
1922 1008 2079 1052 libellum,

1186 1058 1274 1098 apud
1291 1056 1499 1101 sanfflffimum
1521 1057 1700 1101 Episcopum
1711 1053 1910 1096 Romanorum
1928 1057 2080 1102 recusatio-

1187 1113 1300 1146 nemin
1311 1110 1330 1140 5
1326 1110 1418 1146 ,nodo
1427 1109 1656 1149 appellationem
1666 1115 1836 1143 nominavit
1851 1111 1864 1144 ?
1891 1112 1937 1143 Et
1946 1108 2016 1144 binc
2028 1110 2079 1143 do-

1189 1163 1246 1194 ceri
1265 1158 1381 1194 debetis
1392 1180 1405 1197 ,
1429 1163 1569 1198 quoniam
1582 1169 1639 1191 non
1659 1164 1691 1191 in
1704 1157 1810 1201 eisdem
1816 1168 1974 1201 permnet
1984 1162 2080 1195 Reve-

1189 1207 1369 1248 rendtffimus
1380 1205 1640 1246 Archi-Mandata
1649 1232 1657 1239 .
1674 1210 1722 1244 Ee
1730 1208 1840 1254 postulo
1849 1208 1996 1255 epistolam
2003 1217 2081 1252 prr

1187 1258 1286 1296 latam
1298 1258 1387 1305 relegi
1397 1281 1408 1294 2
2002 1253 2006 1256 ⁷

1242 1306 1410 1343 Discimus
1430 1304 1510 1345 hine
1532 1307 1618 1341 vatia
1632 1331 1639 1339 .
1666 1305 1798 1346 Primo,
1824 1307 1916 1351 quod
1936 1316 2013 1343 ante
2034 1306 2083 1342 in»

1177 1356 1345 1392 ¹choatam
1369 1354 1455 1391 hanc
1473 1358 1665 1395 tevifionem
1687 1354 1856 1401 Eutyches
1874 1358 2020 1393 Romam
2029 1369 2084 1402 ap·

1192 1407 1341 1452 pellatit3
1367 1407 1530 1445 affirmans
1543 1408 1617 1444 sein
1629 1407 1695 1451 ipsa
1705 1406 1804 1442 etiam
1816 1406 1953 1451 Synodo
1966 1418 2028 1451 app

1192 1458 1267 1492 lasse
1280 1483 1287 1490 .
1313 1458 1358 1496 Et
1378 1457 1511 1502 quidem
1523 1469 1577 1502 per
1598 1457 1847 1496 datoslibeuos.
1874 1456 1916 1493 Se
1927 1458 2018 1502 appel
2067 1474 2083 1485 ο

1192 1509 1224 1546 se
1254 1508 1457 1543 audientiam
1491 1508 1640 1544 Romani
1674 1507 1847 1545 Pontificis
1869 1532 1877 1540 .
1904 1509 2010 1544 Secun
2066 1530 2082 1548 ‚

1189 1557 1280 1603 quod
1290 1559 1420 1603 questus
1432 1558 1528 1592 fuerit
1539 1558 1638 1592 istum
1650 1557 1800 1597 libellum
1820 1558 1916 1597 >fuisse
1925 1558 2083 1605 rejestum

1193 1610 1210 1643 a
1221 1609 1338 1649 Sancto
1351 1608 1510 1643 Flaviano
1519 1633 1531 1650 ,
1556 1608 1697 1652 ideoque
1708 1609 1814 1652 ipsum
1826 1608 1969 1653 graviter
1988 1618 2084 1642 accu-

1193 1661 1285 1700 sarit.
1313 1659 1455 1698 Tertio,
1482 1658 1572 1703 quod
1583 1658 1717 1693 Sanetus
1728 1658 1800 1694 Leo
1811 1657 1873 1693 hac
1894 1658 1935 1693 de
1950 1669 1985 1692 te
2009 1657 2084 1692 scri-

1195 1710 1290 1754 pserit
1302 1720 1371 1743 non
1384 1709 1424 1747 ad
1438 1709 1543 1747 solum
1558 1709 1750 1742 Flavianum
1763 1731 1774 1748 ,
1784 1708 1839 1743 sed
1849 1708 1950 1743 etiam
1960 1707 2001 1742 ad
2011 1717 2084 1742 om·

1193 1771 1270 1794 nem
1284 1758 1350 1802 ejus
1363 1759 1537 1802 Synodum
1546 1784 1555 1796 ,
1582 1758 1647 1792 Hae
1658 1758 1772 1792 litterae
1784 1758 1963 1801 perierunt.
1974 1758 2084 1805 Qat-

1193 1809 1251 1850 to,
1274 1810 1366 1853 quod
1381 1809 1539 1844 Pontifex
1553 1809 1700 1847 videatur
1708 1808 1963 1855 appellationem
1974 1806 2084 1842 admi·-

1194 1861 1261 1894 fiffe
1281 1884 1292 1900 ‚
1320 1861 1353 1894 δε
1372 1861 1429 1903 ipsi
1451 1860 1645 1903 adscripsisse
1664 1859 1883 1903 suspensivum
1909 1858 2083 1895 effectum.

1195 1911 1274 1947 Hoc
1286 1911 1430 1942 innuunt
1445 1910 1502 1942 ista
1515 1909 1609 1943 verba
1621 1922 1632 1942 .·
1659 1912 1705 1942 Et
1715 1908 1849 1950 ideopost
1860 1910 2083 1944 damnationem

1194 1970 1260 1993 eum
1282 1957 1390 1992 Archl-
1404 1958 1595 1991 Mandritam
1629 1963 1892 1993 renominaverunt
1911 1983 1918 1990 .
1948 1957 2085 2002 Utique

1194 2010 1339 2045 Romani
1351 2033 1359 2044 ,.
1386 2006 1519 2056 Qinto
1529 2008 1726 2042 addiscimus
1737 2032 1748 2048 ,
1762 2007 1852 2052 quod
1866 2008 1964 2044 istum
1976 2009 2084 2051 ipsum

1195 2057 1343 2094 libellum
1356 2081 1367 2097 ‚
1394 2067 1492 2100 quem
1519 2057 1703 2092 Eleufinius
1715 2081 1725 2097 ,
1751 2057 1949 2100 Eutychetis
1961 2058 2084 2091 Mona-

1193 2106 1272 2141 chus
1294 2106 1329 2142 &
1353 2106 1516 2150 Legatos,
1541 2105 1608 2151 jam
1629 2104 1758 2142 dicebat
1769 2106 1863 2140 fuisse
1882 2106 1977 2144 fidei,
2005 2117 2084 2140 con-

1193 2158 1354 2191 tinentem
1378 2156 1550 2193 Nicaenum
1560 2167 1598 2190 ac
1611 2154 1811 2199 Ephefinum
1824 2155 1865 2189 de
1884 2156 1949 2189 fide
1960 2156 2084 2189 Decre-

1193 2217 1264 2243 tum
1276 2230 1287 2247 ,
1315 2206 1378 2249 ipse
1401 2204 1571 2249 Eutyches
1594 2205 1629 2238 in
1654 2205 1771 2239 litteris
1783 2205 1824 2240 ad
1835 2205 1988 2240 Sannum
1998 2206 2086 2241 Leo·

1194 2268 1269 2291 nem
1282 2257 1436 2300 scripserit
1446 2255 1540 2289 fuisse
1552 2255 1795 2298 appellationis.
1823 2255 1945 2290 Libelli
1964 2253 2084 2298 hujus,

1191 2307 1350 2349 quoniam
1371 2306 1391 2343 ὲ
1410 2305 1528 2343 Sancto
1552 2305 1713 2339 Flaviano
1731 2316 1792 2339 nec
1802 2306 1955 2340 admissus
1967 2317 2026 2340 nec
2038 2305 2086 2340 le·

1192 2358 1261 2390 stus
1273 2356 1376 2392 fuerat
1390 2380 1400 2398 ‚
1428 2353 1655 2391 nesciebantur
1665 2365 1843 2390 contenta:
1871 2355 1964 2389 Hinc
1976 2355 2082 2398 Euty-

1191 2406 1269 2443 ches
1291 2406 1377 2449 apud
1399 2404 1597 2442 Pontificem
1620 2415 1769 2448 potuerat
1793 2405 1902 2439 secure
1924 2406 2076 2439 mentiri.

1193 2456 1241 2489 At
1266 2467 1341 2490 ecce
1360 2454 1428 2497 ejus
1450 2452 1640 2490 Monachus
1664 2454 1698 2489 in
1710 2454 1869 2489 revifione
1886 2455 2081 2497 perimpru-

1170 2496 1178 2576 Ι
1191 2506 1322 2541 dentem
1337 2504 1571 2547 loquacitatem
1583 2502 1727 2547 prodidit
1739 2504 1946 2538 mendacium
1956 2529 1963 2537 .
1987 2505 2080 2553 Qa-

1190 2556 1223 2591 te
1244 2557 1378 2590 Sanctus
1386 2554 1537 2591 Seleucus
1562 2553 1682 2590 metito
1694 2554 1778 2590 dixit
1790 2553 1831 2588 ad
1840 2564 1975 2588 omnem
1987 2553 2080 2590 hunc

1190 2607 1423 2641 Conventum:
1453 2609 1529 2637 Hinc
1538 2605 1632 2638 doceri
1642 2604 1758 2640 debetis
1773 2628 1785 2644 ,
1811 2609 1952 2646 quoniam
1972 2610 2078 2638 nonin

1187 2655 1295 2699 eisdem
1303 2664 1459 2702 permanet
1473 2655 1739 2694 Reverendzffimus
1749 2653 2004 2690 Archi-Mandata
2015 2657 2079 2687 Eu-

1187 2705 1298 2746 tyches.
1332 2706 1375 2739 Et
1390 2705 1568 2749 postulavit
1581 2704 1712 2750 proferri
1728 2703 1899 2749 epistolam
1913 2729 1923 2746 ‚
1949 2715 1987 2738 ac
1999 2705 2079 2749 legi.

1189 2757 1246 2791 An
1257 2754 1451 2799 Eutychetis
1462 2753 1502 2790 ad
1514 2756 1660 2792 Leonem
1673 2779 1683 2795 ,
1712 2766 1755 2791 an
1767 2755 1891 2790 Leonis
1902 2754 2078 2798 epistolam

1188 2806 1228 2844 ad
1250 2805 1448 2853 Synodum,
1472 2805 1518 2840 est
1545 2805 1760 2849 ambiguum.-
1788 2805 1939 2840 Forsitan·
1956 2815 2079 2840 utram-

1187 2868 1271 2901 que.
1298 2855 1450 2900 Utraque
1470 2854 1515 2891 est
1539 2855 1658 2899 perdita
1681 2882 1696 2891 ,.
1716 2855 1810 2890 Hinc
1834 2857 1925 2899 plura
1948 2855 2079 2901 ignota-

1187 2917 1278 2942 mus.
1307 2906 1442 2943 interim
1454 2904 1545 2942 sexto
1559 2905 1710 2939 discimus
1732 2905 1983 2940 fundamentum
1997 2928 2008 2944 ,
2032 2916 2080 2938 ex*

1186 2969 1255 3001 quo
1276 2955 1445 3002 Eutyches
1467 2955 1625 2991 Pontifici
1649 2955 1805 2998 scripserit
1817 2955 1847 2989 se
1857 2954 1898 2990 ad
1918 2955 2024 2998 ipsum
2038 2955 2075 2988 in

1187 3007 1251 3050 ipsa
1264 3004 1403 3049 Synodo
1415 3005 1627 3049 pei-libellum
1637 3005 1807 3050 appellasse
1818 3029 1826 3036 .
1854 3003 1990 3041 Etenim
2009 3005 2075 3038 fine

1186 3058 1263 3092 fuco
1285 3056 1420 3092 mentiri
1441 3055 1548 3092 fuisset
1569 3056 1708 3090 intanto
1722 3053 2007 3091 Archi-Mandrita
2026 3051 2077 3089 ni·

1186 3108 1247 3142 mis
1259 3107 1430 3151 impudens
1441 3131 1449 3138 .
1476 3105 1623 3149 Septimo
1634 3104 1805 3144 discimus,
1824 3103 1914 3150 quod
1928 3103 1993 3139 haec
2007 3105 2075 3138 Ro·

1186 3169 1281 3192 mana
1292 3156 1469 3200 appellatio
1481 3156 1623 3201 aliquem
1636 3156 1792 3202 temporis
1802 3156 1936 3189 tractum
1956 3153 2077 3188 habue-

1185 3209 1227 3243 tit
1238 3233 1249 3250 ,
1276 3207 1309 3243 ἀ
1323 3207 1426 3240 varias
1438 3205 1525 3242 ultro
1535 3206 1683 3249 citroque
1705 3205 1911 3241 transmiserit
1927 3205 2049 3238 litteras
2060 3217 2072 3237 :

1186 3258 1313 3295 Harum
1333 3257 1479 3291 carentia
1501 3256 1597 3296 facit,
1627 3266 1663 3292 ut
1685 3256 1778 3293 istius
1789 3255 1953 3301 originem
1976 3255 2074 3288 &de-

1184 3309 1310 3345 cursum
1321 3306 1470 3347 distincte
1483 3317 1520 3340 ac
1532 3304 1625 3349 plene
1636 3318 1704 3342 non
1719 3306 1872 3341 sciamus.

1233 3357 1330 3394 Certe
1340 3368 1470 3400 oportet
1483 3356 1702 3400 Eutychetem
1713 3357 1806 3391 fuisse
1817 3354 1987 3390 hominem
2002 3353 2074 3386 insi·

243 3401 459 3445 injiciendum
483 3404 684 3450 &Principta
714 3406 819 3450 ipsum
839 3408 1081 3444 excludendum
1105 3410 1122 3443 a
1181 3409 1290 3457 gnitet
1302 3406 1547 3452 impudentem.
1575 3407 1709 3442 Etenim
1722 3408 1757 3443 in
1769 3407 1850 3445 suae,
1876 3404 1917 3438 ad
1943 3401 2070 3445 Ephesi·

1944 3462 2024 3488 num
