2326 3718
399 135 494 194 358

857 150 924 180 DE
959 134 1046 181 Ro
1068 148 1227 179 MANA
1265 134 1736 182 Appmmtnomz

321 226 388 252 nem
413 220 521 250 erroris
544 226 603 250 non
624 218 778 251 venerant
800 241 811 259 ,
836 228 871 251 ac
898 217 1060 260 propterea
1092 214 1211 259 resciffis
1274 225 1346 251 tum
1368 219 1414 252 est
1435 241 1447 259 ,
1471 219 1562 264 quod
1594 221 1684 255 suam
1712 219 1731 255 ὲ
1752 218 1968 260 Tla'eodoreto
1998 237 2155 264 commu·-

324 267 559 309 Pseudo-synodi
583 266 666 301 Auis
684 290 696 308 ,
731 279 781 302 res
803 268 865 302 illis
892 266 949 310 sua
970 271 1088 310 integra
1119 276 1207 300 erat:

319 315 523 351 Theodoretus
561 327 662 352 autem
694 320 780 362 longe
808 325 879 350 anie
914 315 1096 357 Ephesinum
1129 320 1213 349 Con-

315 376 443 400 ventum
475 366 623 412 suspedlae
641 367 717 411 fidei
739 374 855 401 notatus
876 364 982 406 fuerat
1003 368 1025 398 ἃ
1046 365 1209 400 catholica

310 415 472 460 sententiae
487 418 776 463 propugnatoribus,
804 413 936 454 Nestorio
958 414 1042 458 visus
1069 426 1135 450 erat
1152 425 1211 458 pa-

314 472 481 508 trocinari,
506 469 541 503 ά
555 480 593 502 ex
618 471 728 502 erroris
754 463 916 508 suspicione
939 465 1047 510 ansam
1077 472 1208 508 arripue-

311 525 363 550 rat
384 522 547 560 Imperator
569 529 634 551 eum
656 519 677 548 ἃ
700 517 808 554 synodo
826 518 1019 550 removendi.

309 568 346 601 (ἓν
368 569 390 600 ἃ
413 571 508 601 Leone
525 574 558 599 in
580 572 807 599 communionem
830 575 983 608 receptus,
1011 567 1046 600 ό·
1063 568 1108 600 ad
1115 566 1204 600 Chal

309 617 463 660 tedonense
485 617 650 649 Concilium
668 614 820 658 accersitus
833 617 900 660 effet
911 621 1105 659 Imperatoris
1125 619 1202 650 Edi-

306 667 352 701 80
364 692 376 708 ,
404 678 461 700 non
481 665 532 698 boc
553 675 653 699 tamen
674 678 730 700 uno
761 667 954 700 diluebantur
974 672 1107 709 antiquae
1134 666 1199 711 sus-

302 723 433 760 piciones
458 740 468 755 ,
492 714 548 758 sed
577 715 682 758 futuro
707 717 820 759 judicio
842 723 896 750 via
926 717 1096 758 parabatur
1119 742 1129 758 ,
1154 725 1199 751 cui

306 769 340 800 (¹5
365 768 431 805 eius
460 765 538 807 fides
573 765 758 810 discutienda
780 791 791 807 ‚
817 769 852 802 ὦ*
884 766 1126 811 adversariorum
1152 779 1196 801 ac·

303 814 466 859 cusationes
505 818 718 851 examinandae
744 815 949 861 servabamur
983 843 990 850 .
1028 820 1103 851 Inde
1137 819 1195 859 est,

302 868 384 909 quod
407 866 573 911 judicibus
597 871 702 900 Laicis
729 869 875 900 introduci
896 869 1019 902 eundem
1050 875 1084 901 in
1116 871 1206 913 Syno-
1235 902 1239 906 ,

301 919 376 951 dum
410 916 628 959 postulantibus
675 919 772 958 juxta
807 923 1000 960 Imperatoris
1036 914 1197 958 Ediiiuns,

300 978 361 1001 non
392 974 479 1010 pauci
500 968 599 1009 aliqui
624 965 762 1010 Episcopi
785 993 795 1009 ,
820 977 854 1001 ut
879 971 1002 1003 videtur
1025 971 1195 1009 nonnullis,

296 1016 355 1059 fid
384 1018 469 1061 longe*
500 1018 626 1059 plurimi
641 1042 657 1059 ‚‚
683 1021 823 1062 AEgyptli
858 1016 1029 1059 videlicet',
1059 1019 1195 1058 'Palaesti-

299 1074 333 1100 ni
357 1092 367 1108 ‚
394 1070 428 1102 <¹2⁶
450 1068 605 1106 Illyriciani
626 1094 636 1109 ,
662 1070 870 1103 clamaverunt
893 1081 912 1102 .·
932 1073 989 1102 Hos
1016 1077 1094 1104 inter
1119 1073 1195 1111 Epi-

294 1116 396 1161 ftopos
430 1120 592 1157 Illyriciani
631 1122 740 1154 Ducem
777 1120 927 1154 habebant
963 1121 1194 1163 Thessalonicen-

292 1166 355 1210 sem
391 1168 570 1212 Episcopum
592 1193 603 1210 ‚
629 1178 680 1213 qui
705 1177 875 1204 cum‘vices
897 1175 1023 1203 Romani
1051 1170 1196 1213 Episcopi

289 1229 406 1263 gereret
428 1224 461 1253 in
484 1221 613 1259 Illyrico,
639 1221 678 1252 ab
707 1222 769 1259 ejus
792 1229 863 1253 nutu
884 1221 1059 1262 pendebat,
1087 1231 1137 1252 nec
1149 1230 1193 1251 ta-

292 1279 362 1302 men
388 1269 552 1311 Apostolicae
576 1270 660 1301 Sedis
696 1271 845 1309 judicium
871 1293 879 1305 ,
906 1280 962 1310 quo
996 1268 1188 1302 Theodorctus

292 1318 333 1352 ab
357 1324 436 1352 omni
458 1317 574 1357 haerefis
598 1319 713 1350 macula
736 1320 865 1351 mundus
894 1323 1111 1360 pronunciatus
1125 1318 1182 1360 fue

292 1377 343 1401 rat
355 1390 366 1406 ,
392 1367 504 1407 obstare
526 1369 654 1400 credidit
671 1389 681 1405 ,
707 1369 863 1410 quominus
887 1371 935 1402 ille
957 1370 978 1400 a*
1002 1371 1110 1407 synodo
1126 1380 1188 1403 tan·

294 1418 390 1459 qutim
414 1419 454 1451 de
474 1416 538 1459 fide
563 1429 603 1450 cx
629 1422 753 1460 antiquo
783 1418 940 1461 suspet‘lus
967 1427 1187 1453 removeretur.
1231 1424 1234 1433 ’

288 1469 423 1502 Rursum
447 1467 708 1508 veroinstannbus
725 1470 895 1514 ⁴Judieibus
908 1481 971 1503 cum
994 1476 1104 1511 recipi,
1131 1476 1188 1504 vix

287 1519 413 1552 tandem
437 1524 650 1560 acquieverunt
685 1520 758 1552 dic‘li
782 1518 922 1563 Episcopi
945 1543 954 1558 ‚
980 1520 1063 1562 quafi
1078 1532 1118 1554 ex
1144 1527 1187 1554 in—

287 1569 442 1612 dulgentia
456 1579 491 1601 ae
502 1566 743 1611 dispensatIone:
770 1574 843 1603 Non
861 1572 949 1611 prius
973 1581 1073 1603 tamen
1094 1573 1186 1614 queim

285 1622 419 1652 Maximi
453 1618 626 1652 Antiochou·
654 1622 810 1652 'primatis
843 1619 891 1662 sui
918 1621 1076 1657 tesi'imoni'o
1105 1623 1187 1655 nulla

283 1669 417 1703 baeretici
434 1667 539 1713 sensus
555 1668 634 1711 peste
659 1670 709 1712 tffc
733 1670 864 1710 infedlus
889 1671 1086 1706 Theodoretus
1116 1681 1185 1714 pro-

283 1720 405 1754 bamur
428 1745 438 1761 ‚
465 1722 500 1754 6·
529 1719 650 1763 insuper
681 1722 887 1762 pollicerentur
904 1724 1040 1766 Judices
1074 1723 1185 1756 nullum

284 1782 320 1805 eu
343 1769 510 1814 praesentia
525 1772 605 1804 illius
613 1772 825 1812 piaeJudicium
848 1774 1009 1806 creandum
1020 1774 1093 1816 esse,
1119 1785 1185 1807 cau·

279 1820 407 1865 samque
427 1828 577 1864 integram
591 1821 698 1863 futuro
714 1828 852 1855 examini
878 1823 930 1866 effe
947 1821 1183 1866 reservandam.

285 1877 344 1907 His
356 1871 497 1914 impofitis
513 1870 730 1929 conditionibus
754 1874 878 1907 tandem
888 1873 1027 1917 admffis
1048 1873 1085 1914 est
1098 1872 1184 1907 Theo-

284 1921 426 1956 dori-tus.

293 1992 299 1996 -
335 1972 536 2006 Commenta
562 1974 668 2007 varia.
695 1971 843 2006 Primum
865 1972 933 2013 est,
959 1971 1049 2016 quod
1069 1970 1183 2006 Theo-

283 2022 437 2057 doretum
461 2023 610 2056 dicamus
632 2022 650 2054 a
667 2021 749 2054 Sede
763 2019 957 2063 Apostolica
971 2020 1158 2054 restitutum
1171 2043 1183 2060 ‚

283 2073 361 2115 quia
387 2073 492 2114 ipsum
506 2070 577 2104 Leo
591 2071 652 2104 suae
670 2069 919 2104 communionis
941 2070 1012 2103 sinu
1036 2070 1100 2103 fuit
1117 2081 1183 2103 am-

283 2122 418 2165 plexus.
450 2121 582 2154 Etenim
608 2120 750 2163 aliquem
776 2121 830 2154 sua
855 2120 1094 2154 communione
1117 2131 1183 2154 atn-

284 2172 375 2215 pleffi
401 2171 446 2205 est
462 2170 674 2215 ambiguum:
705 2170 802 2204 Cadit
823 2171 900 2204 &in
916 2171 1081 2214 integrum
1107 2169 1183 2213 Epi-

286 2223 422 2265 scopum
450 2246 460 2261 ,
486 2222 520 2255 ὅ(
553 2223 586 2254 in
626 2221 866 2265 degradatum.
896 2220 1040 2255 Proinde
1069 2219 1182 2254 Theo·

285 2272 438 2307 doretum
458 2269 598 2305 dicimus
620 2271 639 2305 a
661 2271 741 2305 Sede
755 2270 947 2313 Apostolica
974 2271 1158 2305 restitutum
1172 2294 1184 2310 ‚

285 2323 364 2367 quia
386 2322 532 2365 Magnus
555 2322 624 2354 Leo
648 2321 709 2353 suae
736 2319 826 2353 Sedis
846 2319 1047 2354 authoritate
1070 2319 1184 2353 eii-ed-

285 2371 371 2406 didit
403 2370 637 2414 Episcopatum
661 2392 671 2408 ,
699 2369 927 2413 Episcopalem
952 2370 1063 2404 locum
1089 2392 1100 2410 ‚
1129 2371 1182 2403 seu

290 2421 518 2464 Episcopalem
544 2420 837 2453 communionem.
865 2419 1054 2454 Secundum
1079 2418 1124 2453 est
1150 2420 1184 2453 in

285 2470 339 2506 his
360 2469 485 2504 verbis:
514 2471 635 2513 ,Quidni
657 2471 678 2502 a*
702 2475 819 2503 caeteris
837 2471 947 2512 quoque?
968 2468 1123 2512 Episcopis
1142 2481 1185 2503 re-

286 2520 424 2562 stitutum
435 2532 501 2554 eum
511 2520 714 2562 pronuncies?
740 2519 904 2554 Videntur
916 2520 1069 2558 asserere,
1095 2520 1184 2562 quod

288 2573 359 2615 pari
388 2571 461 2614 Jure
483 2568 720 2604 Theodoretus
731 2570 873 2612 potuerit
890 2570 931 2604 ab
958 2571 1028 2613 ipsis
1041 2569 1181 2604 restitui.

287 2621 448 2656 Peffime.
475 2621 610 2655 Etenim
634 2631 702 2662 quo
730 2621 804 2663 Jute
826 2620 1006 2656 orientalis
1028 2621 1184 2654 Dioecefis

287 2672 473 2715 Episcopus
492 2670 634 2714 potuerit
659 2669 783 2704 restitui
805 2670 824 2703 a
847 2670 1183 2713 Constantinopolita-

289 2733 338 2756 no
362 2719 379 2758 ?
406 2722 468 2755 Sed
490 2721 594 2763 neque
622 2719 663 2754 ab
684 2718 901 2754 Antiocheno
925 2720 1051 2764 potuit.
1080 2721 1182 2767 Quod

290 2771 396 2814 neque
427 2771 485 2805 iste
518 2771 644 2815 aliquid
677 2769 794 2804 virium
829 2769 961 2805 haberet
992 2771 1026 2804 in
1052 2770 1182 2804 Sancita

292 2820 465 2856 Generalis
486 2821 634 2856 Concilii
652 2846 659 2853 .

344 2871 501 2905 Tertium
520 2872 566 2906 est
589 2894 601 2910 ‚
627 2869 717 2914 quod
745 2870 924 2905 Anatolius
949 2895 959 2911 ‚
987 2871 1157 2905 Maximus
1174 2897 1183 2912 ‚

293 2921 421 2965 aliique
442 2922 575 2966 plurimi
596 2921 822 2955 Orientalium
849 2922 1004 2964 Episcopi
1026 2933 1179 2955 commu-

293 2972 405 3007 nionis
428 2984 506 3006 cum
530 2971 749 3006 Theodoreto
783 2982 906 3006 nexum
939 2971 989 3005 vel
1015 2971 1181 3015 nunquam

291 3022 500 3066 abruperint,
529 3023 579 3055 vel
590 3033 673 3056 mox
695 3022 916 3066 religaverint.
947 3021 1080 3055 Etenim
1095 3021 1183 3055 Ana-

292 3071 393 3105 tolius
412 3073 626 3106 &Maximus
649 3097 660 3113 ‚
687 3072 764 3105 licet
788 3073 822 3106 in
845 3070 1010 3115 Ephefino
1038 3073 1180 3107 Latroci-

295 3121 354 3155 nio
380 3124 558 3158 consecrati
583 3133 651 3156 non
673 3123 818 3161 fuerint3
843 3123 994 3157 videmur
1013 3133 1122 3156 tamen
1146 3121 1178 3155 in

295 3170 603 3214 ipsofuiffeelesti..
619 3172 795 3220 Qidquid
821 3173 875 3210 fit,
902 3162 1080 3206 Anatolius
1099 3172 1180 3206 Dio-

295 3220 382 3255 seori
404 3219 573 3262 Diaconos
601 3222 871 3265 &Apocrisarius
886 3246 896 3262 ‚
923 3222 1094 3256 Maximus
1114 3232 1179 3255 erat
1242 3222 1348 3255 Sanffi
1387 3220 1509 3255 Leonis
1532 3245 1540 3252 .

298 3270 404 3305 fidelis
426 3269 565 3303 amicus:
594 3272 748 3317 Uterque
773 3277 827 3315 pet
850 3272 1031 3306 Latrocinii
1058 3271 1180 3306 autho·-

296 3321 428 3355 rltatem
439 3319 505 3366 suit
528 3320 686 3355 &electus
710 3322 976 3358 &consecratus.
1004 3323 1096 3356 Hinc
1116 3333 1177 3356 cer-

1187 3373 1195 3431 ,

1185 3433 1193 3491 ἔ

1044 518 1150 561 ,Quare
1159 517 1212 558 ctfi

1274 269 1412 303 nionem
1442 269 1658 314 abruperint.
1685 270 1776 306 Istud
1807 272 1911 315 ipsum
1941 277 2087 314 fecerunt
2118 281 2154 314 ἀ

1274 318 1407 361 plurimi
1442 319 1499 354 alii
1531 321 1754 355 Orientalium
1784 322 1985 367 Episcopi
2017 327 2152 364 Etenim

1272 368 1377 412 ipsum
1405 368 1663 427 degradaverunt
1689 394 1702 412 ,
1737 372 1774 406 ἀ
1795 383 1864 407 non
1889 373 2015 407 statim
2016 382 2152 423 egerunt

1271 420 1498 461 poenitentiam
1519 421 1566 455 sui
1587 420 1762 455 facinoris.
1790 423 1989 458 Dissociatio
2010 429 2155 484 pergun-

1269 468 1308 503 fit
1327 493 1339 509 ‚
1374 469 1483 504 donec
1513 470 1691 505 Anatolius
1720 473 1753 506 δε
1777 472 1947 507 Maximus
1973 474 2020 508 sui
2043 476 2150 513 vitiosi

1269 519 1484 564 Episcopatus
1506 522 1706 556 sanationem
1737 523 1770 556 δε
1792 523 2007 558 firmitatem·
2000 526 2151 569 ,reliqui

1268 567 1344 603 vero
1367 570 1522 614 Episcopi
1543 572 1561 606 ὲ
1580 570 1709 617 Magno
1731 571 1846 607 Leone
1862 574 2086 610 obtinuerunt
2102 577 2151 612 sui

1267 619 1390 663 Lapsus
1412 621 1564 663 veniam,
1585 622 1901 658 &communionem
1920 625 2078 660 Romana».
2091 626 2151 661 Ec·

1264 669 1395 704 clefiae
1432 670 1534 706 Hanc
1566 671 1801 707 Theodoretus
1839 686 1915 709 ante
1935 686 2051 711 omnes
2073 677 2151 712 istos

1267 718 1476 762 obtinuerat,
1507 722 1604 766 atque
1624 721 1668 755 ita
1691 722 1742 756 issi
1772 725 1875 759 sanati
1909 726 2014 760 statim
2039 738 2151 771 coepe-

1263 780 1339 804 runt
1360 769 1579 807 Theodoreto
1595 773 1858 808 communicare.
1885 775 2009 812 Omnia
2025 788 2082 821 per
2093 788 2150 812 au-

1263 820 1454 856 thoritatem
1477 823 1636 857 Romanae
1659 822 1846 858 Cathedrae.

1313 871 1476 917 Qartum
1513 874 1752 907 Commeatum
1783 873 1829 908 est
1867 875 1901 907 in
1931 873 1983 910 his
2019 877 2146 912 verbis.

1259 922 1456 965 ,Quamquam
1477 925 1606 956 Romani
1625 923 1778 966 Pontificis
1801 934 1929 966 votum,
1954 928 2012 961 (π.
2039 927 2146 986 Qod

1261 982 1374 1006 votum
1395 998 1406 1014 ,
1442 973 1532 1017 quod
1554 974 1743 1018 suffragium
1766 975 1783 1006 ἒ
1811 975 1882 1009 Nec
1906 976 1995 1010 enim
2021 975 2089 1011 haec
2112 979 2146 1012 iti

1259 1021 1521 1058 Chalcedonenfi
1555 1024 1694 1067 Synodo
1717 1049 1728 1064 ‚
1756 1025 1809 1058 sed
1833 1037 1909 1060 ante
1943 1026 2042 1070 ipsam
2063 1027 2146 1062 faeta

1260 1073 1332 1107 sunt
1365 1084 1419 1117 per
1453 1075 1554 1107 solam
1587 1076 1748 1107 Primariae
1779 1075 1865 1108 sedis
1886 1077 2142 1112 authoritatem*-

1260 1122 1573 1157 Gloriofiffimorum
1601 1124 1754 1167 Judicum
1786 1124 1826 1158 ad
1852 1125 2016 1161 laudatam
2038 1128 2145 1171 Syno-

1257 1172 1337 1204 dum
1359 1172 1453 1205 verba
1478 1174 1554 1205 sunt
1578 1172 1686 1206 lucida
1714 1185 1722 1204 z
1754 1176 1813 1206 Leo
1837 1180 1863 1206 ei
1882 1175 2004 1214 restituit
2025 1177 2147 1220 Episto-

1252 1229 1361 1262 patum
1382 1247 1389 1254 .
1418 1221 1543 1256 Verum
1579 1222 1790 1256 Reverendus
1822 1222 1916 1256 Pater
1959 1223 2145 1261 Paschasius

1256 1271 1453 1317 Qesnellus
1477 1272 1666 1307 Romanam
1702 1273 1818 1306 Sedem
1843 1284 1909 1307 non
1936 1274 2030 1317 plena
2053 1276 2145 1326 su'p‘e'r

1254 1332 1370 1356 omnes
1405 1320 1608 1356 authoritate
1633 1347 1643 1364 ,
1673 1322 1725 1356 sed
1759 1322 1858 1357 solius
1887 1323 1951 1356 loci
1981 1316 2146 1379 dignita'te

1254 1371 1323 1405 vult
1344 1373 1410 1406 effe
1423 1372 1633 1415 primariam,
1661 1373 1801 1418 ideoque
1822 1374 1972 1408 Leonem
1994 1375 2062 1409 sine
2072 1373 2144 1410 aliis

1258 1421 1456 1456 Patriarchis
1490 1421 1586 1464 atque
1621 1423 1793 1466 Episcopis
1821 1421 1925 1457 nihil
1943 1435 1999 1459 aut
2030 1422 2143 1469 parum

1252 1472 1337 1506 circa
1360 1471 1615 1506 Theodoretum
1640 1470 1773 1507 valuisse
1798 1498 1805 1505 .
1835 1474 1877 1507 Et
1904 1472 1958 1507 hic
1982 1472 2144 1510 primatus

1251 1521 1296 1555 est
1318 1523 1403 1565 apud
1431 1523 1534 1565 ipsum
1568 1521 1655 1567 parvi
1678 1523 1831 1566 ponderis
1855 1549 1862 1556 .
1904 1524 2037 1560 Etenim
2058 1525 2146 1572 Leo-

1251 1572 1304 1606 nis
1338 1573 1524 1617 suffragium
1563 1574 1671 1608 censet
1706 1574 1799 1608 fuisse
1832 1586 1893 1616 prae
1925 1575 2044 1610 caeteris
2066 1576 2147 1610 aesti-

1251 1622 1407 1658 mandum
1442 1647 1454 1663 ,
1481 1624 1569 1666 quod
1589 1625 1664 1658 esset
1689 1625 1736 1657 vir
1755 1624 2003 1666 Sanstiffimus,
2029 1625 2147 1661 doais·

1249 1672 1377 1714 fimus,
1410 1674 1444 1707 ἀ
1466 1673 1612 1708 strenuus
1643 1674 1806 1708 Defensor
1829 1673 2011 1709 Catholicae
2035 1675 2142 1710 fidei‘.

1248 1722 1366 1757 Potius
1389 1734 1518 1767 propter
1542 1725 1683 1769 personae
1705 1724 1818 1760 metita
1843 1749 1856 1767 ,
1895 1725 1991 1799 quam
2013 1730 2144 1801 propter

1249 1773 1419 1818 privilegia
1442 1774 1550 1809 Sedis.

1297 1824 1467 1874 Qintum
1479 1835 1703 1860 commentum
1717 1825 1818 1860 estin
1843 1825 1895 1860 his
1916 1796 2040 1860 verbis:
2052 1826 2144 1860 Rem

1245 1881 1348 1908 tamen
1379 1883 1472 1908 totam
1502 1888 1541 1910 ex
1563 1879 1674 1910 Leonis
1698 1878 1793 1911 Faeffo
1817 1875 1939 1918 finitam
1961 1876 2054 1924 effi'
2034 1897 2054 1917 ,
2083 1878 2143 1910 &o-

1247 1924 1455 1957 Theodoreti
1479 1926 1722 1958 revestitionem
1745 1926 1885 1967 appellat
1921 1926 2046 1959 Leonis
2067 1918 2142 1959 nod

1247 1970 1447 2015 Iudicium,
1473 1973 1528 2008 sed
1549 1974 1685 2007 Fanum
1709 1998 1716 2006 .
1758 1974 1861 2021 Qod
1897 1974 2014 2032 nempe
2045 1975 2141 2008 istam

1247 1997 1447 2062 Judicialem'
1465 2023 1656 2063 potestatem
1682 2033 1749 2054 non
1772 2024 1928 2065 agnoscat
1959 2023 2005 2056 in·
2013 2023 2143 2057 Romu

1247 2080 1289 2102 na
1313 2068 1500 2104 Cathedra.
1528 2070 1662 2104 Interim
1689 2071 1723 2105 ὅ(
1747 2082 1808 2105 nos
1830 2066 2141 2122 orthodoxilprofia.

1247 2129 1352 2153 temur
1372 2131 1412 2153 ex
1438 2119 1500 2154 isto
1522 2120 1646 2155 Leonis
1669 2121 1799 2163 Judicio
1822 2123 1950 2156 causam
1974 2130 2054 2157 non
2050 2122 2143 2157 filis?-

1247 2171 1278 2203 se
1302 2170 1453 2204 finitam.
1482 2171 1560 2205 Erat
1585 2171 1675 2205 enim
1701 2172 1870 2206 dumtaxat
1890 2168 2142 2214 revestito‘mnffl

1247 2232 1315 2253 non
1341 2222 1513 2255 retradiatae
1546 2233 1589 2255 ex
1612 2222 1741 2266 integro
1770 2224 1872 2256 causae
1901 2223 2139 2256 diffinitivumz

1246 2269 1356 2304 Etiam
1389 2271 1523 2304 Sanctus
1557 2271 1658 2313 Julius
1700 2271 1843 2304 revestiti
1869 2271 1888 2304 a
1910 2273 1942 2304 se
1969 2271 2140 2306 Athanafii

1245 2320 1374 2354 causam
1402 2320 1435 2353 in
1449 2320 1625 2354 Sardicenfi
1638 2345 1649 2361 ,
1676 2321 1811 2354 Sanctus
1820 2321 1982 2354 Damasus
2001 2321 2140 2356 'revesti'-

1245 2369 1271 2403 ti
1294 2369 1313 2404 ὸ,
1335 2371 1366 2404 se
1393 2370 1537 2404 Maximi
1563 2370 1687 2413 Cynici
1701 2369 1874 2403 Actionem
1897 2371 1932 2404 in
1949 2371 2057 2405 futura·
2074 2372 2140 2415 ple·

1248 2420 1336 2454 naria
1355 2443 1366 2460 ,
1391 2420 1526 2454 Sanetus
1549 2420 1765 2454 Innocentius
1789 2419 1928 2454 revestiti
1949 2421 1968 2454 a
1989 2421 2139 2464 sedean-

1247 2470 1299 2503 nis
1312 2469 1543 2513 Chrysostomi
1568 2470 1822 2514 appellationem
1844 2469 2004 2505 retraaa'ri
2033 2472 2139 2507 aede-

1246 2520 1331 2553 finiri
1367 2521 1475 2555 volut
1511 2521 1547 2553 in
1569 2520 1709 2564 Synodo
1740 2519 2056 2555 Theffaionicenfia
2071 2519 2138 2557 Ek

1247 2570 1421 2613 postmodo
1436 2569 1605 2605 Adrianus
1627 2570 1788 2605 secundus
1813 2573 1919 2605 Sancti
1941 2570 2137 2606 Patrimon

1246 2620 1368 2666 Ignatii
1398 2620 1589 2664 quaestioues
1619 2620 1802 2656 examinari
1830 2619 1871 2654 ab
1891 2619 2050 2657 exordio
2049 2645 2071 2663 ,
2082 2617 2135 2656 dt

1243 2670 1374 2704 definiri
1413 2672 1555 2714 permisit
1591 2672 1623 2704 in
1645 2673 1760 2706 octavo
1783 2671 1972 2706 Concilio.-
2010 2669 2134 2706 Eadem

1245 2721 1344 2765 igitur
1365 2723 1491 2755 ratione
1516 2721 1664 2766 Magnus
1684 2722 1755 2756 Leo
1778 2721 1987 2758 Theodoreti
2006 2722 2134 2756 causam

1244 2782 1311 2805 non
1338 2770 1508 2812 definivit,
1535 2772 1588 2805 sed
1614 2773 1717 2814 ipsum
1738 2772 1947 2806 solummodo*
1970 2771 2133 2807 revestivit

1245 2821 1278 2854 in
1305 2821 1503 2864 Episcopum
1523 2846 1534 2861 ‚
1561 2823 1665 2855 totius
1684 2823 1787 2856 causae
1807 2821 2067 2856 retractationem
2093 2833 2132 2856 ac

1243 2870 1475 2905 definitionem
1510 2870 1663 2917 delegans
1688 2872 1945 2906 chalcedonensi
1972 2869 2135 2914 Synbdo:

1245 2922 1337 2955 Hinc
1359 2923 1451 2954 enim
1476 2922 1517 2955 ad
1541 2923 1670 2964 Synodi
1692 2921 1802 2955 Patres
1821 2921 1976 2954 dixerunt
2000 2921 2135 2956 Glorio-

1243 2971 1349 3004 fiffirni
1375 2970 1502 3015 Judices
1517 2985 1527 3005 .-
1555 2973 1765 3014 Praejudicium
1775 2983 1813 3004 ex
1835 2969 1960 3013 persona
1983 2974 2134 3005 Reveren-

1243 3022 1345 3060 diffimi
1366 3021 1539 3056 Theodoreti
1568 3020 1710 3064 Episcopi
1737 3022 1809 3054 nulli
1825 3019 2020 3065 generabitur
2038 3045 2051 3063 ,
2071 3034 2133 3056 ·re·

1227 3103 1230 3115 ἱ
1237 3069 1365 3113 ftrvata
1377 3073 1516 3106 videlicet
1531 3071 1594 3114 pol}
1612 3070 1676 3103 baec
1697 3076 1775 3103 omni
1793 3070 1995 3114 accusatione,
2013 3074 2058 3105 ιώ·
2083 3083 2134 3105 vo·

1242 3121 1288 3154 bis
1317 3123 1351 3155 Θ
1370 3122 1415 3155 illi
1439 3146 1451 3162 ‚
1489 3124 1524 3156 (9·
1548 3132 1615 3163 quae
1641 3127 1773 3155 invicem
1793 3132 1924 3155 exercere
1953 3122 2106 3155 volumus
2123 3146 2130 3154 .

1243 3171 1287 3205 Et
1322 3171 1388 3206 haec
1422 3171 1535 3205 omnia
1573 3172 1647 3204 sunt
1681 3171 1824 3205 omnino
1853 3172 1932 3205 faeta
1955 3180 1997 3204 ox
2021 3179 2131 3205 mente

1576 3220 1671 3254 Hinc
1703 3222 1792 3254 enim
1829 3221 1899 3264 post
1931 3222 2127 3256 retrastatam

1243 3269 1451 3304 Theodoreti
1488 3270 1617 3305 causam
1659 3268 1845 3314 Apostolici
1886 3271 2003 3322 Legati
2040 3270 2130 3304 dixe·

1242 3329 1318 3355 runt
1345 3319 1386 3354 ad
1409 3321 1581 3364 Synodum
1606 3334 1613 3353 z
1641 3320 1856 3356 Theodoretum
1879 3325 1938 3355 Leo
1958 3328 1991 3354 in
2005 3330 2128 3352 commu-

1960 3375 2074 3403 nionem
