2326 3718
353 102 448 149 '168

269 180 456 217 “directione
488 174 749 220 interventor-ie,
787 180 843 214 seu
876 179 1062 214 Vifitatoris
1087 203 1093 210 .

276 230 493 267 contradictio
519 241 588 265 non
600 237 727 274 poterat
738 228 890 264 adversus
902 229 1092 274 eligendum
1120 227 1175 261 fie-

274 283 324 321 ri,
351 280 403 314 sed
418 279 590 315 dumtaxat
616 291 731 315 contra
757 280 930 316 Eiectum.
959 279 1111 313 Secundo
1125 277 1172 310 di-

275 333 419 371 scimus,
446 331 536 375 quod
559 330 662 366 Elem
688 331 839 375 purgatio
865 329 935 362 fieri
957 328 1106 362 debuerit
1134 327 1168 360 in

760 123 773 131 ιι
807 96 897 145 De
933 99 1261 144 mammis
1299 93 1645 142 Ecctnslffl..

1130 178 1174 211 Et
1237 179 1394 208 eanonum
1414 187 1423 208 .’
1449 178 1492 212 Et
1513 176 1665 223 Agilejtls
1688 178 1796 216 statim
1817 180 1968 218 recitavit
1991 184 2117 219 sextum

1235 225 1410 260 Nicaenum
1427 227 1601 264 Canonem
1612 252 1624 270 ,
1649 230 1682 264 dc
1698 232 1805 268 varios
1830 233 1984 268 Can-ones
2009 245 2051 268 ex
2061 234 2121 278 Sy-

1235 273 1329 308 nodis
1350 275 1496 312 Aurelii.

1282 325 1335 358 Ex
1346 324 1462 369 quibus
1470 328 1624 364 discimus
1637 331 1722 365 varia
1734 355 1742 363 .
1768 330 1902 375 Primo,
1922 334 2013 379 quod
2027 333 2116 369 Afri-

274 380 342 422 ejus
364 380 498 418 civitate
524 406 531 414 .
559 382 654 416 Hinc
678 383 745 424 ipse
766 379 866 413 etiam
903 378 1170 424 carthaginensis
1231 387 1311 410 cana
1327 376 1467 412 Ecclesia
1477 379 1648 424 semperab
1658 381 1796 424 antiquo
1807 380 2118 430 habueritfingula·

273 429 399 465 Primas
410 428 475 466 hoc
498 432 533 466 in
548 433 622 466 casu
638 430 776 465 debebat
796 428 838 462 eo
851 429 1004 463 accedere
1016 453 1027 469 ‚
1053 429 1086 463 δε
1112 427 1169 462 ibi—

272 480 350 515 dem
360 479 547 516 consecrare
558 480 572 514 .’
583 481 745 526 Purgatus
757 480 847 512 enim
862 476 1002 512 debebat
1020 477 1170 512 solemni-

272 541 322 565 ter
342 532 523 566 consecrari
535 543 646 566 coram
669 531 728 563 suo
744 528 869 572 populo
881 554 888 561 .
917 528 1049 571 Nempe
1067 527 1110 560 ad
1122 528 1167 572 ip-

271 582 336 615 ssus
357 583 619 618 consolationem
631 603 642 620 ,
666 580 700 612 &
721 579 947 615 confufionem
973 577 1166 612 Calumnia-

271 632 400 666 torum.
425 633 536 677 Qare
563 629 721 664 Aurelius
742 628 798 663 hic
820 640 890 663 non
916 626 1003 662 nihil
1026 626 1165 663 detraxit

271 681 401 725 {nribus
430 684 492 715 suae
523 680 674 714 Ecclefiae
695 704 702 712 .
742 677 904 714 Notanda
937 679 1013 712 sunt
1045 678 1162 713 verba:

269 732 357 776 Quia
378 733 455 766 talia
463 727 671 774 trat‘latasunt
685 731 771 772 apud
783 741 858 763 nos.
883 721 1050 764 Viddntur
1070 729 1163 772 respi-

270 791 343 816 cere
370 781 520 815 SanCtum
547 781 794 826 Augustinum,
820 779 1059 823 &ipfiiliatam
1081 779 1163 821 inju-

268 832 352 865 riam
369 831 389 865 a
410 830 564 876 Megalio
578 831 762 866 Calamenli
786 831 954 875 Episcopo
965 853 977 871 ,
1003 840 1083 864 tunc
1094 829 1163 863 Pri-

267 891 358 915 mate
369 880 457 925 apud
469 880 636 917 Numidas
647 906 654 914 .
682 881 920 916 Sanitiffimum
943 879 1093 914 Elerstum
1106 879 1162 914 ille

267 931 452 966 diffamavit
474 932 516 967 de
537 932 646 967 nescio
662 932 717 966 cui
739 932 870 965 mulieri
888 929 1068 975 propinatis
1077 941 1161 964 ama-

266 982 362 1016 toriis
375 982 504 1025 poculis
517 1007 529 1023 ,
556 993 654 1025 atque
664 981 710 1016 ita
721 981 828 1026 ipsum
840 981 965 1016 studuit
990 980 1162 1025 proscribe·

266 1042 303 1066 re
314 1032 357 1067 ab
367 1032 565 1077 Episcopatu
581 1056 589 1065 .
617 1032 679 1066 Ast
703 1031 931 1076 Augustinum
945 1031 1095 1076 purgavit
1106 1042 1163 1064 nu-

266 1082 393 1116 merosa
403 1083 559 1125 synodus
569 1106 581 1123 ,
606 1083 642 1123 δε
656 1082 845 1127 Megalium
854 1081 1018 1125 compulit
1031 1081 1073 1116 ad
1084 1091 1161 1115 eum

264 1131 405 1175 propriis
416 1132 570 1168 manibus
586 1132 843 1167 consecrandum
855 1155 864 1165 .
891 1132 987 1170 Hinc
1002 1130 1162 1166 'Aurelius

263 1182 375 1216 sanxit
387 1182 478 1216 duo.
503 1181 620 1216 Primo
633 1206 644 1223 ,
671 1192 794 1217 utante
819 1183 933 1218 omnia
944 1182 1162 1216 discutiantur

263 1231 407 1275 personae
433 1231 744 1267 Contradicentium
757 1256 769 1273 ,
789 1233 856 1267 fine
874 1232 1090 1275 exceptione,
1116 1240 1162 1264 et·

265 1282 333 1315 iarn
347 1283 480 1324 persona
494 1281 672 1325 Episcopi,
699 1281 803 1316 immo
814 1283 850 1316 δε
870 1281 1024 1315 Primatis
1037 1305 1044 1311 .
1070 1279 1161 1326 Qia

264 1343 386 1375 nempe
406 1331 579 1366 constabat
600 1331 778 1366 Primatem
803 1331 896 1365 fuiffe
917 1331 1043 1375 lapsum
1066 1330 1100 1363 in
1112 1339 1162 1362 ca·

263 1381 445 1415 lumniam.
474 1380 607 1415 Deinde
631 1380 785 1416 Aurelius
807 1381 936 1422 sanxit,
963 1391 1000 1416 ut
1014 1380 1055 1414 ad
1075 1379 1160 1413 hanc

192 1467 199 1470 ,
261 1431 494 1475 purgationem
515 1443 586 1466 non
607 1432 798 1476 fatigaretur
822 1431 996 1471 universa',
1022 1440 1080 1465 aut
1101 1441 1162 1464 nu·

261 1483 390 1516 merosa
415 1481 604 1525 synodus,
630 1481 685 1516 sed
718 1482 901 1517 sufficerent
930 1482 1076 1525 quinque
1102 1490 1159 1514 aut

261 1537 405 1575 quatuor
416 1532 570 1575 Episcopi
584 1557 593 1565 .
620 1532 711 1579 Qia
735 1544 854 1575 nempe
868 1532 1054 1566 Eiectorum
1067 1541 1159 1563 accu-

261 1583 347 1615 satio
358 1583 530 1616 consuevit
544 1582 825 1616 ex·aemulantium
837 1581 961 1618 invidia
972 1578 1159 1625 procedere,

262 1630 408 1676 ideoque
418 1632 480 1668 effe
491 1627 649 1668 consueta
671 1631 854 1670 calumnia,

220 1931 231 1999 ι’
298 1937 518 2004 Exponitur
544 1938 664 1982 varia
698 1932 907 1984 authoritas
940 1941 1125 1987 Primatis

218 2006 220 2009 ’
544 2003 846 2073 Carthaginensts
863 2043 877 2059 .

339 2127 439 2161 Rima
464 2124 562 2169 hujus
583 2124 737 2160 primatis
757 2124 941 2161 authoritas
961 2127 1025 2163 fuit
1048 2129 1159 2164 conse-

363 2176 466 2210 cratio
488 2176 642 2210 omnium
654 2187 710 2220 per
724 2177 874 2211 Africam
900 2178 1155 2223 Episcoporum.

264 2227 323 2264 Est
336 2226 478 2270 superi-Cis
488 2225 618 2261 abunde
628 2226 788 2269 expofita.
815 2227 955 2270 Aliquid
980 2239 1087 2263 tamen
1103 2241 1159 2263 no-

266 2278 299 2311 ,vi
322 2277 357 2310 in
383 2278 435 2310 sua
457 2277 596 2319 Synodo
619 2277 773 2310 revelavit
796 2276 987 2311 Bonifatius
1011 2279 1158 2312 primast

267 2328 390 2363 Placuit
401 2325 435 2357 u't
449 2330 599 2359 Primates
613 2324 803 2368 diversarum
817 2329 1049 2361 Provinciarum
1061 2334 1159 2361 nomi-

266 2388 311 2418 na
327 2374 539 2417 Epist-operum
551 2399 562 2415 ‚
581 2373 647 2416 five
657 2376 859 2409 decedentium
870 2401 881 2416 ‚
900 2375 964 2418 five
973 2383 1062 2411 etiam
1073 2383 1105 2410 in
1119 2389 1160 2411 eo-

267 2437 337 2460 rum
347 2426 439 2458 locum
446 2422 661 2468 succedentium
674 2449 685 2464 ,
711 2427 756 2459 ad
765 2425 923 2467 Ecclefiam
934 2427 1163 2471 Carthaginen-

267 2475 333 2519 sem
355 2481 497 2507 mittant.
524 2474 708 2508 Provinciae
728 2473 854 2510 Primas
884 2476 971 2511 circa
991 2477 1163 2512 defunctos

268 2527 335 2561 :suae
355 2524 583 2569 jurisdictionis
603 2523 785 2568 Episcopos
808 2525 947 2561 debebat
960 2528 1066 2562 facere
1080 2530 1140 2562 tria
1152 2541 1163 2560 :

270 2576 429 2611 Defunffi
441 2585 580 2609 mortem
593 2573 701 2608 statim
713 2575 828 2610 referre
841 2600 851 2616 ,
877 2577 1054 2620 postmodo
1071 2579 1164 2612 refer-

271 2637 306 2662 re
318 2637 440 2660 novum
464 2625 613 2660 Eiectum
625 2648 638 2665 ,
664 2625 793 2659 mittere
815 2626 906 2660 Cleri
917 2639 956 2662 ac
969 2628 1079 2671 populi
1095 2629 1164 2662 De-

271 2688 400 2711 cretum
423 2699 435 2716 ,
461 2677 611 2719 praeviam
633 2675 843 2710 consecrandi
874 2677 1162 2712 confirmationem

273 2721 381 2760 forsan
405 2725 569 2768 postulare
594 2737 632 2759 ac
642 2726 830 2769 experiare,
857 2726 1036 2761 actandem
1048 2727 1162 2763 referre

271 2775 374 2810 etiam
397 2775 485 2809 illius
506 2775 785 2811 consecrationem
797 2802 805 2810 .
833 2776 887 2811 De
906 2775 968 2811 hac
981 2777 1139 2820 postrema
1151 2802 1162 2819 ‚

275 2837 314 2861 ac
325 2826 403 2861 item
417 2826 457 2860 de
468 2825 570 2870 prima
591 2826 753 2860 relatione
762 2826 833 2871 agit
844 2826 999 2862 adductus
1022 2828 1143 2863 Canon
1153 2854 1160 2861 .

275 2875 361 2911 Non
373 2876 419 2910 est
443 2875 836 2918 Bonifaciiconstitutio,
859 2878 914 2912 sed
931 2877 1081 2913 Aurelii.
1107 2879 1165 2913 Et-

277 2927 368 2960 enim
392 2927 584 2961 Bonifacius
603 2928 740 2960 affirmat
760 2927 821 2961 ase
834 2927 986 2962 innovari
998 2928 1162 2963 decimum

278 2986 406 3010 nonum
420 2975 547 3011 Aurelii
561 2977 752 3012 Concilium
765 3002 773 3010 .
801 2978 844 3011 Et
856 2978 889 3011 in
904 2977 1001 3021 hujus
1021 2979 1163 3013 innova-

279 3025 382 3058 tionis
406 3027 511 3068 capite
531 3026 655 3062 habent
688 3027 772 3061 Asta
795 3027 975 3069 synodalia
996 3042 1004 3061 z
1032 3031 1163 3072 Agilejus

280 3077 431 3108 Diaconus
448 3081 587 3109 recitavit
596 3089 634 3111 ex
645 3077 721 3111 libro
734 3081 889 3111 canonum
905 3079 1081 3122 temporibus
1090 3081 1163 3111 San-

281 3124 322 3159 ΕΙ
345 3125 475 3157 Aurelii.
503 3124 548 3159 Et
570 3137 612 3159 ex
636 3127 704 3170 ipso
724 3126 872 3162 laudavit
892 3129 1014 3174 viginti
1037 3129 1161 3163 Aurelii

282 3174 438 3208 Concilia
463 3197 470 3206 .
500 3174 544 3208 Et
566 3177 710 3219 superius
741 3176 865 3212 habent
890 3178 974 3215 Asta
995 3192 1002 3212 :
1029 3179 1162 3222 :Agiles-sus

273 3228 433 3261 :Diaconus
457 3229 596 3256 recitavit
620 3238 658 3259 ex
683 3227 757 3259 libro
783 3232 942 3263 canonum
961 3252 967 3260 .
996 3228 1162 3264 Recitavit

283 3272 641 3312 NicaenumCanonem
654 3299 664 3314 ,
689 3276 721 3309 ὃ(
735 3275 910 3314 Canonem
932 3290 979 3314 ex=
996 3272 1176 3323 Carthagi-'

280 3322 374 3360 aeusi
386 3322 523 3366 Synodo
537 3322 630 3357 Grati
640 3323 809 3359 Primatis.
839 3329 948 3364 Etiam
973 3327 1162 3363 Bonifacins

279 3373 412 3414 trima-s
423 3373 508 3410 dixit
520 3372 561 3408 ad
582 3374 757 3418 synodum
772 3387 779 3406 ι
805 3380 955 3418 Recitetur
964 3390 1004 3416 ex
1016 3379 1164 3413 volumine

1230 438 1298 460 rem
1311 426 1491 462 Canonum
1505 429 1674 467 Codicem.
1701 432 1958 476 Secundo,quod
1969 434 2112 478 primum

1227 475 1261 509 in
1274 477 1334 510 illo
1345 478 1457 511 locum
1469 482 1660 524 occuparint
1673 481 1795 525 Niceni
1808 481 2112 525 Canonesffenic),

1227 527 1317 571 quod
1328 527 1476 571 proxime
1488 529 1697 578 sequerentur
1707 533 1865 567 Canones
1875 531 1894 566 ὲ
1907 532 2002 567 Grati
2011 534 2117 577 Syno-

1225 578 1292 618 do,
1317 589 1374 612 aut
1387 578 1531 621 synodis
1541 605 1549 611 .
1578 580 1680 615 Porro
1707 581 1763 616 hic
1785 583 1910 617 Gratus
1924 583 2115 620 interfuerat

1225 626 1402 663 Sardicenfi
1426 628 1585 663 Concilio
1607 654 1615 662 .
1650 631 1695 666 Et
1721 632 1765 667 fic
1792 634 1909 676 quarto
1934 633 2088 668 discimus
2100 657 2114 675 ,

1225 678 1314 722 quod
1337 679 1458 713 Gratus
1478 679 1554 713 istos
1580 678 1737 715 Canones
1766 695 1834 718 non
1859 683 2054 727 inscripserit
2075 684 2113 718 in

1227 727 1423 763 Africanum
1437 729 1599 764 Codicem
1612 753 1621 762 .
1635 729 1759 765 Eorum
1771 731 1971 768 authoritate
1981 734 2026 768 est
2039 734 2115 768 usus

1225 778 1260 811 in
1270 779 1333 812 suis
1343 779 1647 821 Synodis,attamen
1661 781 1747 824 ipsos
1759 793 1827 816 non
1838 785 1946 819 retulit
1959 785 1992 818 in
2008 783 2113 818 Codi-

1225 839 1296 862 cem
1309 830 1370 863 suae
1382 829 1530 864 Ecclefiae
1549 854 1556 862 .
1569 829 1748 866 Rationem
1764 832 1884 876 ignoro
1893 857 1901 866 .
1930 834 1973 868 Et
1983 833 2050 868 haec
2063 834 2115 867 vi-

1224 878 1318 913 detur
1333 880 1397 914 effe
1425 890 1497 914 vera
1515 882 1610 915 causa
1622 905 1634 921 ‚
1660 893 1702 915 ex
1730 891 1795 926 qua
1815 883 1946 917 eosdem
1956 885 2116 918 Canones

1226 928 1379 963 Aurelius
1391 929 1519 964 Primas
1529 942 1605 965 cum
1619 931 1683 965 suis
1695 932 1866 976 Episcopis
1878 932 2007 976 penitus
2017 934 2116 978 igno-

1223 979 1305 1013 ravit
1315 1004 1323 1011 .
1353 980 1488 1027 Qinto
1510 980 1666 1015 discimus
1680 1005 1691 1021 ‚
1716 983 1807 1026 quod
1832 984 1985 1018 Aurelius
1996 993 2115 1018 omnes

1221 1029 1373 1064 omnium
1399 1031 1528 1064 suarum
1539 1031 1753 1075 Synodorum
1767 1032 1926 1067 Canones
1951 1034 2116 1078 inscripse-

1228 1080 1269 1113 rit
1280 1080 1313 1113 in
1326 1079 1423 1114 istum
1434 1080 1595 1115 Codicem
1611 1106 1619 1113 .
1645 1082 1749 1115 Sexto
1763 1106 1773 1122 ,
1801 1083 1889 1126 quod
1905 1084 1970 1117 iflae
1981 1085 2114 1126 Synodi

1222 1129 1347 1166 fuerint
1357 1129 1504 1164 omnino
1517 1130 1654 1175 viginti.
1682 1132 1725 1165 Et
1737 1133 1870 1166 forsitan
1879 1133 1985 1177 plures
1996 1159 2003 1166 .
2025 1134 2113 1182 Qun

1222 1178 1336 1212 omnia
1347 1178 1411 1212 huc
1422 1181 1524 1222 usque
1538 1180 1764 1224 ignoravimus
1773 1206 1780 1212 .
1808 1182 1975 1218 Debemus
1986 1195 2042 1228 gra
2049 1186 2113 1218 tias

1223 1227 1438 1263 Illustrissimo
1459 1229 1611 1262 Domino
1632 1228 1728 1262 Lucae
1740 1230 1943 1270 Hofflenio,
1969 1235 2027 1274 qui
2041 1243 2114 1267 nm

1224 1275 1271 1311 bis
1290 1279 1437 1322 vulgavit
1459 1278 1555 1312 istam
1576 1278 1741 1312 Bonifacii
1765 1280 1938 1323 Synodum
1954 1305 1961 1312 .
1990 1281 2115 1317 Codex

1225 1328 1282 1362 ille
1305 1328 1400 1372 periit
1414 1339 1471 1363 aut
1490 1329 1585 1362 latet.
1614 1328 1752 1363 Exstans
1776 1331 1887 1364 Africa
1894 1343 1939 1364 nae
1962 1330 2114 1365 Ecciefiae

1226 1378 1408 1417 Codex-est
1440 1379 1567 1421 privato
1587 1379 1699 1413 nescio
1725 1380 1816 1422 cujus
1838 1380 1947 1414 studio
1959 1392 1997 1413 nc
2010 1381 2117 1424 scopq

1224 1429 1400 1472 compilata
1428 1429 1556 1475 farrago
1566 1453 1575 1463 .
1602 1429 1683 1474 Ejus
1705 1430 1802 1475 origo
1824 1432 1858 1465 δε
1879 1430 2024 1476 dignitas
2051 1432 2114 1466 suo

1224 1479 1301 1513 loco
1311 1489 1520 1522 exponetur.
2022 1506 2025 1507 γ
2043 1495 2046 1498 ·
2065 1491 2073 1509 ··
2098 1489 2110 1510 ἱ

1274 1526 1410 1563 Praefata
1424 1528 1692 1575 carthaginensis
1703 1529 1792 1565 Cath
1798 1531 1833 1566 ed
1839 1543 1877 1566 rae
1888 1531 2112 1576 Praerogatiu

1225 1589 1432 1622 nequaquam
1444 1579 1536 1614 ducit
1547 1581 1711 1625 originem
1723 1581 1764 1616 ab
1777 1581 1917 1616 Aurelio
1931 1608 1939 1615 .
1968 1582 2024 1617 Est
2035 1582 2111 1616 1011».

1223 1628 1264 1674 ge
1282 1629 1452 1673 antiquior
1465 1656 1473 1662 .
1501 1630 1635 1664 Etenim
1658 1631 1693 1664 in
1708 1633 1802 1664 causa
1813 1632 2110 1676 Pseudo-Episcopi

1223 1679 1398 1715 Fortunati
1412 1680 1534 1722 scripsit
1543 1681 1586 1714 ad
1597 1682 1750 1716 Sanctum
1762 1681 1956 1717 Cornelium
1970 1681 2109 1716 Pontifi-

1222 1740 1293 1764 cem
1305 1730 1438 1764 Sanctus
1450 1729 1639 1773 Cyprianus
1652 1744 1663 1764 .-
1689 1732 1780 1775 ,Quod
1790 1741 1888 1766 autem
1910 1732 1967 1765 tibi
1986 1732 2024 1764 de
2035 1735 2113 1765 Foe-

1223 1789 1332 1814 tunato
1342 1779 1391 1818 isto
1403 1779 1674 1824 Pseudo-Epiftopo
1686 1804 1697 1820 ‚
1722 1783 1742 1813 ἃ
1749 1788 1858 1824 paucis
1882 1783 2113 1815 &inveteratis

1223 1829 1371 1865 baerericis
1393 1830 1563 1871 constituto,
1589 1843 1647 1865 non
1662 1830 1768 1870 statim
1783 1831 1903 1876 scripfi,
1932 1843 1991 1865 non
2011 1842 2049 1865 ea
2060 1842 2112 1866 res

1223 1889 1305 1920 erat,
1329 1892 1398 1924 quae
1410 1887 1443 1915 in
1459 1886 1592 1914 notitiam
1620 1889 1704 1915 tuam
1714 1881 1834 1917 deberet
1850 1891 1907 1925 per
1917 1893 1971 1915 nor
1985 1881 2090 1923 statim
2100 1896 2114 1920 ῃ

1167 1938 1169 1940 ’
1223 1930 1468 1975 quafimagnal&
1479 1932 1656 1973 metuenda,
1677 1931 1827 1974 proferri.
1855 1931 1932 1967 Post
1959 1931 2112 1976 quaedam

1222 1982 1362 2025 exponit
1374 1982 1475 2015 etiam
1490 1982 1631 2017 Maximi
1648 2006 1659 2023 ,
1684 1980 1813 2016 rebeliis
1832 1982 1888 2016 fibi
1902 1981 2113 2025 Presbyteri,

1224 2032 1258 2066 δε
1273 2042 1350 2065 cum
1362 2032 1546 2067 Fortunato
1561 2032 1744 2075 conjurati,
1769 2031 1883 2066 datum
1896 2032 1914 2065 a
1925 2029 2111 2067 Novatiani

1223 2081 1382 2115 Factione
1412 2081 1672 2125 Episcopatum,
1697 2082 1732 2115 δε
1745 2082 1966 2125 prosequitur:
1986 2086 2113 2116 Nacra—

1223 2142 1290 2164 men
1310 2133 1347 2164 de
1361 2131 1412 2164 boc
1435 2131 1491 2164 tibi
1510 2130 1680 2174 scripserim
1693 2156 1704 2172 ‚
1730 2133 1853 2174 quando
1865 2132 1928 2167 haec
1939 2132 2115 2166 ammaeen-

1223 2189 1393 2214 temnantur
1404 2183 1425 2213 ἃ
1438 2181 1522 2214 nobis
1535 2205 1546 2221 ,
1574 2184 1609 2215 Θ·
1621 2180 1751 2223 miserim
1771 2182 1825 2215 tibi
1836 2185 1974 2224 proxim?
1988 2190 2113 2216 nomina

1225 2229 1436 2273 EpIscoporum
1459 2231 1520 2270 istic
1539 2231 1753 2269 constitutorum
1765 2254 1775 2269 ‚
1802 2239 1852 2272 qui
1865 2237 1974 2274 integri
1996 2232 2030 2263 &³
2038 2229 2112 2273 san!

1223 2286 1255 2312 in
1268 2279 1396 2320 Ecclefia
1421 2279 1575 2312 Catholica
1590 2279 1754 2312 Fratribus
1769 2279 1926 2322 praesunt.
1956 2280 2112 2315 Affirmat

1224 2331 1310 2364 varia
1322 2354 1331 2362 .
1358 2328 1472 2362 Primo
1482 2352 1494 2369 ‚
1508 2330 1598 2373 quod
1613 2329 1768 2363 Africana
1785 2330 1927 2364 Ecclesia
1939 2330 2111 2372 quascum-

1221 2390 1284 2422 que
1305 2379 1469 2423 graviores
1489 2380 1597 2413 causas
1631 2380 1744 2412 referre
1769 2378 1901 2413 deberet
1926 2379 1969 2414 ad
1992 2379 2112 2415 Sedent

1223 2428 1470 2472 Apostolicam.
1498 2428 1673 2468 Secundo,
1701 2429 1792 2472 quod
1814 2429 1859 2463 ob
1882 2440 1951 2463 non
1975 2430 2112 2465 relatam

1222 2479 1393 2513 Fortunati
1409 2479 1623 2512 intrusionem
1634 2480 1733 2512 fuerit
1744 2479 1955 2523 reprehensus
1965 2480 1982 2513 a
1994 2478 2112 2514 Samae

1224 2529 1383 2564 Cornelio
1397 2553 1404 2561 .
1432 2527 1554 2563 Tertio
1575 2552 1587 2570 ,
1613 2528 1704 2572 quod
1724 2530 1824 2564 etiam
1847 2530 1921 2563 talis
1938 2527 2111 2564 rebellium

1224 2580 1432 2614 elericorum
1445 2578 1626 2622 petulantia
1639 2591 1707 2613 non
1721 2579 1758 2611 fit
1771 2579 1854 2613 inter
1863 2579 2028 2623 graviores
2036 2590 2111 2613 cau·

1222 2631 1269 2664 sas
1280 2653 1290 2669 ,
1303 2629 1443 2672 ideoque
1459 2640 1527 2662 non
1538 2627 1687 2663 debuerit
1696 2628 1819 2662 referri.
1847 2630 1978 2677 Qarto
1989 2654 1999 2670 ,
2017 2626 2110 2674 quel

1226 2692 1292 2714 non
1317 2680 1395 2713 tales
1421 2678 1613 2713 intrusiones
1632 2705 1642 2719 ‚
1671 2677 1723 2713 sed
1750 2679 1833 2714 solas
1855 2678 2110 2715 Catholicerum

1225 2730 1462 2773 Episcoporum
1477 2740 1580 2763 novas
1592 2730 1830 2764 Ordinationes
1839 2730 1946 2764 referri
1957 2739 2110 2774 oportue-

1223 2780 1284 2813 rit.
1351 2779 1469 2819 uitato,
1495 2779 1585 2823 quod
1607 2779 1666 2814 has
1678 2780 1826 2823 proxime
1848 2778 2014 2813 retulerit.
2040 2778 2109 2824 Igi-

1224 2839 1276 2864 tur
1285 2828 1537 2864 Provinciarum
1553 2829 1711 2864 Primates
1720 2829 1872 2863 omniurn
1884 2829 2015 2863 suorum
2029 2829 2109 2872 Epi-

1225 2880 1397 2924 scoporum
1409 2890 1569 2922 mortem,
1593 2889 1772 2922 eorumque
1789 2889 1895 2912 novos
1908 2878 2107 2914 Successores

1223 2929 1386 2966 debebant
1395 2931 1513 2965 referre
1525 2928 1779 2974 Carthaginem,
1806 2927 1901 2971 hujus
1922 2939 2033 2963 autem
2054 2928 2108 2968 cit

1225 2980 1336 3015 vitatis
1363 2981 1513 3015 Antistes
1547 2981 1588 3013 ad
1629 2978 1828 3022 Episcopum
1855 2979 2104 3014 Romanorum.

1225 3030 1255 3065 A
1259 3030 1435 3075 postolicus
1446 3030 1565 3064 Canon
1578 3028 1753 3063 mandabat
1763 3040 1880 3063 omnes
1901 3030 1976 3064 illos
1987 3027 2106 3074 praevie

1222 3081 1410 3115 confirmari
1420 3091 1474 3124 per
1484 3078 1680 3112 Pontificem
1692 3102 1699 3110 .
1724 3079 1771 3112 At
1782 3079 1828 3113 ob
1839 3078 2026 3115 distantiam
2036 3080 2104 3115 erat

1223 3142 1271 3164 res
1293 3130 1511 3164 molestiffima
1520 3153 1528 3160 .
1559 3128 1654 3162 Hinc
1667 3129 1827 3164 Romanae
1839 3130 1989 3164 Ecclefiae
2002 3128 2102 3172 pletnfl

1221 3191 1289 3215 erat
1299 3190 1453 3214 contenta
1473 3190 1551 3212 cum
1561 3177 1618 3213 ista
1641 3179 1785 3223 generali
1799 3181 1869 3223 post
1883 3177 2101 3214 consecratio-

1223 3241 1299 3265 nem
1310 3230 1484 3263 relatione.
1514 3229 1600 3276 Qae
1616 3230 1730 3264 omnia
1753 3229 1861 3264 lucide
1878 3226 2101 3264 demonstrant

1224 3281 1413 3314 Africanam
1432 3278 1607 3313 Eccleliam
1628 3281 1751 3324 semper
1773 3280 1924 3315 subfuisse
1943 3279 2103 3313 Romano

1225 3328 1463 3364 Patriarchatui
1475 3354 1482 3361 .
1923 3329 1926 3331 ’

1272 3379 1407 3414 Praefata
1418 3379 1527 3421 sancti
1543 3380 1704 3426 Cypriani
1724 3379 1817 3416 verba
1832 3376 1970 3422 Iacobus
1978 3377 2101 3461 Il’iame*

2015 3437 2051 3461 us
