2326 3718
397 131 495 179 304
806 130 872 162 DE
910 116 1177 164 Roman-A
1213 119 1683 166 APPELLATIONE

325 207 572 255 totamcausam
587 203 627 240 ad
639 207 671 241 se
682 218 751 243 non
771 210 960 252 pertraxerit
971 233 978 240 .
1006 206 1138 240 Etenim
1161 218 1214 248 ap·
1260 212 1264 251 3‘
1277 214 1311 240 ut
1331 204 1388 247 nisi
1405 208 1501 242 decem
1511 210 1625 243 dierum
1635 211 1794 243 mtervallo
1804 234 1817 254 2
1826 236 1828 243 ,
1842 211 1882 245 ab
1892 211 1980 253 boias
1994 212 2095 247 κατῆγε
2103 216 2158 249 ad.

325 256 499 302 pellatorio
513 255 732 300 Eutychetis‚
758 259 791 292 ἃ
803 257 1006 293 accusatorio
1026 256 1157 290 Eusebii
1181 257 1214 289 li·
1259 259 1446 290 'monitionis
1465 260 1514 293 dte
1526 262 1793 300 numerandorum‚
1822 262 1972 303 nefariam
1991 265 2155 298 doctrinam

321 305 411 340 bello
423 331 434 347 ,
459 306 595 352 aliisque
620 320 674 353 per
693 309 910 351 Eutychetem
933 306 1092 349 adjunctis
1114 307 1214 340 causae
1271 307 1360 349 suam
1369 315 1513 350 conceptis
1525 309 1626 343 verbis
1638 308 1894 351 anathematizet,
1915 314 1993 353 illico
2002 315 2154 348 senilitas

318 355 529 392 documentis
554 371 622 393 non
635 371 811 394 contextus
823 357 1017 391 Flavianum
1037 357 1144 401 arguit
1171 356 1213 390 de
1273 358 1382 390 tuaillr·
1395 359 1712 404 Ecclefiaeprospictat.
1741 358 1873 403 Utique
1889 364 2092 403 procedendo
2113 363 2155 401 ad

318 416 390 442 non
404 409 487 443 fasta
514 409 698 449 relatione,
727 405 991 451 ipsamquejussit
1017 417 1096 440 mox
1120 407 1211 447 fieri,
1272 407 1474 442 creationem
1486 411 1566 445 novi
1579 410 1748 455 Episcopi.
1776 410 1936 444 Notanda
1954 412 2152 449 suntverba:

316 458 354 491 ἃ.
377 457 473 493 fimul
500 460 676 494 transmitti
689 458 844 490 idoneam
859 458 1027 500 personam
1040 483 1047 489 .
1078 456 1211 501 Utique
1271 457 1389 497 Nostrae
1401 460 1485 491 sedis
1497 457 1676 495 authoritate
1688 486 1695 494 .
1723 459 1836 501 Nostra
1846 467 1910 494 vice
1920 463 1954 496 &¹
1966 463 2022 494 loco
2033 474 2155 508 mpo-

318 508 552 552 Responsalem
577 511 611 542 in
624 506 843 541 retractatorio
869 506 1013 550 judicio.
1041 508 1211 541 Secundus

316 569 407 592 error
420 558 464 592 est
478 585 488 600 ,
515 559 603 603 quod
616 557 716 590 etiam
741 557 797 590 alii
811 557 964 601 Episcopi
985 558 1154 601 potuerint
1168 557 1209 591 ab

314 606 503 652 Euty-chere
526 617 581 651 per
604 606 837 650 appellationis
858 607 1009 642 libellum
1038 608 1183 641 invocari
1198 632 1205 639 .

312 657 449 702 Etenim
461 658 570 691 doceri
583 658 684 691 velim
695 657 882 701 exemplum
896 681 908 698 ,
937 657 971 692 in
992 667 1059 702 quo
1073 657 1205 692 damna-

311 701 365 743 tus
375 708 392 741 ὲ
403 709 456 742 sua
469 706 608 749 Synodo
621 706 802 751 Episcopus
814 708 1000 752 provocarit
1013 719 1081 742 non
1093 710 1133 742 ad
1146 708 1204 742 Pa·

309 768 386 801 pam
398 777 409 797 ,
436 755 490 791 sed
503 757 544 790 ad
565 757 669 792 alium
681 758 933 802 Metropolitam
947 780 959 799 ,
985 769 1042 799 aut
1066 758 1204 793 Patriar·

308 806 406 841 cham
418 831 427 840 .
457 807 658 852 Exemplum
670 828 680 847 s
706 809 739 842 in
752 820 820 852 quo
832 809 904 853 quis
918 809 1105 843 Patriarcha
1127 808 1202 843 alie-

308 856 345 890 ni
357 857 550 892 Dioecesani
562 858 816 903 appellationem
841 859 1007 894 admiserit
1019 881 1030 900 ,
1057 861 1201 894 retraeta-

305 908 347 942 rit
360 932 370 948 ,
397 907 586 950 definiverit
596 931 603 940 .
632 910 773 943 Tertius
784 920 873 943 error
884 909 929 943 est
940 930 951 949 ,
976 919 1043 953 quo
1057 910 1199 944 aliorum

304 954 545 1002 Episcoporum
568 955 709 1002 quilibet
723 984 733 999 ‚
760 958 841 993 dum
866 968 921 1004 per
946 960 1199 1004 appellationem

303 1007 500 1048 invocatur,
527 1009 622 1052 poffit
634 1009 797 1052 postulare
810 1011 1058 1045 inflrustionem
1079 1011 1177 1044 causa-1
1189 1034 1200 1050 ‚

301 1070 342 1093 ac
355 1059 396 1093 de
409 1059 581 1093 relationis
594 1059 725 1094 silentio
742 1070 874 1095 movere
894 1061 1057 1105 querelas.
1085 1059 1197 1094 Palam

300 1108 369 1143 hoc
380 1109 582 1144 demonstrat
594 1111 662 1154 ipse
672 1109 892 1146 Haereliarcha
904 1110 1088 1153 Nestorius,
1101 1122 1196 1155 quem

299 1157 452 1202 Julianus
473 1159 661 1195 Eclanenfis
672 1185 684 1202 ‚
710 1161 834 1206 aliique
855 1161 945 1196 istius
967 1161 1052 1196 faecis
1065 1172 1120 1204 per
1131 1161 1196 1194 Ro·

298 1219 433 1244 manam
460 1208 640 1244 Ecclesiam
663 1211 831 1256 degradati
853 1236 865 1253 ‚
891 1220 929 1246 ac
955 1222 1047 1246 extra
1067 1210 1203 1258 Italiam!

297 1257 470 1302 proscripti
484 1259 638 1304 Episcopi
651 1261 851 1295 invocabant
865 1260 997 1293 assiduis
1018 1259 1197 1303 gemitibus

296 1320 336 1343 ac
357 1308 488 1344 fletibus
500 1331 512 1348 ‚
536 1309 680 1352 jurantes
708 1314 739 1343 ie
766 1307 968 1352 temporibus
995 1309 1193 1344 Christianis

300 1360 369 1402 pati
383 1358 641 1401 persecutionem
653 1382 664 1400 ,
676 1357 774 1402 atque
789 1359 943 1403 injuriam
954 1382 961 1390 .
989 1358 1069 1395 Erat
1079 1360 1193 1404 Regiae

294 1407 439 1442 civitatis
465 1408 648 1452 Episcopus
658 1433 668 1449 ,
698 1409 838 1453 ideoque
865 1420 908 1444 ex
918 1410 1032 1444 officio
1052 1410 1192 1445 debebat

293 1469 350 1492 om
356 1469 431 1493 nem
443 1456 604 1495 advenam
617 1457 817 1504 Episcopum
829 1459 1036 1495 introducere
1047 1461 1089 1495 ad
1100 1460 1191 1495 Prin-

292 1509 403 1552 cipem
415 1533 427 1550 ‚
450 1510 484 1542 δε
497 1516 574 1543 ante
601 1507 882 1544 introduffionem
903 1510 1063 1545 discutere
1086 1512 1189 1554 perso-

292 1570 371 1593 nam
399 1559 586 1593 &causam.
616 1558 761 1594 Proinde
774 1558 915 1595 habebat
938 1560 1064 1605 aliquid
1084 1560 1163 1604 juris
1179 1585 1190 1601 ,

287 1620 333 1643 ‘ex
345 1619 413 1652 quo
424 1608 602 1652 postularet
620 1609 663 1645 de
689 1609 822 1654 Juliano
834 1633 846 1651 ,
870 1611 904 1645 δε
914 1611 1040 1648 asseclis
1053 1610 1169 1645 instrui
1182 1635 1188 1642 .

289 1658 336 1694 Et
349 1669 462 1694 tamen
475 1658 593 1694 litteris
604 1683 614 1701 ,
640 1668 697 1704 per
707 1671 786 1703 quas
796 1660 814 1694 ὲ
828 1661 1004 1695 Caelessino
1023 1660 1188 1696 Pontifice

288 1709 403 1744 doceri
415 1706 638 1754 supplicabat,
663 1710 816 1754 adjunxit
830 1723 837 1744 :
866 1709 968 1745 Rebus
988 1711 1165 1752 ostendimus
1175 1736 1185 1753 ,

289 1766 366 1802 quia
380 1763 532 1793 Fraterno
542 1771 641 1794 amore
664 1767 811 1805 negotium
835 1773 932 1795 eorum
952 1762 1026 1805 noffe
1035 1768 1166 1804 cupimus
1177 1787 1188 1803 ,

291 1822 351 1844 non
362 1809 498 1852 defiderio
510 1809 686 1851 curiositatis
698 1818 894 1854 importune.
925 1812 969 1846 Et
980 1813 1015 1845 in
1039 1813 1102 1846 alia
1122 1813 1187 1857 epi-

291 1860 374 1895 ssola
391 1875 402 1894 :
429 1859 587 1902 confideret
596 1862 674 1904 quid
682 1869 749 1903 pati
761 1862 863 1905 necesse
868 1861 905 1903 fit
919 1861 1034 1907 Regiae
1043 1863 1188 1897 civitatis

290 1911 494 1955 Episcopum
505 1935 516 1951 ,
536 1911 568 1953 si
587 1919 735 1961 negotium
752 1911 966 1954 praedu‘torum
983 1918 1118 1945 virorum
1139 1924 1186 1946 ne·

285 1960 367 2005 sciat
379 1984 390 2000 ,
415 1966 580 2002 timeatque
593 1967 683 1994 nimis
697 1984 708 2001 ,
736 1973 772 1995 ne
784 1962 1026 1994 additamentum
1038 1960 1185 1995 baerettco-

289 2019 422 2053 rumpet·
439 2016 642 2054 ignorantiam
648 2010 751 2052 faciat
764 2035 772 2044 .
800 2012 886 2044 Unde
896 2022 963 2054 rogo
973 2035 984 2051 ,
1009 2019 1043 2044 ut
1052 2014 1186 2054 undique

282 2059 446 2104 studiofitm
458 2059 498 2101 fit
505 2059 622 2102 sanc‘lae
633 2066 747 2092 antmae
757 2069 820 2093 tuae
834 2061 948 2094 donare
957 2065 1098 2093 notitiam
1104 2068 1184 2102 prae-

289 2111 436 2144 dillorum
447 2116 581 2143 virorum
592 2134 603 2149 ,
628 2111 763 2143 maxime
774 2121 842 2143 cum
855 2109 1027 2144 litterarum
1039 2108 1184 2152 sequester

295 2161 434 2195 Valerius
459 2159 668 2194 Cubtcularius
687 2161 769 2202 pqlfit
790 2161 984 2194 Beatnudtnt
1002 2167 1063 2194 tuae
1079 2168 1139 2203 per
1153 2151 1204 2205 sel

289 2220 439 2254 exponere
449 2221 547 2244 eorum
574 2209 740 2251 molestias.
767 2210 850 2245 Non
860 2209 974 2254 jubet,
1000 2222 1070 2245 non
1087 2208 1200 2254 expo—l

288 2261 387 2296 stulat
400 2287 411 2302 ,
438 2261 492 2295 sed
506 2259 694 2295 humillime
706 2260 866 2305 supplicat
878 2284 890 2301 ‚
917 2260 1047 2304 alteque
1065 2261 1184 2295 clamat

288 2312 419 2347 nullam
431 2311 488 2345 fibi
501 2311 591 2354 posse
601 2308 642 2344 de
658 2311 826 2344 relationis
837 2310 969 2344 silentio
991 2311 1054 2344 esse
1076 2321 1184 2353 quere-

289 2363 376 2398 lam.
405 2358 540 2403 Insuper
560 2359 704 2393 studiose
726 2360 757 2394 se
779 2369 894 2404 purgat
921 2359 963 2393 de
979 2359 1181 2395 curiositate.

290 2412 377 2457 Qae
388 2410 503 2444 omnia
513 2408 615 2454 longe
625 2409 754 2444 fortiori
766 2408 836 2451 jure
847 2407 1015 2444 caduntin
1026 2410 1184 2452 aliarum,

290 2464 391 2495 etiam
415 2458 689 2494 patriarchalium
705 2483 716 2500 ,
742 2458 960 2494 Ecclefiarum
982 2459 1185 2505 Episcopos.

289 2511 429 2547 Etenim
453 2508 646 2554 Apostolica
660 2507 795 2544 traditio
809 2509 849 2544 ad
861 2508 989 2544 nullam
1000 2510 1180 2545 Ecclesiam

291 2562 334 2596 ab
356 2559 514 2596 omnibus
537 2559 597 2594 sub
615 2560 788 2594 coelosaliis
808 2559 916 2594 referri
937 2559 1047 2603 juffit,
1073 2562 1131 2594 nifi
1143 2561 1183 2595 ad

291 2613 395 2647 solam
412 2611 604 2645 Romanam
617 2635 625 2643 .
651 2610 766 2644 Aliam
778 2609 1008 2644 Hierarchiam
1027 2611 1061 2643 in
1084 2610 1184 2645 Chri-

290 2663 332 2697 sti
345 2661 489 2697 Ecclesia
500 2660 600 2706 usque
612 2659 679 2695 huc
691 2672 759 2694 non
771 2660 912 2694 vidimus
924 2684 931 2692 .
960 2658 1074 2695 lsthaec
1086 2660 1186 2696 fabel-

291 2713 323 2746 k
338 2737 350 2753 ,
376 2711 437 2745 nifi
463 2723 537 2746 mea
558 2721 691 2755 peccata
702 2711 825 2744 faciant
838 2722 891 2744 me
909 2721 1019 2744 mente
1029 2722 1158 2746 coecum
1172 2736 1183 2752 ,

290 2772 410 2798 omnes
435 2762 619 2805 Episcopos
641 2761 752 2806 palam
772 2759 851 2795 facit
873 2760 1012 2804 aequales
1031 2785 1042 2802 ,
1067 2762 1100 2795 δε
1122 2773 1184 2796 nos

290 2813 385 2858 cogit
397 2811 438 2846 ad
453 2811 608 2847 Marcum
620 2810 810 2847 Antonium
827 2810 868 2845 de
880 2811 1038 2845 Dominis
1048 2835 1055 2845 .

345 2863 496 2910 Qartus
505 2872 596 2897 error
607 2862 673 2901 est,
699 2861 790 2907 quod
808 2862 941 2896 Sanetus
951 2862 1023 2896 Leo
1045 2873 1115 2896 non
1136 2860 1182 2896 so·

291 2914 342 2949 lus
356 2938 368 2954 ‚
395 2912 450 2948 sed
474 2923 552 2947 cum
574 2913 697 2947 caeteris
711 2909 924 2953 patriarchis,
955 2924 993 2947 ac
1012 2911 1182 2956 Episcopis

290 2963 441 2999 debuerit
466 2962 554 2998 hanc
579 2963 709 2997 causam
729 2963 896 2997 retractare
915 2983 927 3003 ,
965 2974 1003 2997 ac
1024 2963 1161 2997 definire
1175 2987 1182 2995 .

292 3014 428 3049 Etenim
441 3011 590 3048 hesterna
601 3024 682 3048 tunc
692 3038 703 3055 ,
728 3024 798 3058 quae
809 3012 920 3046 omnis
935 3012 1084 3048 subcoelo
1094 3025 1181 3047 com-

294 3064 443 3106 probavit
454 3063 598 3099 Ecclefia
607 3087 618 3103 ‚
645 3064 758 3099 Sancti
767 3062 934 3109 Caelestini
945 3063 1119 3098 Pontificis
1128 3063 1181 3098 ad-

294 3113 403 3146 versus
412 3114 604 3149 Nestorium
616 3112 700 3149 Asta
713 3114 939 3148 demonstrant
952 3138 963 3154 ,
989 3115 1024 3148 δε
1037 3114 1179 3148 clamant

295 3162 477 3206 oppositum
487 3190 495 3197 .
524 3163 603 3199 Post
613 3175 760 3208 acceptas
772 3164 998 3199 Haerefiarchae
1007 3164 1180 3208 Exegdes,

294 3211 505 3256 ejusdemque
530 3226 568 3249 ac
582 3215 662 3250 item
672 3215 781 3249 Sansti
794 3214 917 3258 Cyrilli
938 3214 979 3249 de
1001 3214 1070 3259 ipso
1088 3213 1180 3248 litte-

294 3273 346 3298 ras
358 3286 371 3302 ,
395 3261 544 3295 laudatus
556 3262 714 3300 Pontifex
725 3264 857 3309 Cyrillo
867 3265 1039 3310 rescripsit:
1065 3266 1180 3307 ,Quam-

291 3313 395 3347 obrem
415 3310 518 3350 nostrae
546 3314 632 3346 sedis
655 3314 840 3349 authoritate
861 3314 978 3359 adscita
995 3340 1006 3357 ‚
1029 3314 1178 3357 nostraque

295 3368 381 3402 vice,
408 3361 732 3403 &IWOmevtestate
758 3364 846 3407 usus,
870 3365 1015 3410 ejusmodi
1033 3375 1091 3398 non
1113 3364 1179 3407 abs-

273 3413 275 3415 ’
294 3414 352 3457 ρεαδ
361 3411 500 3458 requifita
507 3409 667 3455 severitate
673 3410 854 3455 seutentiam
864 3421 1017 3460 exequens
1024 3439 1032 3448 .
1060 3415 1178 3459 Nempe

1269 508 1368 548 testate
1378 534 1385 540 .
1414 507 1606 545 Caeleflinus
1617 513 1673 546 ista
1686 512 1765 546 fecit
1775 509 1816 544 ad
1829 509 1886 545 has
1898 512 2153 558 Synodalespre-

1269 570 1323 592 ces
1347 560 1455 592 Sancti
1478 560 1619 603 Cyrilli:
1643 561 1813 604 Nonprt'z'tr
1827 561 1957 602 Nestorii
1978 571 2153 597 commumo-

1270 619 1338 641 nem
1357 610 1465 650 palam
1485 612 1642 652 aperteque
1663 610 1840 654 deseruimus
1856 637 1865 652 ‚
1892 615 1984 654 quam
2001 613 2064 646 haec
2087 611 2152 656 tpss:

1269 662 1384 692 Pietati
1394 669 1454 693 tua:
1472 662 1670 694 indicaremus
1680 683 1687 692 .
1713 665 1853 705 Dignerts
1862 665 1990 704 proinde
1999 665 2077 705 quid
2085 663 2152 697 binc

1266 707 1379 747 sentias
1399 706 1577 753 perscribere
1590 735 1597 743 .
1624 713 1693 754 ,ριιό
1712 712 1824 754 ltqutdo
1848 713 1931 746 nobis
1954 714 2082 754 conflet,
2109 726 2151 747 an

1266 766 1477 794 communicare
1489 772 1540 794 nos
1551 772 1616 795 cum
1631 763 1679 795 illo
1689 769 1819 803 oporteat
1835 786 1845 802 ,
1869 774 1910 796 an
1924 767 1995 797 vero
2005 770 2031 798 ei
2041 766 2153 796 denun-

1264 820 1344 843 :zare
1355 834 1365 849 ,
1393 816 1537 844 neminem
1556 822 1620 845 cum
1639 821 1673 844 eo
1681 818 1891 846 communicare
1902 835 1913 853 ‚
1924 836 1926 838 v
1938 822 1988 857 qut
2006 813 2151 857 ejusmodi

1264 870 1416 893 erroneam
1440 861 1720 904 doffrtnamfhvet‚
1749 873 1784 895 ac
1790 864 1954 904 praedicat.
1982 866 2073 897 Porro
2089 874 2151 897 ruae

1265 912 1453 954 Integritatis
1464 922 1548 944 mens
1560 935 1571 952 ,
1597 911 1726 955 &super
1738 910 1792 945 bac
1802 924 1834 946 re
1839 910 1990 955 sententta
1996 916 2144 955 piffmis,

1263 971 1297 993 ac
1308 962 1371 994 Deo
1377 962 1564 1002 devotiffimis
1576 964 1759 996 Macedontae
1770 965 1799 994 E
1797 962 1926 1006 piscopls
1933 985 1944 1004 ,
1969 969 2082 998 necnon
2106 974 2150 997 to-

1261 1016 1321 1043 tius
1331 1015 1467 1046 Orientis
1483 1011 1670 1053 Anttstttibus
1677 1012 1832 1055 perspicue
1838 1022 1895 1055 per
1906 1014 2027 1048 litteras
2039 1019 2151 1057 exponi

1261 1060 1363 1094 debet.
1392 1063 1432 1094 Ut
1452 1073 1552 1096 omnes
1572 1071 1630 1096 uno
1650 1068 1750 1095 animo
1775 1068 1810 1096 tn
1821 1075 1882 1096 una
1898 1062 2051 1106 sententia
2058 1064 2152 1107 perfi-

1255 1108 1338 1149 ssant
1350 1132 1363 1152 ,
1386 1111 1531 1154 redaeque
1539 1110 1637 1154 fidet,
1662 1122 1730 1155 quae
1733 1113 1804 1153 jam
1823 1117 2035 1157 impugnatur,
2062 1124 2146 1157 opem

1253 1159 1382 1201 ferant.
1410 1162 1493 1194 Non
1514 1161 1586 1205 agit
1608 1162 1649 1195 de
1669 1161 2062 1205 judicialidamnatione5
2090 1162 2146 1199 sed

1260 1210 1302 1242 de
1319 1209 1585 1244 soladesertione
1595 1211 1843 1245 communionis
1867 1223 1876 1243 =
1902 1212 1948 1246 Et
1968 1216 2149 1258 tam-ipse,

1257 1257 1354 1302 quam
1367 1258 1433 1302 ejus
1443 1259 1597 1302 Synodus
1622 1270 1747 1294 tantam
1762 1260 1791 1293 A
1796 1260 1963 1304 postolicae
1973 1262 2146 1298 seditiose·

1259 1310 1562 1344 runt'reverentiam
1577 1333 1588 1349 ,
1615 1319 1651 1344 ut
1661 1308 1817 1344 nechanc
1829 1309 2146 1355 inchoare‘praesurn-

1257 1358 1400 1402 pserint,
1429 1370 1486 1394 aut
1509 1360 1702 1403 praesumant
1725 1384 1736 1400 ‚
1764 1359 1822 1405 nisi
1845 1371 1886 1394 ex
1904 1361 1972 1404 ejus
1993 1361 2144 1406 Judieio.

1258 1409 1300 1444 Et
1311 1407 1473 1452 spondent
1491 1422 1567 1444 -non
1579 1409 1693 1445 solum·
1708 1410 1774 1444 sese
1784 1430 1797 1451 ,
1824 1411 1879 1445 sed
1889 1411 1960 1445 insu
1966 1415 2019 1456 per
2029 1412 2148 1447 Mace*

1255 1458 1363 1493 doniae
1375 1459 1559 1503 Episcopus
1568 1483 1579 1500 ,
1597 1472 1635 1495 ac
1645 1470 1779 1495 omnem
1788 1460 1936 1496 Orientis
1947 1459 2147 1498 naniam&-

1256 1519 1326 1543 tum
1351 1509 1402 1543 isti
1427 1509 1557 1553 Judicio
1577 1508 1727 1554 prompte
1748 1511 1938 1554 parituros.
1961 1512 2150 1548 flm‘

1256 1557 1370 1602 litteris
1392 1559 1481 1603 Papa
1501 1559 1694 1603 subjunxit:
1718 1561 1841 1602 Eadem
1865 1560 1929 1596 baee
1951 1563 1996 1596 ad
2017 1562 2146 1597 sanaque

1252 1606 1365 1652 qnoque
1377 1613 1507 1644 Fratres
1518 1633 1529 1651 ,
1556 1612 1591 1644 eb·
1602 1607 1820 1654 Co-Eptscopos
1832 1611 1939 1652 nostros
1953 1636 1963 1654 ,
1980 1616 2145 1658 sunm

1254 1658 1467 1694 antiochenum
1489 1683 1500 1700 ,
1526 1659 1642 1702 Rufum
1662 1660 1937 1705 Tbeffalonicensem
1961 1661 2146 1708 §Juvena-

1252 1712 1308 1744 Iem
1319 1708 1605 1753 Hierosolymnanum
1617 1733 1627 1751 ,
1642 1712 1677 1745 ὁ·
1691 1713 1881 1746 Flavianum
1893 1710 2116 1756 Philippensem
2130 1735 2144 1753 ‚

1249 1758 1467 1803 perftripfimus
1477 1784 1487 1800 ,
1519 1771 1575 1803 quo
1585 1761 1686 1800 nostra
1697 1783 1709 1801 ,
1734 1765 1827 1795 immo
1840 1765 1961 1796 Domini
1971 1762 2146 1808 nostrl-IE-

1250 1812 1431 1844 stt-cmm
1434 1813 1478 1844 TI
1494 1809 1646 1854 sententia
1665 1811 1805 1853 plurtbus
1826 1814 1863 1846 de
1873 1811 1949 1854 eofit
1966 1811 2143 1856 manlfissaes

1253 1860 1400 1904 Epistola
1441 1861 1572 1905 insuper
1611 1858 1710 1896 habet
1737 1860 1824 1896 hanc
1851 1862 2118 1897 subnotationem
2129 1874 2144 1897 .-

1252 1914 1324 1943 Haec
1336 1910 1453 1951 epistola
1465 1917 1498 1942 tn
1508 1911 1617 1948 synodo
1629 1909 1781 1952 prefina
1790 1910 1865 1944 IeHa
1876 1911 1982 1953 estpost
1994 1912 2144 1955 depqfi‘tto·

1249 1970 1301 1992 nes
1322 1969 1430 1993 contra
1450 1959 1598 2001 epistolam
1608 1959 1848 2002 Nestoriifali‘as
1860 1984 1868 1994 .
1897 1963 1979 2005 ,ραι
1997 1962 2147 1996 &rotata

1247 2008 1284 2049 el}
1308 2014 1341 2043 tn
1354 2014 1587 2043 commentarios
1599 2034 1607 2042 .
1636 2009 1770 2054 Utpote
1789 2009 2146 2056 proban-peromnem

1249 2059 1444 2100 Synodum.
1476 2060 1530 2092 Ex
1540 2059 1662 2104 quibus
1682 2060 2022 2102 patentiffimelueet,
2046 2053 2145 2106 quot-1
2212 2089 2219 2096 .

1248 2108 1358 2142 omnis
1382 2116 1461 2142 tunc
1482 2108 1540 2143 sub
1553 2109 1641 2144 coelo
1654 2108 1799 2144 Ecclefia
1810 2109 2142 2150 firmiffiminredidu·

1247 2157 1289 2191 rit
1299 2181 1309 2199 ‚
1339 2169 1378 2192 ac
1389 2159 1541 2193 docuerit
1564 2158 1768 2204 Apostolicae
1781 2160 1857 2195 Sedi
1867 2161 2072 2207 effeplemm
2082 2172 2143 2197 au-

1247 2205 1461 2248 thoritatem,
1487 2221 1528 2243 ex
1542 2220 1606 2252 qua
1626 2210 1723 2253 poffit
1744 2211 1814 2246 sola
1833 2212 1900 2245 fine
1921 2211 2142 2256 genebaliSy-

1247 2258 1338 2293 nodo
1351 2259 1508 2293 damnare
1519 2270 1623 2293 novas
1632 2257 1781 2300 haereses,
1807 2260 1842 2293 δε
1854 2261 1992 2303 ipfimm
2003 2260 2138 2299 Antho-

1245 2317 1293 2341 res
1317 2331 1327 2347 ‚
1354 2307 1430 2341 licet
1446 2307 1666 2342 *patriarchas
1688 2331 1699 2349 ,
1725 2308 1931 2353 degradare.
1954 2306 2136 2348 Etiamin

1246 2357 1349 2400 prima
1369 2357 1542 2393 instantia,
1570 2357 1711 2406 Qanto
1732 2361 1837 2402 magis
1859 2360 1903 2393 in.-
1913 2358 2136 2395 tetraonas-io

1245 2403 1394 2450 Iudicio?
1417 2407 1528 2454 Quare
1539 2408 1686 2450 notanda
1698 2408 1772 2442 sunt
1784 2408 1852 2442 haec
1862 2407 2020 2443 Paschafii
2034 2410 2138 2459 Qes-

1246 2457 1325 2491 nelli
1340 2455 1436 2491 verba
1451 2470 1459 2490 :
1484 2460 1516 2491 51
1530 2459 1723 2500 appellationi
1738 2459 1814 2491 locus
1825 2459 1957 2492 dabatur
1970 2482 1988 2491 .-
2007 2458 2135 2496 Viden·

1245 2519 1297 2544 tur
1308 2505 1437 2542 edicere
1448 2528 1458 2546 ‚
1485 2509 1575 2551 quod
1588 2508 1736 2552 Magnus
1748 2509 1821 2543 Leo
1833 2520 1873 2542 ne
1884 2508 2138 2554 quide-mappel-

1244 2557 1380 2592 lationis
1397 2558 1509 2591 merita
1531 2559 1615 2593 solus
1636 2558 1817 2601 discutere,
1845 2559 1993 2603 &ipsam
2014 2560 2134 2596 admit·

1245 2617 1312 2643 tere
1324 2610 1486 2651 potuerit,
1510 2608 1612 2654 longe
1634 2608 1745 2643 mimis
1754 2610 1943 2649 retrastare,
1969 2621 2008 2645 ac
2018 2610 2133 2647 defini-

1244 2668 1278 2693 re
1289 2681 1297 2690 .
1326 2658 1451 2693 Verum
1463 2658 1565 2704 longe
1587 2659 1678 2694 aliud
1690 2659 1784 2694 senfit
1797 2659 1944 2705 Magnus
1955 2660 2044 2695 Leo.
2069 2660 2133 2694 Di-

1245 2709 1349 2744 scuffit
1363 2732 1374 2748 ,
1400 2720 1438 2743 ac
1457 2709 1609 2744 definivit
1631 2710 1749 2746 omnia
1769 2721 1823 2753 per
1845 2711 1937 2746 suurn
1955 2710 2136 2755 Dogmati«

1244 2771 1320 2793 cum
1346 2759 1498 2793 Tomum
1511 2785 1521 2800 ,
1548 2771 1646 2802 quem
1669 2771 1841 2795 veneratur
1858 2761 1968 2795 omnis
1978 2759 2132 2795 subcoelo

1245 2809 1383 2844 Ecclesia
1397 2832 1404 2842 .
1434 2811 1477 2844 Et
1489 2812 1562 2854 quis
1572 2811 1797 2845 dicatlaudata
1805 2809 1874 2852 ejus
1884 2810 1925 2843 ad
1934 2809 2130 2844 Flavianum

1244 2859 1339 2894 verba
1363 2860 1428 2894 esre
1452 2860 1600 2895 hominis
1621 2860 1679 2894 fibi
1692 2860 1750 2894 soli
1771 2870 1839 2893 non
1856 2858 2068 2894 adscribentis
2078 2860 2132 2903 jus

1244 2910 1384 2945 ferendae
1396 2911 1586 2946 sententiae?
1612 2911 1709 2945 Certe
1719 2919 1880 2953 oporteret
1892 2910 1933 2943 de
1944 2910 2139 2949 istiusmodi„

1244 2962 1453 3006 nugamentis
1481 2962 1654 3006 pudefieri.
1680 2957 1784 2992 Porro
1806 2958 1945 2992 libenter
1955 2958 2060 2993 fateor
2074 2971 2131 3004 pa·

1242 3012 1316 3046 rum
1326 3012 1464 3052 referre,
1490 3024 1530 3046 an
1552 3008 1717 3054 Eutyches
1727 3008 1873 3044 Romam
1896 3011 2129 3053 appellaverit.

1241 3060 1430 3096 Paschasius
1441 3060 1635 3108 Qesnellus
1662 3058 1800 3092 candide
1821 3060 2012 3102 profiteatur
2033 3060 2128 3095 istam

1241 3110 1401 3146 Romana:
1416 3110 1772 3155 Ecclefiaedignitatem
1785 3133 1797 3150 ,
1821 3109 1975 3144 &libens
1993 3119 2126 3145 tacuero

1240 3162 1280 3196 de
1298 3162 1486 3207 Eutychete
1498 3185 1506 3194 .

1289 3213 1371 3247 Non
1384 3211 1462 3245 libet
1475 3209 1586 3245 inania
1611 3209 1708 3244 verba
1722 3210 1922 3245 describere.
1951 3209 2121 3244 Adducam

1237 3262 1304 3297 sola
1314 3261 1503 3306 detegendis
1521 3261 1682 3295 erroribus
1702 3262 1876 3296 necessaria
1899 3285 1907 3293 .
1933 3256 2121 3295 Paschasius

1238 3313 1343 3355 itaque
1355 3311 1553 3358 Qesuellus
1574 3311 1615 3346 de
1637 3311 1720 3346 facta
1741 3309 1874 3345 tandem
1897 3323 1954 3354 per
1967 3309 2120 3345 Sanctum

1237 3362 1430 3397 Flavianum
1441 3363 1482 3397 ad
1495 3360 1692 3397 Pontificem
1701 3362 1858 3397 relatione
1868 3384 1879 3401 ‚
1889 3362 1924 3394 ὃς
1934 3358 2120 3392 transmiffis

1238 3412 1460 3458 Synodalibns
1482 3412 1567 3448 circa
1581 3412 1803 3457 Eutychetem
1814 3411 1904 3445 Astis
1924 3409 2061 3453 plurima
2075 3410 2122 3443 lo-

2001 3460 2069 3504 qui·
