2326 3718
336 138 439 193 '140

400 630 752 682 CAPUT
834 635 1030 683 XXXVt

280 738 283 754 ⁵
301 750 494 818 Qomodo
517 754 622 799 circa
644 756 840 810 Romanas
860 750 1119 820 appellationes

524 827 637 871 efferii
709 828 888 869 Marinus

535 866 564 894 ᾧ
607 864 830 959 Gugo-riui?

363 1023 390 1057 E
412 1023 535 1068 Magni
558 1021 714 1066 Gregorii
734 1021 819 1056 circa
830 1019 1001 1056 Romanas
1013 1022 1152 1057 Gallica·

386 1085 434 1107 nae
458 1073 607 1107 Ecclesiae
626 1071 861 1115 appellationes
872 1070 966 1107 Auis
981 1074 1150 1108 Dominus

71 1128 231 1163 1..7.C..18.
254 1121 377 1157 Petrus
386 1123 428 1157 de
441 1122 554 1157 Marca
566 1120 634 1156 haec
645 1120 771 1155 scribit:
792 1123 983 1155 Gallicanam
992 1123 1151 1166 Ecclesiam

256 1176 419 1216 Gregorius
445 1171 534 1206 baud
542 1169 634 1205 aliter
651 1171 820 1213 cruciavit,
846 1182 936 1214 quam
948 1173 1124 1214 Africanam
1141 1199 1147 1206 .

252 1223 281 1265 J
286 1224 346 1262 uffit
357 1229 460 1262 enim,
484 1223 518 1255 ut'
526 1220 624 1265 causae
635 1222 789 1255 Gallorum
811 1229 844 1255 in
868 1225 1008 1256 Com-iliis
1023 1226 1150 1257 Gallica-

256 1278 306 1305 nis
316 1272 521 1314 definiantur,
546 1271 690 1312 utstatim
700 1271 870 1311 ostendam.
899 1272 943 1305 Et
955 1273 1037 1306 infra
1052 1272 1149 1307 addu-

255 1322 303 1359 cit
314 1322 439 1356 Leonis
453 1322 557 1364 quarti
571 1323 612 1355 ad
624 1323 761 1356 minoris
769 1321 944 1355 Britanniae
956 1321 1149 1366 Episcopos‚

252 1372 289 1406 ἅ
303 1371 457 1415 Gregorii
469 1372 576 1415 quarti
598 1374 639 1406 ad
663 1371 855 1405 Gallicanos
868 1371 1043 1406 Antistites
1063 1373 1148 1407 circa

248 1421 383 1455 Aldrici
398 1422 656 1457 Cenomanensis
673 1422 828 1465 Episcopi
853 1423 981 1456 causam
999 1423 1124 1457 litteras
1138 1447 1148 1463 ,

247 1471 288 1506 &
309 1473 515 1515 prosequitur
537 1485 545 1505 :
584 1475 638 1504 Hae
660 1472 729 1504 duae
753 1471 964 1512 constitutiones
990 1479 1148 1506 contraria

60 1513 134 1552 c²1³·
167 1525 214 1545 Μ*
243 1531 342 1556 want
358 1523 532 1556 Canontbus
546 1547 557 1562 ‚
583 1529 616 1555 in
629 1522 741 1555 duobus
763 1522 911 1564 capitibus
924 1548 932 1555 .
961 1526 1038 1556 Tum
1047 1534 1086 1556 ex
1098 1534 1149 1561 eo,

230 1574 330 1615 -quod
332 1573 446 1613 jubent
458 1598 470 1614 ,
496 1571 564 1613 utfi
572 1572 736 1614 Episcopus
747 1571 900 1614 accusatus
912 1574 1042 1614 appellet
1065 1574 1085 1603 a
1106 1574 1150 1611 55·

244 1623 327 1656 :nodo
340 1624 511 1655 Provinciae
521 1628 592 1654 ante
599 1622 750 1662 ‚iudicium
763 1645 775 1661 ,
803 1621 856 1654 vel
859 1621 891 1662 fi
900 1628 1034 1662 primam
1053 1621 1149 1665 causae

244 1670 313 1715 suae
335 1677 526 1714 cognitionem
544 1673 565 1703 a
577 1674 711 1705 Romano
726 1671 867 1713 Pontifice
885 1670 996 1714 suscipi
1005 1672 1128 1713 postulet
1139 1696 1150 1712 ,

248 1722 314 1754 Istis
335 1721 521 1761 instrufflone
542 1720 792 1763 supersedeatur,
819 1722 911 1752 donec
935 1724 1023 1762 Papa
1039 1722 1147 1761 statue-

252 1778 317 1811 rit,
344 1772 419 1811 quid
433 1769 623 1813 sequendum
627 1769 688 1810 fic.
716 1772 792 1803 Tum
816 1775 910 1803 etiam
931 1772 1010 1812 quod
1021 1771 1148 1806 arbitrio

249 1819 302 1865 suo
312 1818 467 1862 reservent
478 1845 490 1862 ‚
515 1832 557 1854 an
570 1818 736 1862 Episcopus
755 1826 788 1852 in
799 1819 876 1854 Urbe
895 1821 998 1854 Roma
1006 1823 1150 1863 judican-

246 1867 358 1911 ‚dusst't
369 1894 381 1909 ‚
406 1881 448 1903 an
471 1873 548 1904 vero
567 1870 766 1904 dimittendus
790 1876 823 1903 in
845 1872 1039 1905 ProvincIam
1051 1897 1063 1914 ‚
1090 1874 1149 1906 illic

246 1920 440 1964 judicandus
461 1932 559 1955 coram
584 1924 710 1966 Legatis
734 1922 821 1955 Sedis
844 1920 1009 1962 Apostolicae
1023 1946 1031 1955 .
1058 1924 1151 1967 ,Quod

246 1969 406 2015 sumptum
426 1983 465 2005 ex
487 1983 565 2006 more
575 1970 716 2014 usurpato
736 1973 757 2004 a
770 1975 907 2015 Gregorio
919 1974 1028 2015 Magno
1049 1998 1055 2004 .
1084 1975 1148 2017 ,Qui

254 2030 357 2055 tamen
369 2022 488 2055 Gallias
514 2023 548 2056 Θ
561 2022 693 2064 Africam
715 2020 911 2066 distinguebat
931 2023 970 2054 ab
983 2023 1053 2055 aliis
1078 2026 1149 2056 Pro-

250 2077 363 2106 vinciis
375 2096 386 2113 ‚
413 2073 448 2107 Θ·
457 2083 523 2106 cum
536 2078 580 2107 eis
593 2071 709 2115 diverso
716 2073 844 2114 prorsus
853 2073 937 2106 modo
950 2071 985 2115 sc
1001 2073 1124 2116 gerebat
1137 2098 1148 2114 ‚

249 2124 346 2165 quam
369 2134 435 2156 cum
457 2124 547 2157 aliis.

257 2193 261 2196 -
304 2173 435 2207 Errores
445 2173 546 2208 varii.
575 2173 706 2208 Primus
716 2173 780 2215 est,
808 2172 899 2218 quod
918 2183 1054 2218 quartus
1067 2175 1147 2208 Gre-

247 2223 366 2268 gorius
390 2224 423 2258 &
440 2234 574 2268 quartus
586 2224 843 2260 Leo'sanxerinr
865 2226 1030 2259 contraria
1053 2224 1148 2259 sacris

250 2274 452 2308 Canonibus
469 2299 477 2307 .
507 2275 753 2315 secunda-sest,
783 2275 873 2316 quod
885 2274 972 2307 istud
985 2275 1147 2317 ipsumfe-

250 2322 334 2356 berit
346 2323 493 2367 Magnus
513 2323 847 2369 Gregoriuerod
870 2314 1088 2365 usurpaverit,
1113 2322 1147 2355 &

254 2371 346 2423 guod
378 2373 450 2405 suas
470 2373 708 2415 usurpationes>
729 2371 937 2406 transfuderit
965 2373 1000 2405 in
1021 2373 1148 2406 Succes-

254 2422 343 2455 fores
364 2446 371 2453 .
413 2420 469 2454 Est
494 2432 561 2456 non
589 2422 671 2457 levis
701 2421 736 2454 in
769 2431 899 2456 tantum
923 2420 1147 2462 Pontificem,

254 2482 295 2505 ac
317 2471 353 2504 in
388 2482 458 2505 non
490 2471 649 2507 minimos
677 2471 747 2514 ejus
778 2472 980 2507 successores
1010 2471 1146 2515 injuria.

253 2520 392 2556 Etenim
418 2530 487 2554 non
511 2521 571 2564 ipsi
592 2522 675 2561 soli,
702 2520 756 2555 sed
767 2520 877 2555 omnis
898 2521 956 2555 sub
977 2522 1064 2556 coelo
1087 2523 1147 2556 Ec—

256 2571 351 2605 clefia
392 2571 496 2605 sacros
529 2570 686 2606 Canones
716 2570 759 2604 sic
792 2572 918 2615 semper
945 2571 1114 2606 intellexit
1139 2598 1146 2605 .

254 2622 410 2668 Qantus
438 2622 603 2656 sacrorum
627 2622 809 2656 Canonum
830 2622 959 2656 Dostor
983 2622 1020 2656 &
1039 2622 1148 2657 custos

255 2673 359 2707 fuerit
388 2672 591 2707 venerandus
623 2671 826 2716 &Magnus
860 2670 918 2705 ille
947 2671 1147 2716 Gregorius,

256 2722 332 2765 quis
344 2722 438 2764 poffit
450 2722 625 2766 ignorare?
653 2721 750 2756 Certe
760 2722 867 2756 Sancti
879 2721 975 2755 Pauli
990 2722 1148 2764 Apostoli

257 2769 471 2815 Prophetiam
485 2794 496 2810 ,
521 2783 591 2815 quae
614 2770 709 2806 nobis
731 2772 878 2815 praedixit
900 2771 936 2805 in
958 2772 1146 2815 periculosis

257 2821 510 2856 novissimorum
531 2822 657 2856 dierum
671 2821 873 2866 temporibus
895 2823 1024 2862 futuros
1041 2820 1146 2855 homi-

255 2882 316 2906 nes
336 2871 531 2906 Parentibus
554 2872 803 2913 inobedientes,
830 2873 965 2907 Sanetus
988 2871 1151 2916 Augusti*

256 2932 318 2955 nus
329 2921 492 2957 intellexit
503 2922 543 2956 de
553 2922 746 2967 deneganda
758 2922 946 2957 obedientia
958 2921 1073 2956 faustis
1086 2922 1146 2956 Ec-

256 2972 357 3005 clesiae
367 2971 517 3007 Patribus
528 2997 536 3005 .
562 2971 699 3007 Tertius
710 2983 799 3006 error
809 2973 853 3008 est
867 2996 879 3013 ,
898 2972 987 3016 quod
999 2971 1145 3016 Magnus

258 3021 437 3064 Gregorius
448 3022 657 3058 Gallicanam
668 3022 843 3057 Ecclesiam
866 3022 949 3057 circa
973 3022 1144 3056 Romanas

259 3069 493 3113 appellationes
513 3083 579 3106 non
602 3073 695 3108 aliter
705 3071 913 3112 tractaverit,
929 3084 1028 3117 quam
1050 3072 1143 3106 Afri-

258 3130 376 3153 canam
403 3144 411 3152 .
446 3121 578 3155 Etenim
603 3127 671 3166 'quo
697 3124 824 3158 suarum
850 3123 1141 3166 epistolarnmzaut

258 3170 403 3204 aliorum
425 3170 626 3213 Scriptorum
638 3173 713 3206 loco
724 3172 929 3217 aequiparavit
942 3172 1000 3207 ista
1012 3172 1140 3206 illarum

259 3219 475 3254 Ecclefiarum
496 3220 562 3261 jura
588 3223 955 3258 autconsuetudines?
981 3222 1059 3256 Nec.
1075 3223 1141 3265 api·

257 3280 331 3305 cem
349 3268 542 3303 adduxeris.
571 3270 730 3306 Attamen
756 3273 922 3307 Dominus
947 3271 1140 3315 Archi-Epi-

759 128 858 178 »ΒΞ
892 128 1647 178 GnncANaeEcezzsm‘

280 225 388 252 totam
402 213 577 249 Ecclesiam
595 213 783 250 contestans
807 218 841 252 δε
857 216 1100 252 Ητιῃειηε.[υπη
1121 215 1169 249 in-

281 267 469 301 nocentiam
479 288 488 296 .
515 264 599 302 Haec
619 266 733 302 omnia
754 267 905 302 altissime
930 267 1074 301 clamant
1098 265 1167 300 Ro-

279 325 391 350 manas
406 314 644 358 appellationes
653 317 752 351 etiam
763 328 840 352 ante
851 317 993 361 primum
1004 315 1166 351 Innocen-

278 365 361 400 tium
374 364 498 408 semper
510 365 646 410 viguisse
658 367 692 402 in
706 368 863 410 Illyrico:
889 366 992 401 Haud
1009 365 1108 400 dubie
1128 365 1165 399 il-

277 414 322 452 lie
337 413 469 450 traditas
492 415 526 453 &
536 416 687 452 fundatas
699 418 717 452 a
732 419 850 453 saneto
861 416 1027 461 Apostolo
1039 415 1144 452 Paulo
1155 439 1163 448 .

1209 220 1213 225 ’
1231 222 1268 246 ut
1277 211 1298 246 ὲ
1308 213 1364 248 sua
1374 215 1458 252 avita
1466 232 1486 260 ,»
1504 230 1575 261 quae
1586 217 1754 254 Romanas
1763 219 1926 257 Inferioris
1948 222 2038 259 Cleri
2049 236 2108 271 ap·-

1230 262 1425 304 pellationes
1442 277 1611 314 nunquam
1638 269 1810 305 admiserat
1829 297 1841 313 ,
1867 275 2109 311 consuetudine

1230 311 1421 354 recederet,
1433 317 1466 352 ἀ
1485 318 1716 363 promptissime
1737 322 1950 364 acquiesceret
1973 324 2042 359 istis
2056 335 2109 370 ap¹¹

1230 363 1479 405 pellationibus:
1505 370 1549 404 Et
1560 381 1596 404 ut
1609 371 1692 413 ipsas
1702 372 1861 406 retraetari
1874 399 1876 402 >
1887 385 1926 409 ac
1933 374 2067 410 definiri
2086 376 2107 411 a

1229 412 1315 471 Papa
1327 417 1520 458 permitteret
1531 420 1622 463 juxta
1633 420 1853 456 Sardicensem
1872 424 2013 460 formam
2023 449 2035 466 ,
2053 437 2106 464 at-

1227 475 1291 507 que
1301 476 1346 499 ita
1359 467 1390 499 se
1400 472 1660 506 accommodaret
1672 472 1711 506 ad
1724 482 1831 506 mores
1844 484 1895 506 -ac
1906 474 2105 519 legestotius

1227 514 1284 550 sub
1302 516 1389 550 coslo
1412 516 1665 557 Christianitatis
1692 547 1700 554 .
1732 522 1813 556 Hoc
1839 523 1932 557 sensu
1959 524 2105 570 Magnus

1225 563 1406 610 Gregorius
1433 567 1639 607 Gallicanam
1659 572 1836 607 Ecclesiam
1862 574 2011 608 tractavit
2036 585 2107 612 non

1223 615 1317 649 aliter
1329 641 1340 657 ,
1366 628 1465 660 quam
1481 620 1671 656 Africanam
1682 648 1690 656 .
1717 624 1807 672 Qia
1818 622 1906 658 hanc
1917 622 2055 658 deduxit
2063 626 2106 662 ad

1223 666 1311 700 illius
1323 678 1428 702 mores
1440 694 1447 700 .
1474 670 1558 703 Haec
1569 681 1640 704 mea
1652 673 1774 708 Asstrta
1785 673 2017 710 demonstrabo
2026 676 2106 711 infe·

1222 715 1286 750 rius
1295 729 1349 760 per
1361 719 1467 754 lucida
1478 721 1626 764 exempla
1652 731 1691 755 ac
1700 723 1887 759 testimonia
1895 750 1903 758 .

1270 767 1440 804 Dominus
1461 768 1761 815 Archi-Episcopus
1779 773 1798 806 ὲ
1817 775 1929 810 Gallia
1947 776 2056 811 transit
2068 776 2109 810 in·

1220 815 1434 860 Hispaniam.
1461 821 1554 854 Sicut
1568 821 1616 855 illi
1630 845 1641 862 ,
1667 822 1714 856 ita
1738 821 1862 861 &huic
1871 836 2010 862 conatur
2018 827 2105 861 affri-

1219 878 1290 901 care
1302 869 1355 903 sua
1367 868 1462 904 devia
1473 870 1673 907 Commenta
1684 895 1695 913 ‚
1721 881 1818 916 atque
1837 875 1954 911 itaeis
1970 877 2108 921 patroci-

1220 918 1313 952 nium
1334 920 1500 963 acquirere
1521 946 1529 952 .
1557 922 1653 956 lrrito
1677 935 1716 958 ac
1736 923 1772 958 in
1794 934 1974 970 utramque·
1991 926 2106 961 Eccle-

1218 968 1293 1003 fiam
1304 969 1460 1012 injurioso
1471 970 1593 1005 studio.
1621 973 1770 1016 Exponit
1781 975 1928 1018 quaedam
1942 977 2027 1011 circa
2036 975 2112 1010 Ro··

1218 1030 1330 1053 manas
1341 1019 1498 1055 Afrorum
1512 1022 1771 1066 appellationes,
1795 1025 1830 1058 ὃς
1850 1026 1973 1070 pergit:
2004 1028 2110 1060 Alium

1217 1071 1349 1103 ordinem
1362 1078 1459 1105 tenuit
1471 1071 1488 1104 5
1491 1071 1596 1105 aniius
1608 1076 1767 1118 Gregorius
1778 1076 1878 1116 quoad
1898 1074 2077 1118 Hispaniam
2090 1100 2104 1117 ,

1215 1119 1265 1152 ubi
1277 1119 1433 1163 disciplina
1443 1124 1590 1164 quiddam
1597 1122 1898 1166 specialerinvexerat
1921 1132 1955 1159 in
1974 1128 2106 1167 judiciis

1216 1172 1246 1200 E
1244 1169 1428 1212 piscoporum
1437 1194 1444 1203 .
1470 1171 1605 1213 Ecclessae
1615 1178 1693 1206 enim
1704 1176 1784 1208 illius
1798 1181 1930 1210 nationis
1939 1177 2101 1211 utebantur

1215 1220 1384 1252 canonibus
1405 1223 1426 1252 ἃ
1449 1224 1584 1254 Martino
1603 1223 1782 1263 Bracarensi
1800 1226 1923 1258 collem:
1935 1249 1947 1266 ‚
1957 1232 2103 1269 ’itemque

1214 1273 1252 1300 iis
1263 1275 1316 1310 qui
1328 1276 1361 1302 in
1372 1271 1494 1309 synodis
1508 1270 1682 1314 Hispania-is
1692 1272 1891 1307 condebantur
1905 1298 1913 1307 .
1945 1278 2029 1308 Eam
2046 1277 2108 1309 col-

1213 1319 1362 1352 (emonem
1384 1327 1574 1355 concinnavit
1584 1325 1737 1356 Martinus
1756 1329 1833 1357 circa
1853 1335 1966 1357 annum
1982 1328 2107 1359 Dorum

1214 1368 1471 1413 quingentesimum
1488 1369 1730 1415 septuagefimum
1744 1379 1880 1414 primum
1893 1398 1905 1414 ,
1930 1375 2109 1417 rogantibus·

1214 1420 1369 1462 Episcopis
1384 1422 1542 1454 Galleciae:
1570 1426 1607 1455 In
1617 1433 1678 1464 qua
1689 1427 1825 1457 canones
1841 1427 1958 1457 Graecos
1977 1429 2012 1457 in
2025 1428 2105 1465 Epi·

1210 1477 1307 1502 tomen
1318 1471 1453 1504 redachs
1467 1472 1563 1504 edidit
1574 1497 1586 1512 ,
1611 1482 1683 1514 quos
1699 1476 1934 1507 accommodavit
1954 1475 2000 1508 ad
2018 1473 2109 1517 usumv

1213 1517 1369 1561 Hispaniae
1397 1521 1431 1553 (τ
1452 1521 1496 1551 ad
1516 1524 1652 1554 canones
1671 1525 1866 1556 eonciliorum
1877 1525 2085 1557 Toletanoran
2090 1535 2107 1558 ‚¹

1212 1573 1249 1601 In
1261 1571 1384 1602 Canone
1395 1578 1497 1602 autem
1508 1571 1616 1604 decimo
1634 1578 1721 1605 tertio
1739 1570 1859 1615 causam
1869 1571 2011 1617 Epiftopi
2032 1573 2109 1617 d‘fit'

1213 1620 1355 1652 mendam
1367 1620 1418 1662 effe
1429 1625 1475 1651 ait
1485 1626 1517 1651 in
1528 1622 1636 1659 synodo
1647 1624 1837 1655 Provinciali
1845 1636 1861 1665 ,·
1879 1623 1910 1665 fi
1925 1626 1998 1658 vero
2012 1625 2109 1658 *rimo

1205 1667 1245 1711 sa
1247 1668 1365 1710 fuerint
1368 1673 1401 1713 J
1403 1670 1520 1701 udicum
1531 1679 1606 1703 vota
1616 1695 1628 1711 ,
1654 1680 1720 1704 tum
1731 1674 1897 1705 vocandam
1909 1674 1964 1715 effe
1973 1674 2106 1707 Pronus-⁷

1208 1724 1285 1750 ciam
1289 1717 1453 1760 finitimam
1457 1721 1555 1759 juxta
1567 1724 1719 1755 Canonem
1731 1722 1959 1756 Antiochenam.
1983 1722 2105 1758 Restes

1211 1768 1372 1804 Attamen
1387 1770 1553 1804 Martinus
1565 1782 1632 1805 non
1645 1782 1781 1806 omnem
1795 1772 1939 1806 vicinam
1961 1771 2108 1807 provinz

1211 1819 1295 1853 ciam
1305 1843 1318 1860 ,
1345 1820 1397 1854 sed
1408 1820 1516 1854 sanxit
1526 1819 1758 1856 advocandum
1770 1822 1876 1856 solum
1897 1822 1965 1867 ejus
1976 1822 2106 1858 Meno-

1212 1869 1348 1913 politam
1365 1895 1371 1902 .
1399 1870 1635 1906 Antiochenus
1655 1873 1746 1906 enim
1767 1873 1886 1907 Canon
1915 1873 2002 1907 varie
2023 1873 2107 1918 legi-.

1212 1930 1263 1954 tur
1285 1944 1293 1952 .
1327 1920 1510 1963 Dionysius
1534 1921 1685 1966 Exiguus
1710 1922 1792 1967 legit
1816 1935 1823 1955 :
1851 1925 2106 1965 Metropolitanus·

1212 1968 1376 2014 Episcopus
1387 1972 1404 2004 e*
1415 1977 1516 2006 vicina
1529 1975 1694 2006 Provincia
1699 1976 1732 2018 J
1733 1974 1831 2008 udices
1846 1974 1923 2006 alios
1939 1981 2076 2007 convocet
2089 1998 2101 2015 ,

1211 2027 1263 2064 qui
1273 2021 1500 2063 controversiam
1510 2023 1613 2056 tollent
1626 2047 1634 2056 .
1661 2023 1834 2057 Consonat
1846 2023 2007 2058 Gentiani
2016 2024 2100 2057 Het-

1213 2071 1278 2105 veti
1300 2073 1469 2106 translatio
1486 2086 1497 2106 .·
1525 2074 1767 2114 Metropolitanus
1791 2073 1956 2116 Episcopus
1975 2083 2022 2107 ext
2029 2081 2098 2116 pro*

1207 2128 1325 2164 pinqua
1339 2125 1503 2156 Provincia
1515 2124 1587 2155 alios
1596 2132 1695 2156 evocet
1700 2124 1888 2164 judicaturos
1901 2146 1921 2163 ‚-
1931 2126 1971 2157 er
1982 2131 2105 2158 eomo-

1211 2171 1336 2212 verfiam
1347 2170 1491 2215 decisuros
1502 2197 1509 2204 .
1538 2171 1586 2207 At
1599 2173 1677 2207 vero
1685 2173 1823 2208 Isidorus
1836 2173 2100 2209 Mercatortrnn-

1212 2223 1301 2255 stulit
1325 2224 1359 2256 in
1388 2222 1477 2256 hunc
1499 2224 1639 2256 modum
1657 2236 1665 2255 ε
1693 2225 1820 2257 Placuit·
1839 2227 2101 2265 Metropolitanum

1210 2270 1392 2313 Epifi'opum
1404 2277 1512 2303 vicinae
1527 2274 1696 2304 Provinciae
1709 2274 1873 2313 advocartg
1901 2275 1937 2306 Θ
1957 2273 2103 2314 aliquan-³

1209 2329 1254 2353 tos
1266 2332 1331 2354 cum
1344 2332 1376 2354 eo
1386 2319 1544 2363 Episcopos
1557 2322 1632 2355 alios
1643 2346 1650 2353 .
1680 2322 1724 2356 Et
1736 2321 1821 2355 hanc
1845 2322 2105 2357 translationem·

1209 2370 1334 2405 secutus
1345 2369 1390 2405 est
1405 2396 1415 2412 ‚
1426 2382 1483 2405 aut
1496 2371 1606 2415 potius
1617 2371 1693 2406 fecit
1706 2371 1872 2406 Martinus
1886 2372 2098 2412 Bracarensis,

1209 2431 1307 2463 atque
1318 2420 1426 2455 omisit
1437 2431 1533 2454 voces
1544 2432 1553 2452 z
1580 2420 1626 2454 Es
1639 2421 1808 2463 aliquantos
1819 2432 1884 2456 cum
1891 2432 1924 2454 eo
1934 2420 2098 2464 Episcopo:

1208 2472 1280 2504 alios
1290 2494 1298 2502 .
1325 2470 1406 2504 Erat
1419 2470 1468 2504 vir
1478 2471 1611 2505 Graecus
1622 2495 1633 2510 ,
1660 2470 1803 2515 ideoque
1813 2471 1957 2507 omnino
1967 2470 2096 2508 videtur

1209 2521 1274 2564 ipse
1284 2522 1346 2555 effe
1356 2522 1468 2555 austor
1479 2521 1702 2556 translationis
1712 2547 1720 2554 .
1747 2521 1849 2556 Istum
1868 2532 1978 2556 tamen
1990 2520 2103 2558 Clodi·-

1208 2582 1281 2606 cem
1301 2582 1382 2605 non
1400 2582 1458 2615 pro
1480 2581 1550 2606 tota
1573 2571 1738 2614 Hispania
1762 2573 1873 2610 fecit·,.
1889 2571 1943 2605 sed
1954 2583 2013 2615 pro
2022 2572 2102 2607 folo·

1208 2623 1390 2656 Suevorum
1411 2631 1515 2665 regno
1525 2645 1537 2661 ,
1561 2620 1654 2663 cujus
1677 2620 1805 2666 Regem
1824 2619 2093 2659 Theodomirnm

1207 2671 1249 2706 ab
1263 2671 1348 2707 Ario
1368 2670 1516 2706 traduxit
1537 2670 1577 2705 ad
1589 2669 1758 2705 Christum
1774 2671 1961 2705 Dominum
1974 2696 1982 2704 .
2007 2671 2101 2705 Inte*

1207 2723 1269 2756 rim
1282 2722 1444 2756 Codicem
1457 2720 1666 2764 postmodnm
1677 2722 1838 2766 assumpsit
1855 2722 1966 2757 omnis
1974 2721 2099 2766 Hispan·

1207 2773 1261 2806 nia
1273 2796 1284 2812 ‚
1310 2772 1346 2805 &
1367 2772 1502 2806 servavit
1524 2773 1621 2816 usque
1644 2772 1686 2807 ad
1713 2774 1863 2807 ostavam
1887 2771 2092 2806 Toletanam

1205 2822 1380 2865 Synodum
1401 2845 1409 2854 .
1437 2821 1506 2855 Cur
1527 2822 1656 2866 aliquot
1681 2833 1787 2857 voces
1801 2832 1844 2855 ex
1868 2819 2098 2861 Antiocheno-

1206 2873 1344 2907 Canone
1357 2872 1520 2905 Martinus
1545 2873 1709 2914 omiserit,
1737 2872 1860 2915 ignoro
1871 2894 1878 2902 .
1892 2870 2010 2906 ‘Possit
2028 2873 2091 2905 res-

1205 2922 1326 2966 pexisse
1338 2922 1508 2967 praesertim
1520 2920 1561 2955 ad
1572 2924 1683 2958 casum
1690 2921 1817 2967 parium
1840 2921 2068 2966 suffragiorum
2076 2944 2087 2954 .

1255 2973 1359 3021 Qod
1369 2983 1480 3007 tamen
1492 2972 1653 3007 Romanis
1675 2970 1948 3015 appellationibus
1970 2982 2097 3006 nocere*

1205 3034 1410 3068 nequaquam
1421 3022 1559 3057 voluerit
1570 3046 1579 3061 ,
1602 3021 1648 3056 est
1660 3020 1759 3065 longe
1767 3022 1977 3056 certiffimum
1988 3047 1996 3055 .
2022 3022 2088 3056 Lu-

1203 3084 1254 3109 cet
1265 3086 1305 3108 ex
1319 3073 1537 3117 appellatione
1546 3071 1688 3116 januarii
1700 3071 1897 3106 Malacitani
1911 3071 2066 3116 Episcopi
2074 3093 2088 3110 ‚

1196 3124 1241 3156 'ac
1251 3123 1384 3157 alterius
1398 3146 1409 3161 ‚
1435 3120 1576 3156 nescitur
1594 3120 1651 3155 ubi
1664 3145 1676 3161 ,
1703 3122 1857 3166 Episcopi
1877 3120 2034 3165 Stephani
2044 3119 2087 3155 ad

1203 3173 1366 3216 Magnum
1379 3171 1578 3215 Gregorium
1592 3196 1599 3204 .
1628 3172 1788 3206 Attamen
1809 3173 1896 3207 circa
1915 3171 2086 3207 hunesw-

1201 3221 1348 3266 phanum
1360 3220 1485 3265 aliquid
1498 3220 1632 3255 luminis
1643 3222 1824 3266 accipimus
1842 3220 2083 3264 exhiertego·

1200 3272 1241 3307 rii
1255 3272 1376 3306 verbis:
1406 3274 1452 3304 De
1459 3269 1586 3314 persona
1606 3272 1750 3314 stephani
1768 3271 1909 3316 Episcopi
1928 3270 2084 3304 bocatten-

1200 3321 1377 3361 dendum'efl
1390 3345 1400 3361 ,
1418 3327 1490 3363 quia
1503 3333 1554 3355 nec
1568 3327 1684 3355 invitus
1696 3324 1742 3356 ad
1742 3325 1890 3364 „iudicium
1900 3319 1983 3353 trabe·
1993 3344 2005 3360 ,
2032 3330 2083 3353 nec
2098 3327 2160 3359 Lib.
2191 3340 2200 3358 ι
2213 3340 2233 3358 ι.

1198 3373 1237 3406 ab
1257 3368 1412 3414 Episcopis
1434 3372 1653 3405 alieniconciln·
1671 3372 1773 3406 debuit
1785 3371 1938 3413 Judlcari.
1967 3369 2012 3403 Et
2033 3370 2082 3402 in·
2100 3372 2184 3407 Epist.
2207 3374 2231 3398 ι’»,

1199 3424 1246 3458 fra
1257 3434 1265 3456 t
1292 3425 1406 3456 Contra
1417 3420 1734 3465 haecfidmumfuem
1743 3446 1755 3463 ,
1781 3425 1865 3464 quial
1874 3430 1925 3454 nec
1938 3423 2081 3504 {53:400-

257 3320 375 3364 fco'pus
386 3317 524 3352 errando
539 3320 687 3361 praedicat
698 3333 819 3356 verum.
846 3322 982 3358 Etenim
993 3322 1139 3366 Magnus

258 3369 436 3414 Gregorius
454 3369 515 3402 suae
535 3368 711 3403 sanctitatis
738 3383 775 3404 ae
798 3372 973 3413 prudentia
981 3371 1138 3406 suavitate

258 3430 301 3456 ac
308 3417 501 3459 fiirtitndine
512 3418 708 3455 Africanam
719 3419 898 3457 Ecclesiam
917 3434 958 3458 eo
970 3420 1119 3469 perduxit
1129 3410 1162 3509 ,Ι
