2326 3718
43 1935 197 1973 Lajndic·

40 1976 197 2016 u·Epis.6.

674 147 959 193 Romxms
991 143 1577 190 Atrei-tartonam.

212 236 346 284 Ioannis
377 235 549 279 Lappenfis
579 234 755 279 appellatio
779 225 981 268 <lerinenstratv
1002 230 1093 266 *istud

211 289 318 322 saneti
338 284 425 319 Petri
448 284 656 330 privilegium
679 286 714 319 in
741 283 797 317 ista
809 282 948 319 Dioecefi
970 284 1095 325 semper
1133 303 1135 316 ;

211 336 364 382 viguiffe.
392 334 437 369 Et
448 333 580 378 quidem
591 335 682 379 juxta
692 336 832 374 formam
857 332 1092 371 sardicensem.
1106 333 1108 335 ’

211 389 303 424 Hinc
320 386 415 419 enim
441 384 562 423 Paulus
584 384 802 428 Metropolim
812 381 1025 429 degradatum
1042 380 1096 428 Jo-

208 445 351 475 annem,
377 435 455 471 licet
476 437 586 483 primo
608 434 779 478 clauserit,
803 435 1024 478 appellantem
1042 442 1096 467 ta·-

208 497 286 522 men
298 485 395 520 solvit
407 510 419 528 ‚
444 498 481 520 ac
494 486 634 530 permisit
645 487 792 520 Romam
806 483 911 519 abire.
944 485 988 518 Et
1011 480 1098 518 misit

211 537 295 572 Asta
320 536 368 570 sui
389 538 564 580 Synodalis
584 534 721 580 Judicii·
750 535 795 571 Et
816 536 921 579 ipsum
942 531 1099 572 Pontifex

207 587 350 631 graviter
361 587 485 631 arguit,
512 586 604 629 -quod
617 584 684 621 nou
700 596 754 628 per
766 585 933 621 Clericum
954 582 1076 620 miserit
1088 605 1099 622 >

208 636 315 671 immo
326 648 389 672 nec
397 635 569 680 epistolam
576 634 764 679 adjunxerit
777 660 785 668 .
812 635 945 680 Insuper
952 633 1023 678 ejus
1036 642 1100 667 ver·

208 686 252 721 ba
272 711 283 727 ,
308 698 383 732 quae
403 687 520 730 Joanni
547 685 720 729 appellanti
745 685 873 721 dixerat
895 708 908 725 ,
930 686 1019 728 ,Quia
1042 692 1101 717 non

208 743 527 779 competenter-quaeris
539 760 550 776 ,
574 735 713 770 affirmat
725 734 817 769 fuine
829 733 1016 771 indecentia
1029 756 1041 772 ‚
1067 733 1099 766 &

207 786 380 832 adjungit:
407 788 490 829 ’,ραι
510 797 576 831 ergo
596 787 642 818 55.
668 787 734 818 PP.
744 783 913 828 sanxerunt
930 784 1099 818 indecentia

206 834 304 880 sunt?
321 840 376 871 ‘An
393 839 548 881 placentia
566 834 871 881 tibidecenttasunt?
896 834 942 869 Et
962 834 1102 877 Ioannes

205 886 410 922 Pontificem
424 887 557 930 supplex
566 886 729 930 adjuravit
739 908 758 929 ‚›
775 884 976 928 ursecundrim
996 887 1101 920 sacra-

207 936 325 976 tffmar
347 940 511 977 Canones,
537 935 733 978 Iustitiamque
752 935 927 969 sambrum
949 936 1100 972 Parrum,

206 982 269 1027 [αα
277 985 377 1028 tausae
386 990 528 1020 mnttm
546 989 727 1026 requireret.
756 983 802 1019 Et
817 982 1006 1018 Vitalianus
1022 982 1101 1018 fecit

207 1046 252 1068 ex
265 1035 375 1069 Actis.
403 1033 564 1076 Ioannem
573 1033 762 1072 revestivit,
787 1043 827 1067 ac
847 1032 967 1067 remisit
991 1032 1027 1066 in
1041 1033 1102 1067 Se-

205 1082 301 1117 dem.
328 1081 374 1119 Et
395 1081 519 1120 Paulus
544 1082 639 1128 plene
659 1081 807 1119 obedivit
820 1107 830 1119 ,
858 1082 994 1117 Etenim
1006 1083 1102 1126 Joan·

205 1143 289 1175 nes,
313 1132 365 1169 uti
388 1132 582 1171 canonicus
599 1131 805 1178 Episcopus,
828 1132 939 1170 adfuit
961 1144 999 1168 ac
1023 1132 1103 1170 sub·-

206 1181 331 1225 scripsit
345 1183 438 1218 sexto
447 1184 594 1227 generali
618 1183 781 1221 Concilio
795 1208 802 1216 .

258 1231 384 1269 Eadem
393 1232 500 1269 forma
512 1233 570 1268 sub
583 1233 715 1279 Magno
725 1232 890 1280 Gregorio
905 1232 1102 1269 constantis·-

206 1280 288 1321 {ime
300 1281 406 1327 viguit
431 1293 487 1327 per
496 1293 624 1319 caeteras
644 1285 814 1328 utriusque
827 1283 954 1328 lllyrici
967 1283 1106 1318 Provin-

208 1331 294 1367 cias.
321 1333 456 1369 Etenim
479 1331 648 1370 Adrianus
670 1336 705 1369 in
733 1334 772 1368 T
774 1333 907 1370 heffalia
921 1332 1106 1370 Thebanus

207 1381 392 1426 Episcopus
414 1383 433 1416 a
445 1383 716 1429 JoanneLarissae
729 1383 895 1428 Episcopo
908 1409 918 1424 ,
946 1385 1005 1419 suo
1027 1383 1106 1418 Me-

207 1431 365 1475 tropolita
377 1457 388 1473 ,
412 1433 452 1466 ad
465 1433 601 1476 Ioannis
612 1445 650 1469 ac
663 1433 792 1469 Cosmae
803 1433 1035 1471 Diaconorum
1049 1444 1106 1468 ac·-

207 1482 415 1517 cusationem
439 1483 504 1517 fuit
524 1483 571 1517 ob
593 1485 798 1527 pecuniarias
813 1484 922 1518 causas
934 1484 1108 1519 damnatus

209 1529 377 1572 civiliter,
399 1532 435 1566 ὅ(
459 1532 506 1567 ob
518 1533 656 1569 crimina
668 1532 882 1578 degradatus.
911 1533 954 1567 Et
973 1532 1107 1577 quidem

208 1580 507 1625 prioremadmifit,
539 1582 691 1620 adversus
702 1583 915 1626 posteriorem
944 1583 1108 1619 sententia

205 1640 335 1673 «partem
346 1632 537 1673 provocavit
546 1630 588 1665 ad
599 1632 762 1676 Joannern
785 1631 998 1667 Acridensem
1013 1657 1024 1672 ,
1052 1633 1107 1668 seu

209 1680 320 1723 primae
344 1679 530 1722 Jusiinianae
558 1679 782 1724 Episcopum,
808 1682 939 1716 istarum
965 1679 1108 1716 Provin-

209 1729 337 1763 ciarum
349 1728 580 1772 Apostolicum
596 1731 767 1765 Vicarium
784 1757 793 1766 ,
822 1731 864 1765 Et
887 1731 942 1766 hic
953 1731 1108 1777 degrada-

211 1780 341 1815 tionem
353 1780 580 1814 confirmavit.
614 1781 725 1828 Qare
756 1780 923 1816 Adrianus
935 1780 1106 1825 appellavit

211 1831 254 1866 ad
266 1829 431 1874 Magnum
444 1830 642 1874 Gregorium
655 1856 666 1873 ,
694 1832 728 1868 δι
738 1833 865 1867 acceffit
880 1832 1013 1868 Urbem
1027 1858 1033 1864 .
1063 1832 1107 1867 Et

212 1880 285 1926 post
307 1881 394 1915 varia
416 1880 575 1915 Pontifex
598 1881 639 1915 ad
661 1882 820 1925 Ioannem
849 1883 1019 1917 Vicarium
1034 1882 1107 1916 scri-

213 1932 291 1976 psit:
323 1929 479 1973 Postquam
501 1943 539 1964 ex
565 1931 732 1964 abundanti
746 1933 925 1974 tibtconstat
934 1933 1108 1974 appellatio-

214 1992 282 2015 nem
293 1983 344 2024 effe
350 1982 518 2023 porrectam
531 2004 542 2021 ,
567 1981 783 2027 mirattsumus
798 2007 807 2023 ‚
832 1995 882 2016 cur
902 1994 953 2016 nec
976 1982 1106 2016 homines

215 2041 304 2071 tuos,
327 2030 487 2074 secundum
507 2037 669 2066 cautionem
688 2040 838 2067 Honor-ato
862 2037 990 2067 Diacono
1016 2031 1108 2072 nostro

213 2089 269 2122 per
280 2079 458 2122 responsales
475 2081 606 2121 Ecclefiae
620 2090 681 2114 tuae
694 2081 850 2124 expositam
864 2106 874 2123 ‚
902 2090 953 2125 qut
966 2088 1012 2116 tut
1021 2084 1108 2123 judi·

216 2136 253 2164 cti
273 2136 419 2163 rationem
443 2131 597 2173 potuissent
617 2131 741 2164 reddere
754 2155 764 2170 ,
791 2131 970 2174 transmifisti
983 2157 990 2164 .
1017 2133 1112 2176 ,Quod

210 2180 332 2221 fadum
354 2189 383 2212 te
394 2180 445 2213 vel
453 2182 488 2213 de
501 2186 684 2214 contumacia
697 2204 708 2220 ‚
735 2182 787 2216 vel
796 2182 834 2218 de
845 2180 1027 2225 conscientia
1051 2190 1110 2217 tre-

212 2230 366 2271 pedatione
376 2229 528 2272 redarguit
541 2254 548 2261 .
576 2232 608 2262 51
619 2235 711 2271 igItur
721 2230 804 2271 haec,
831 2243 901 2275 quae
918 2232 1004 2267 nobis
1024 2239 1110 2274 aper-

217 2287 250 2312 ta
264 2276 359 2321 sunt,
380 2283 509 2311 veritate
529 2279 685 2311 vallantur
698 2301 711 2318 ,
736 2286 875 2321 quoniam
897 2279 1036 2322 occafione
1055 2286 1109 2315 vi·-

215 2335 294 2362 rium
305 2328 468 2367 nostrarum
481 2327 691 2367 confideramus
703 2340 761 2364 vos
773 2330 883 2372 injusta
903 2328 1088 2374 praesumere
1097 2355 1108 2373 ‚

215 2380 252 2411 de
265 2376 313 2410 his
327 2378 403 2410 ulicis
415 2400 426 2415 ,
445 2375 608 2421 secundum
619 2379 700 2420 quod
710 2381 731 2411 ἃ
742 2380 826 2413 nobis
839 2380 1107 2422 deliberatumfue-

215 2435 258 2461 rit
273 2453 283 2468 ,
311 2425 424 2466 Christo
446 2429 611 2460 auxiliante
633 2429 818 2463 decernemus
833 2454 842 2462 .
867 2431 962 2473 ,Quod
983 2434 1054 2464 verb
1068 2431 1113 2463 aa

212 2476 347 2521 praesens
366 2482 477 2509 attinet
495 2501 505 2516 ,
531 2478 646 2520 caffari:
664 2479 752 2520 prius
775 2487 866 2520 atque
878 2481 923 2512 ad
931 2478 1056 2513 mbtlum
1066 2490 1112 2515 re·

216 2529 316 2561 dac‘lts
331 2525 490 2569 sententtae
501 2536 561 2560 tuae
577 2529 708 2561 Decrms
719 2552 730 2568 ,
757 2540 795 2562 ox
807 2532 898 2562 Beati
910 2532 998 2565 Petri
1015 2533 1110 2565 Prin-

216 2583 290 2620 cipls
317 2575 509 2619 Apostolorum
538 2577 713 2611 auctoritate
736 2580 920 2613 decernimus
941 2603 954 2620 ,
977 2585 1108 2626 triginta

216 2631 332 2662 dierum
349 2626 447 2671 spatio
469 2636 498 2661 te
515 2626 603 2671 sacra
625 2635 823 2663 communione
847 2636 1008 2671 privatum
1030 2654 1043 2672 ‚
1069 2630 1109 2664 ab

215 2684 409 2719 omnipotente
447 2680 509 2712 Deo
529 2678 620 2717 nostro
640 2685 721 2712 tanti
737 2681 867 2724 -exceffus
897 2684 1021 2714 veniam
1042 2691 1108 2714 cum

212 2727 330 2771 summis
344 2732 525 2771 poeuieentla
548 2729 583 2761 Θ
602 2727 756 2768 lachrymis
766 2741 905 2764 exorare.
935 2730 1107 2773 Praefatum

217 2781 287 2812 vera
300 2779 465 2811 Adrianum
474 2802 485 2818 ,
512 2781 655 2812 Fratrem
667 2780 702 2812 Θ
713 2779 946 2823 Co-Epfiopum
958 2781 1085 2823 nostrum
1094 2805 1106 2822 ,

217 2838 255 2860 tx
268 2838 321 2861 rua
328 2827 477 2873 s'ententia
488 2852 499 2868 ,
525 2839 616 2871 neque
629 2829 803 2865 canonibus
819 2841 907 2873 neque
914 2831 1029 2876 legibus
1042 2838 1106 2868 ext·

214 2876 303 2916 flente
325 2880 501 2913 damnatum
513 2904 523 2920 ,
549 2884 582 2913 tn
606 2880 699 2914 locum
714 2878 804 2924 suum
817 2891 908 2924 atque
918 2883 1052 2918 ordinem
1061 2893 1105 2917 re-

222 2931 303 2959 verti
313 2927 426 2968 Christo
435 2934 594 2963 eomitante
605 2928 787 2972 dispontnms
800 2955 812 2972 ,
836 2933 926 2966 ut'tlu
936 2941 996 2966 non
1005 2941 1105 2967 noceat

221 2984 323 3009 contra
338 2978 463 3019 jusimae
487 2985 638 3013 tramitem
666 2982 788 3024 prolata
816 2979 968 3025 sententia
988 3007 995 3014 .
1020 2982 1106 3030 Qae

221 3026 337 3060 omnia
361 3030 593 3070 consequenter
608 3029 768 3066 Pontifex
779 3032 910 3076 repetiit
921 3056 933 3072 ,
959 3043 995 3066 ac
1007 3031 1105 3066 latius

222 3076 377 3163 {xpoguit
401 3077 435 3112 in
457 3078 572 3116 litteris
592 3080 632 3115 ad
657 3082 819 3125 Ioannem
851 3081 1103 3127 Metropolitam

256 3138 300 3159 arr
329 3138 368 3159 ae.
573 3136 577 3138 ‘
749 3139 755 3143 ·

274 3175 426 3212 Affirmat
452 3177 536 3211 varia
550 3203 556 3210 .
570 3178 714 3222 Prima,
745 3180 835 3226 quod
847 3183 989 3228 joannes
1010 3181 1104 3218 Acri-

223 3225 327 3261 densis
349 3226 519 3260 occasione
539 3226 709 3272 Papalium
733 3231 981 3276 viriuminjusta
993 3233 1104 3277 praesu-

224 3286 346 3311 meret.
375 3275 505 3320 Nempe
524 3277 693 3315 occasione
702 3281 783 3317 vicis
805 3282 1022 3327 Apostolicae.
1049 3283 1104 3317 Et-

225 3327 318 3359 enim
341 3324 461 3361 Acrida
483 3337 549 3361 erat
572 3324 959 3376 justinianilmperatoris
970 3333 1102 3374 Patria,

226 3375 366 3419 ideoque
376 3386 431 3418 per
442 3377 545 3419 ipsum
563 3377 715 3422 insignita
733 3381 877 3424 glorioso
889 3384 1026 3417 nomine
1037 3384 1100 3426 pri—

1864 157 1959 205 143

1156 240 1235 275 pum
1244 227 1383 274 erigeret
1392 253 1404 270 ‚
1428 226 1446 262 a
1458 228 1588 274 Vigilio
1599 227 1761 268 Pontifice
1771 234 1903 286 extorsit
1914 234 1966 269 illi
1988 234 2038 270 di-

1154 279 1314 326 gnitatem
1334 277 1622 323 Metropoliticam
1646 303 1658 319 ‚
1684 291 1746 316 nec
1768 295 1835 317 non
1857 285 1892 320 δε
1911 294 2038 330 partem

1158 328 1346 374 Apostolici
1373 329 1563 365 vicariatus
1581 353 1595 372 ‚
1619 340 1719 372 quem
1737 332 2039 370 Thessalonicensis

1158 381 1337 424 Episcopus
1359 381 1460 425 usque
1481 390 1563 416 tunc
1584 378 1743 415 habuerat
1763 381 1798 415 in
1813 391 1921 420 totum
1934 386 2042 430 lllyri-

1158 441 1252 466 cum.
1278 429 1382 465 Hunc
1408 430 1613 465 vicariatum
1635 431 1770 465 Sanetus
1791 431 1969 478 Gregorius
1981 447 2042 472 vo·

1159 481 1254 515 cabat
1275 481 1369 520 suas,
1393 481 1446 515 seu
1457 481 1519 515 suae
1534 481 1627 516 Sedis
1638 480 1721 516 vires
1732 506 1740 514 .
1770 480 1832 515 Per
1842 482 1926 525 ipsas
1941 485 2043 529 igitur

1161 532 1303 575 Joannes
1320 531 1468 576 erigebat
1491 533 1545 568 sua
1553 542 1680 567 cornua
1691 556 1702 572 ,
1726 532 1762 567 &
1774 531 1809 565 in
1825 531 1971 567 subditos
1984 534 2046 568 fibi

1164 582 1341 625 Episcopos
1351 581 1520 618 exercebat
1540 581 1767 626 tyrannidem.
1795 582 1951 616 Secundo
1966 584 2048 618 Gre-

1161 631 1273 676 gorius
1285 632 1427 667 affirmat
1438 656 1451 673 ,
1473 633 1566 677 quod
1579 632 1776 678 degradatus
1785 632 1952 667 Adrianus
1969 642 2048 667 ante

1162 681 1274 716 omnia
1295 681 1458 717 accesserit
1476 683 1831 727 Constantinopolim,
1856 683 1889 717 ὅ(
1904 682 1973 718 illie
1993 693 2050 717 co·

1162 740 1231 765 ram
1253 730 1453 774 Honorato‚
1480 733 1644 768 Romanae
1667 733 1815 768 Ecclefiae
1836 733 1992 768 Diacono
2007 742 2049 767 ae

1163 778 1396 826 Apocrisario‚
1423 781 1638 826 publicaverit
1664 785 1754 818 suam
1778 783 1969 819 Romanam
1993 789 2052 827 ap·
2095 816 2097 818 ,

1164 831 1396 875 pellationem.
1420 832 1562 874 Tertid,
1590 833 1684 876 quod
1706 832 2053 869 Honoratusadvoca·

1166 882 1245 915 verit
1257 882 1393 925 Joannis
1404 882 1592 918 Acridensis
1604 883 1635 919 A
1640 884 1834 928 pocrisarios
1844 907 1855 923 ,
1880 884 1954 927 ipsis
1965 882 2052 918 hanc

1164 932 1419 974 appellationem
1430 933 1640 970 insinuaverit
1651 958 1662 973 ‚
1687 932 1877 980 jusseritque
1898 932 2052 968 admitti.

1164 981 1316 1029 erd,
1342 983 1431 1026 quod
1454 984 1511 1027 ipsi
1532 995 1604 1020 eam
1618 984 1808 1019 admiserint
1822 1007 1833 1024 ‚
1858 994 1897 1017 ac
1923 983 2056 1026 insuper

1164 1041 1234 1065 non
1246 1031 1436 1075 fimpliciter
1446 1056 1458 1072 ,
1483 1034 1535 1067 sed
1549 1033 1606 1068 sub
1619 1034 1807 1078 interposita
1818 1033 1973 1068 cautione
1981 1033 2056 1077 spo-

1165 1080 1343 1124 ponderint
1363 1082 1457 1122 sore,
1483 1092 1522 1116 ut
1544 1083 1689 1125 ipsorum
1712 1084 1895 1128 Episcopus
1909 1080 2057 1118 Romam

1165 1131 1307 1166 mitteret
1324 1131 1470 1176 Legatos
1489 1132 1674 1168 reddituros
1695 1136 1859 1169 rationem
1879 1132 2058 1177 Synodalis

1166 1181 1200 1215 in
1213 1180 1399 1216 Adrianum
1409 1181 1523 1225 judicii
1534 1206 1544 1216 .
1568 1182 1703 1231 Qinto
1713 1206 1724 1222 ,
1751 1184 1841 1226 quod
1854 1184 1995 1225 Ioannes
2009 1182 2059 1216 ni-

1167 1231 1215 1266 hil
1235 1233 1346 1267 minus
1369 1232 1485 1266 fecerit
1498 1256 1510 1274 ‚
1536 1231 1680 1276 ideoque
1699 1234 1731 1266 se
1742 1230 1900 1266 Pontifici
1912 1232 2060 1267 reddide-

1168 1282 1209 1315 rit
1234 1283 1321 1316 varie
1340 1283 1538 1326 suspectum.
1564 1282 1692 1322 Sexto,
1716 1282 1806 1327 quod
1829 1278 1892 1316 bac
1912 1280 1953 1315 de
1962 1282 2061 1316 causa

1169 1331 1326 1367 Pontifex
1350 1332 1451 1367 fuerit
1471 1332 1657 1377 compulsus
1678 1333 1808 1367 causam
1829 1331 1997 1366 retractare
2017 1341 2061 1365 ex

1168 1381 1393 1426 synodalibus
1425 1381 1519 1417 Attis
1540 1407 1548 1417 .
1574 1382 1724 1427 Septimo
1747 1408 1758 1423 ‚
1784 1382 1876 1428 quod
1907 1380 2062 1424 repererit

1167 1432 1363 1468 sententiam
1383 1433 1448 1467 esse
1468 1444 1538 1467 non
1564 1433 1778 1467 solummodo
1801 1433 1952 1476 iniquam
1965 1456 1975 1472 ,
2002 1429 2062 1465 sed

1170 1484 1300 1526 insuper
1322 1483 1522 1528 malignam.
1547 1482 1698 1524 Οέῖινὸ,
1724 1483 1815 1527 quod
1837 1482 1899 1517 hac
1913 1479 2064 1516 decausa

1172 1531 1354 1569 Adrianum
1376 1532 1558 1576 plenissime
1578 1535 1754 1579 repararit,
1779 1545 1818 1568 ac
1829 1534 1993 1577 Joannem
2013 1530 2066 1565 in-

1168 1581 1304 1627 signiter
1317 1583 1541 1627 castigaverit,
1566 1585 1651 1631 Quae
1662 1584 1776 1618 omnia
1798 1585 1875 1619 sunt
1893 1579 2065 1616 manifest&

1170 1633 1253 1667 fasta
1264 1631 1447 1667 secundum
1459 1634 1615 1668 Canones
1635 1632 1840 1668 Sardicenses
1851 1658 1858 1666 .

1221 1680 1325 1716 Aliud
1338 1682 1496 1716 Romanae
1505 1694 1547 1716 ex
1559 1682 1695 1725 Illyrico
1705 1683 1934 1726 appellationis
1954 1690 2066 1717 exem-

1172 1730 1262 1774 plum
1277 1729 1435 1765 habemus
1447 1731 1481 1764 in
1493 1730 1635 1773 ejusdem
1645 1732 1800 1776 Gregorii
1813 1732 1928 1766 litteris
1949 1731 1990 1765 ad
2011 1733 2067 1766 Sa-

1172 1779 1345 1815 binianum
1372 1781 1574 1824 jadertinum
1597 1781 1795 1824 Episcopum
1816 1794 1828 1814 .·
1866 1781 2067 1816 Habitatores
2086 1781 2146 1811 Lib.
2165 1790 2195 1814 7·

1170 1830 1400 1873 Epidaurienfis
1411 1836 1550 1866 civitatis
1567 1832 1756 1865 Florentium
1771 1855 1783 1872 ‚
1809 1841 1895 1873 quem
1908 1830 1999 1874 ficum
2018 1832 2068 1864 dt·
2083 1820 2172 1860 Epist·
2197 1831 2243 1851 ²²·

1170 1890 1240 1915 cunt
1252 1883 1303 1925 effe
1317 1879 1495 1924 Eptfiopum
1504 1905 1515 1921 ,
1538 1881 1595 1922 fibi
1606 1884 1627 1915 a
1639 1882 1722 1915 nobis
1736 1881 2066 1922 restituendumstudto·

1164 1931 1262 1975 fifftm?
1269 1930 1483 1976 poposcerunt,
1509 1932 1666 1975 afferentes
1681 1931 1800 1974 frustra
1818 1943 1885 1966 eum
1905 1933 1951 1965 ad
1966 1929 2065 1975 solam
2087 1934 2089 1941 ’

1170 1983 1377 2017 tantummode
1400 1982 1588 2016 voluntatem
1609 1983 1738 2016 Natalis
1752 1983 1904 2025 quondam
1922 1979 2066 2025 Episcopi

1171 2030 1322 2076 detrusum
1334 2035 1423 2066 exilio
1436 2057 1444 2064 .
1472 2035 1518 2066 Et
1528 2033 1595 2066 idea
1606 2034 1687 2075 quod
1697 2034 1735 2066 de
1744 2035 1812 2074 qius
1828 2030 1917 2076 causa
1937 2034 2065 2066 Frater·-

1171 2087 1252 2115 nitas
1273 2082 1374 2122 vestra
1398 2087 1532 2125 cognovit
1545 2107 1557 2123 ‚
1582 2081 1666 2116 nobrs
1688 2081 1755 2125 suls
1765 2081 1916 2125 subtiliter
1936 2082 2064 2124 epistolis

1171 2130 1360 2174 innotescat.-
1385 2134 1419 2165 51
1429 2141 1529 2165 autem
1551 2133 1674 2167 necdum
1682 2138 1875 2176 cognoverit,
1900 2139 2060 2175 requirat,

1174 2179 1309 2225 nobisque
1320 2186 1470 2215 renuntiet
1479 2206 1491 2223 ,
1518 2190 1552 2214 ut
1562 2183 1713 2226 quidquid
1723 2183 1760 2215 de
1769 2194 1801 2216 eo
1804 2182 1997 2223 statuendum
2011 2182 2064 2225 sit,

1171 2236 1243 2265 certi
1265 2230 1430 2265 deliberare
1453 2230 1568 2265 auctore
1582 2234 1707 2266 Damno
1728 2234 1903 2266 valeamus.
1932 2232 2065 2267 Natalis

1172 2280 1383 2315 Salonitanus
1395 2280 1596 2325 Episcopus,
1622 2282 1797 2318 Dalmatia:
1821 2284 2038 2327 Metropolita
2050 2307 2064 2324 ‚

1171 2330 1377 2365 Florentium
1404 2329 1674 2374 Epidauriensem
1693 2332 1893 2376 Episcopum
1912 2332 2066 2378 degrada-

1171 2391 1238 2414 rat:
1266 2381 1311 2416 Et
1336 2382 1466 2425 ipsum,
1489 2381 1567 2424 quia
1589 2380 1698 2416 nescio
1710 2381 1828 2427 quibus
1849 2382 2003 2417 decausis
2015 2395 2066 2417 ac-

1171 2430 1357 2474 quiescebat
1376 2432 1545 2466 sententiae
1560 2455 1572 2472 ,
1594 2431 1690 2475 ejecit
1715 2444 1755 2468 ac
1774 2432 1962 2477 deportavit
1981 2458 1990 2465 .
2017 2432 2066 2467 Ee

1171 2491 1219 2515 res
1230 2481 1274 2514 ita
1286 2480 1405 2514 mansit
1435 2480 1589 2524 usquead
1601 2491 1741 2516 mortem
1763 2482 1910 2516 Natalis.
1939 2482 2064 2518 Can-sti

1173 2530 1323 2565 videntur
1344 2528 1488 2564 timuisse
1506 2529 1576 2575 ejus
1597 2530 1793 2564 violentiam
1826 2542 1924 2573 atque
1946 2542 2063 2575 poten·

1171 2581 1251 2615 tiam
1263 2605 1271 2613 .
1298 2579 1346 2615 At
1358 2578 1436 2616 vero
1456 2579 1527 2623 post
1548 2579 1618 2626 ejus
1636 2590 1778 2615 mortem
1791 2605 1802 2621 ‚
1828 2580 1905 2616 licet
1925 2582 2064 2617 Floren-

1170 2631 1235 2665 tius
1245 2630 1290 2665 ob
1302 2629 1418 2674 quietis
1442 2641 1481 2665 ac
1491 2629 1609 2666 silentii
1620 2641 1766 2667 amorem
1778 2641 1847 2666 non
1861 2632 1892 2670 se
1903 2642 2064 2674 moverer,

1169 2681 1238 2725 ejus
1260 2680 1348 2715 cives
1369 2681 1445 2715 sunt
1464 2679 1566 2715 locuti
1585 2693 1593 2715 :
1622 2680 1890 2717 provocaverunt
1912 2682 1954 2716 ad
1978 2681 2062 2717 Ma·-

1167 2740 1273 2776 gnum
1294 2730 1518 2776 Gregorium,
1542 2742 1582 2767 ac
1603 2732 1698 2767 suum
1718 2731 1830 2776 inique
1844 2732 2060 2777 degradatum

1171 2781 1369 2827 Episcopum
1381 2780 1601 2825 supplicarunt
1612 2782 1773 2825 reparari,
1798 2793 1836 2817 ac
1849 2783 1906 2817 sibi
1921 2783 2059 2817 restitui.

1168 2832 1336 2867 Sententia
1355 2831 1423 2875 jam
1443 2831 1567 2875 pridem
1590 2831 1777 2867 transiverat
1800 2833 1837 2867 in
1848 2843 1915 2867 rem
1935 2833 2059 2876 judiea-

1167 2892 1234 2917 tam
1251 2905 1263 2922 ,
1288 2880 1432 2926 ideoque
1456 2892 1525 2916 non
1550 2892 1618 2918 erat
1632 2882 1835 2918 revestitioni
1857 2883 1966 2918 locus.
1997 2882 2059 2916 Ni-

1167 2932 1352 2967 hilominus
1371 2931 1563 2978 justissimus
1588 2933 1746 2968 Pontifex
1769 2958 1779 2973 ‚
1805 2932 1862 2976 qui
1890 2933 2058 2967 violentos

1167 2981 1297 3019 Natalis
1316 2993 1424 3018 mores
1442 2982 1567 3026 optime
1591 2992 1749 3022 noverat,
1772 2982 1900 3018 censuit
1922 2983 2055 3017 causam

1166 3032 1398 3068 retractandam
1409 3057 1417 3067 .
1446 3033 1540 3067 Hinc
1552 3033 1570 3067 a
1586 3033 1769 3069 Sabiniano
1780 3056 1792 3072 ‚
1817 3037 1945 3067 annoso
1963 3032 2055 3066 istius

1165 3082 1349 3118 Provinciae
1360 3083 1526 3127 Episcopo
1539 3107 1551 3123 ,
1577 3082 1634 3126 qui
1647 3082 1785 3125 Synodo
1804 3082 1937 3118 forsitan
1957 3082 2056 3117 inter·

1167 3135 1292 3174 fuerat,
1317 3143 1393 3166 ante
1403 3133 1516 3166 omnia
1528 3132 1704 3176 postulavit
1727 3132 1860 3173 instrui,
1888 3142 1986 3176 atque
2006 3132 2053 3167 ita

1166 3195 1234 3219 non
1247 3181 1462 3219 circumscribi
1474 3181 1514 3216 ad
1531 3182 1786 3228 impingendum
1800 3182 1836 3216 in
1851 3182 2026 3217 Canones‚

1216 3234 1261 3270 Et
1282 3242 1358 3268 ecce
1378 3230 1458 3267 hino
1476 3233 1619 3268 occurrit
1639 3233 1770 3270 tertium
1794 3232 1988 3278 Illyricianae
2000 3244 2054 3276 ap-

1166 3283 1353 3328 pellationis
1364 3282 1569 3325 exemplum.
1599 3283 1733 3319 Etenim
1750 3284 1896 3327 praefatus
1920 3282 2052 3317 Natalis

1166 3335 1381 3369 Honoratum
1401 3333 1494 3366 suum
1522 3331 1855 3373 Archi-Diaconum,
1882 3333 1970 3375 quod
1999 3343 2052 3374 per

1167 3384 1272 3429 ipsum
1283 3381 1492 3427 impediretur
1503 3382 1545 3417 ab
1556 3383 1703 3418 Ecclefiae
1714 3383 1809 3418 bonis
1821 3380 2052 3426 profundendis

227 3424 511 3483 maerJustinianae.
539 3425 628 3462 idem
650 3427 803 3474 Princeps
820 3441 857 3465 ut
875 3431 964 3466 illius
978 3432 1105 3476 Episco·
1171 3435 1206 3470 in
1227 3436 1299 3469 suos
1327 3433 1612 3478 consanguineos,
1638 3433 1778 3468 invisum
1802 3431 1937 3472 habuit,
1964 3429 2051 3463 ideo-

1937 3488 2001 3525 que
