2326 3718
389 239 452 283 24

322 304 520 351 transmifficm
533 309 706 346 caeperunt
730 301 937 345 Trophimum‚
964 302 1002 335 de
1020 302 1105 343 cujus
1132 301 1210 334 indi-

317 370 378 401 gno
384 353 532 399 succeffore
544 354 698 387 Martiano
709 353 793 396 apud
803 351 897 399 ipsiam
908 354 1055 398 querelam
1077 350 1208 392 deferen-

319 409 354 439 di
367 408 423 445 jus
444 401 593 437 habebant
614 428 622 435 .
658 404 741 441 Sunt
762 401 929 437 tenebrosa
956 412 993 436 ac
1016 400 1182 444 amphibia
1196 423 1203 431 .

318 452 488 488 Tenebras
498 463 620 499 augent
632 450 700 487 haec
716 465 724 485 :
751 454 845 495 ,Quod
867 453 980 486 nullum
1002 457 1035 485 in
1047 454 1204 484 Provincia

311 502 366 549 fibi
376 508 576 536 imminentem
590 503 720 537 habebat
730 527 738 536 .
763 501 821 535 An
832 503 994 536 fateantur
1006 501 1036 535 ei
1048 502 1153 536 ullum
1168 499 1203 532 in

313 553 409 588 omni
424 552 564 587 Ecclesia
574 553 667 588 fuisse
677 552 871 597 superiorem
895 553 1115 596 Episcopum,
1145 560 1203 582 no-

313 604 362 642 vit
375 603 502 639 Divina
514 603 697 647 Sapientia.
724 602 850 636 Poffint
862 603 994 635 asserere
1006 623 1017 640 ,
1044 598 1133 642 quod
1147 599 1201 631 ni-

311 653 378 691 mia
389 653 549 688 Martiani
562 651 759 697 Tyrannide
769 652 875 686 lassati
892 649 1054 684 Gallicani
1069 648 1198 693 Episco-

311 704 349 749 pi
358 703 535 749 refugerint
558 703 599 738 ad
620 703 763 748 primum
787 699 1043 734 Christianitatis
1066 698 1197 742 Episco-

309 763 412 798 pum,
438 754 487 788 uti
507 752 589 788 olim
613 754 744 787 suorum
767 752 897 796 Regum
913 748 1082 784 violentiis
1104 748 1195 782 fracti

307 800 444 837 Persidis
454 802 832 847 fidelesimploraverunt
854 802 1082 844 Imperatorem
1105 798 1194 832 Con-

307 853 506 887 stantinum.
535 852 688 894 Deinde,
714 851 866 887 Abbatiae
880 850 990 894 paffim
1016 858 1194 893 propagan-

305 912 359 941 tur
378 914 420 936 ex
433 902 608 937 Abbatiis:
635 902 680 936 Et
721 900 928 947 propagantis
940 898 1054 934 Abbas
1074 897 1193 932 dicitur

303 962 485 997 propagatae
506 951 623 994 Pater,
649 953 684 987 ἀ
705 951 829 995 aliquid
856 949 1024 993 potestatis
1046 949 1078 984 in
1091 948 1191 990 ipsam

302 1003 423 1037 retinet
437 1028 444 1035 .
472 1002 596 1037 Eadem
620 1004 725 1037 forma
738 1002 829 1046 viget
847 1001 882 1034 in
897 998 1049 1033 Ecclefiis
1062 1021 1069 1029 .
1097 998 1191 1032 Hinc

301 1053 391 1087 enim
404 1052 606 1087 Hincmarus
616 1048 786 1085 Remensis
795 1048 918 1091 aliquid
939 1048 998 1081 sua:
1016 1048 1049 1081 in
1063 1046 1192 1081 Laudu-

300 1103 457 1143 nensem,
484 1103 575 1135 istius
589 1102 672 1144 Juris
693 1097 818 1141 aliquid
841 1096 961 1141 scripsit
980 1097 1186 1141 Hipponensi

299 1150 470 1186 Cathedrae
485 1152 591 1185 effein
603 1147 819 1183 Fussalensem
833 1170 840 1178 .
868 1147 962 1182 Hinc
975 1147 1078 1192 igitur
1088 1147 1188 1181 etiam

296 1200 339 1235 R.
349 1200 385 1233 P.
399 1198 586 1233 Paschasius
599 1197 726 1233 videtur
737 1198 899 1233 Romanae
911 1197 1060 1233 Ecclesiae
1077 1197 1122 1232 ob
1135 1197 1187 1231 da-

296 1258 370 1283 tum
392 1248 534 1293 primum
547 1248 748 1293 Episcopum
757 1247 986 1292 Trophimum
1009 1247 1187 1282 adscribere

297 1298 421 1341 aliquid
432 1298 600 1343 potestatis
613 1299 649 1333 in
662 1299 887 1334 Arelatensem
897 1324 904 1331 .
932 1298 1007 1343 Ego
1021 1297 1125 1332 nolim
1138 1297 1186 1330 in-

294 1347 432 1394 dulgere
447 1348 685 1392 suspicionibus
698 1363 710 1382 .·
737 1349 856 1384 Nolim
869 1346 1019 1383 accusare
1030 1347 1120 1392 quod
1134 1359 1190 1381 ne·

293 1399 380 1433 scio.
407 1398 504 1434 Clare
537 1399 770 1442 profiteamur,
796 1399 885 1444 quod
907 1398 1111 1438 Martianus,
1139 1407 1186 1431 ut·

291 1458 371 1492 pote
383 1448 606 1484 Occidentalis
618 1449 836 1493 Metropolita
849 1474 859 1490 ,
885 1448 1013 1482 nullum
1025 1449 1059 1482 in
1073 1447 1163 1481 terris
1174 1471 1185 1487 ‚

295 1498 356 1532 nisi
369 1498 559 1534 Romanum
572 1498 793 1541 Pontificem,
820 1497 968 1533 habuerit
991 1497 1049 1531 sibi
1073 1497 1186 1531 Praela·

296 1554 371 1583 tum
396 1560 435 1584 ac
447 1549 676 1585 imminentem
688 1574 700 1591 ,
726 1550 866 1593 ideoque
879 1548 1041 1582 Gallicani
1056 1547 1184 1590 Episco-

288 1598 326 1641 pi
346 1598 498 1640 nullum,
526 1600 586 1634 nisi
613 1600 773 1634 Romanae
796 1598 988 1636 Cathedrae‚
1015 1595 1183 1637 potuerint

287 1647 465 1688 implorare
473 1649 646 1681 auxilium.
675 1649 729 1680 Sic
741 1645 837 1680 nobis
850 1646 911 1680 erit
924 1656 987 1688 pax
999 1644 1033 1678 ὃ(
1047 1643 1161 1677 veritas
1177 1665 1183 1671 .

339 1695 415 1729 Nec
426 1705 520 1729 vacat
547 1707 608 1728 nec
621 1695 711 1725 lubet
723 1694 849 1734 singula
862 1694 921 1723 viri
939 1691 1033 1722 verba
1048 1689 1181 1722 discute-

288 1754 322 1777 re
335 1767 342 1774 .
369 1741 447 1776 Post
462 1741 607 1785 quaedam
630 1740 685 1774 ille
698 1741 824 1784 pergit:
853 1743 1054 1781 Nequaquam
1075 1749 1179 1772 verum

288 1791 327 1833 est
336 1787 445 1835 bic-''agi
455 1792 491 1824 de
506 1788 678 1833 depofitione
689 1813 701 1830 ,
726 1792 809 1831 quus
827 1801 862 1823 ne
873 1800 975 1822 nomen
985 1789 1104 1831 quidem
1126 1796 1182 1830 ap-

286 1850 374 1887 paret
391 1847 423 1875 in
434 1840 572 1884 epistola,
593 1839 693 1883 sedde
712 1839 890 1880 abstentione
902 1844 1002 1883 agitur
1015 1863 1025 1879 ‚
1054 1840 1135 1880 cujus
1161 1840 1180 1871 a

290 1890 462 1934 depofitione
472 1889 629 1935 discrimen
647 1896 698 1934 qui
710 1896 824 1936 lgmm
836 1914 848 1930 ,
874 1890 917 1923 ad
933 1891 1110 1931 judiciorum
1122 1892 1180 1921 Ca·

294 1948 458 1975 nonlcorum
481 1940 685 1976 tractationem
708 1943 799 1975 illotis
821 1940 976 1980 manibus,
998 1938 1180 1983 pedibusque

292 1992 404 2024 accedit
418 2015 425 2023 .
452 1990 561 2025 Immo
573 2002 640 2026 non
652 1992 720 2027 sine
730 1991 945 2027 fundamento
956 1990 1125 2033 quisdicat
1138 1990 1178 2024 ad

288 2039 473 2079 tractandas
484 2043 512 2076 S.
528 2041 690 2085 Cypriani
704 2042 855 2086 epistolas
865 2041 996 2076 illorum
1010 2051 1041 2076 te
1051 2040 1178 2075 accede·

289 2102 346 2127 re.
377 2091 488 2125 Etiam
512 2091 541 2124 S.
568 2091 754 2136 Cyprianus
776 2104 831 2137 per
853 2092 1004 2136 Episcopi
1031 2100 1086 2126 aut
1108 2090 1179 2124 Cle-

290 2140 356 2175 xici
366 2139 601 2176 abstentionem
615 2143 868 2187 frequentissime
881 2141 1038 2186 intelligit
1055 2141 1178 2184 deposi-

291 2190 422 2226 tionem
434 2218 443 2224 .
471 2192 583 2226 Etiam
595 2192 630 2226 in
643 2192 703 2228 hac
715 2193 779 2236 ipsa
791 2192 924 2236 epistola
938 2205 944 2224 :
970 2195 1048 2225 Cum
1069 2195 1178 2223 Nova-

294 2246 399 2275 tlanus
411 2242 481 2274 olim
490 2241 639 2281 abstentus
651 2267 663 2283 ‚
689 2244 724 2277 (5
736 2242 817 2282 hostis
833 2241 967 2284 Ecclefiae
970 2242 1126 2283 judicatus
1131 2239 1180 2281 fit.

295 2290 355 2325 Est
377 2289 522 2325 Romani
545 2291 826 2335 Imperiiphrasis,
852 2290 941 2335 quod
961 2290 1179 2333 abjiciendum

296 2341 331 2374 &
343 2337 587 2383 degradandum
598 2341 827 2384 Imperatorem
851 2340 938 2384 prius
956 2339 1119 2384 judicabat
1144 2351 1181 2373 ac

297 2389 479 2423 declarabat
490 2388 618 2424 hostem
629 2390 777 2435 Imperii,
798 2392 831 2425 δε
845 2402 922 2424 tunc
933 2389 1115 2425 abstinebat
1127 2389 1179 2423 sen

298 2438 485 2482 deponebat
498 2464 505 2470 .
532 2439 644 2486 Pergit
656 2441 812 2484 epistola:
839 2445 1015 2475 Novatiano
1032 2448 1124 2482 nuper
1132 2450 1180 2472 re·-

299 2486 362 2532 tuso
386 2491 420 2523 &
435 2489 566 2531 refutato
580 2514 591 2531 ,
618 2492 652 2524 ὀ·
662 2499 722 2532 pu
732 2500 824 2524 totum
834 2491 941 2525 orbem
952 2492 972 2523 ἃ
981 2490 1179 2524 sacerdotibus

299 2538 515 2579 Deiabstemo.
542 2539 627 2587 Qis
643 2550 712 2573 non
736 2539 824 2574 videt
837 2540 962 2574 laudari
979 2539 1182 2584 degradatio·

300 2599 376 2622 nem
390 2589 402 2622 ἓ
429 2586 575 2622 Eandem
586 2589 756 2624 manifeste
767 2589 898 2623 laudant
909 2588 976 2622 haec
988 2589 1101 2623 verba:
1126 2587 1178 2621 Ab·

294 2637 390 2679 flente
411 2641 562 2671 Martiano
583 2661 594 2678 ,
620 2639 697 2671 alius
722 2639 863 2671 inlocum
884 2640 946 2678 ejus
964 2637 1159 2681 substituatur
1171 2663 1178 2670 .

301 2687 436 2721 Etenim
454 2686 638 2721 substitutio
663 2687 717 2722 seu
739 2688 817 2721 novi
846 2689 998 2731 Episcopi
1019 2688 1179 2722 consecra-

299 2736 353 2771 tio
364 2736 432 2773 fieri
444 2747 512 2771 non
524 2736 628 2779 potest
637 2761 648 2777 ‚
669 2737 728 2770 nisi
743 2737 813 2781 post
824 2737 1036 2782 degradatum
1050 2737 1180 2781 Episco-

301 2797 381 2830 pum
392 2799 405 2819 .-
430 2785 598 2830 Suspensio
617 2797 673 2820 aut
684 2788 985 2822 excommunicatio
997 2788 1180 2821 nullatenus

302 2835 467 2870 sufficiunt
480 2859 487 2867 .
514 2835 639 2870 Eadem
651 2838 741 2872 vocis
752 2836 942 2880 acceptione
958 2839 1092 2873 Sanetus
1115 2836 1179 2879 Cy·

303 2886 435 2930 prianus
445 2885 548 2919 utitur
557 2886 657 2921 etiam
670 2887 705 2921 in
717 2887 790 2922 aliis
803 2887 901 2921 locis.
927 2888 1003 2922 Scio
1014 2898 1129 2921 vocem
1142 2885 1182 2919 ab

302 2936 374 2979 ipso
394 2935 493 2969 etiam
521 2947 579 2979 pro
606 2937 949 2972 excommunicatione
967 2937 1090 2980 accipi.
1118 2937 1182 2970 Ex-

304 2987 562 3020 communicatio
574 2988 662 3021 enim
674 2987 720 3022 est
730 2986 891 3021 abstentio
904 2985 923 3019 ὲ
934 2987 1180 3022 communione.

305 3033 430 3067 Verum
456 3036 540 3076 apud
567 3037 719 3081 antiquos
742 3036 853 3071 fideles
877 3047 965 3077 vox,
990 3040 1180 3076 communio,

304 3081 503 3126 importabat
515 3085 615 3117 varia·-
645 3086 927 3121 Communionem
941 3087 1179 3130 Episcopalem,

306 3131 500 3166 Clericalem
512 3156 522 3172 ²
547 3133 680 3167 Laicam
692 3160 699 3167 .
725 3137 769 3171 Et
779 3135 918 3179 cujusvis
935 3135 1179 3171 communionis

305 3180 466 3215 abstentio
488 3191 554 3215 erat
575 3181 767 3227 quandoque
786 3197 960 3230 perpetua,
984 3185 1179 3229 quandoque

305 3241 511 3274 temporanea
537 3231 571 3265 δε
590 3233 772 3275 reparabilis
802 3260 808 3267 .
836 3235 892 3269 Ab
912 3235 1097 3280 Episcopali
1123 3243 1179 3268 aut

306 3280 458 3315 Clericali
479 3283 713 3316 communione
731 3283 892 3318 abstentio
925 3295 1076 3330 perpetua
1111 3295 1178 3318 erat

305 3330 460 3374 Episcopi
471 3338 524 3362 aut
535 3329 653 3364 Clerici
667 3332 700 3364 in
715 3332 831 3366 laicam
842 3336 1110 3369 communionem
1128 3334 1180 3367 de·

304 3380 420 3424 jectio,
446 3378 586 3422 ideoque
598 3391 673 3414 vera
691 3380 897 3428 degradatio.
926 3384 1069 3420 Proinde
1090 3384 1178 3427 Papa

305 3428 486 3473 Stephanus
506 3440 575 3463 non
587 3430 822 3474 suspensionem
844 3433 1019 3476 Martiam,
1046 3442 1102 3468 aut
1124 3445 1180 3467 ex·

305 3478 639 3516 communicationem
652 3479 714 3516 fuit
724 3490 855 3529 rogatus
864 3507 876 3525 ,
903 3483 955 3519 sed
978 3482 1119 3520 omnino
1129 3484 1178 3519 de·

819 219 903 264 De
939 215 1306 264 GALL1CANAE
1340 210 1645 263 Ecctestn

1268 296 1508 342 gradationem.
1537 303 1580 336 Et
1592 301 1669 336 licet
1678 299 1720 335 de
1731 300 1796 336 sola
1807 302 2009 346 suspensione
2018 311 2073 338 aut
2085 301 2140 339 exi

1265 349 1563 387 communicatione
1579 362 1726 397 ageretur
1739 375 1751 392 ‚
1777 352 1890 396 scopus
1901 353 2008 393 noster
2026 363 2137 388 manet

1265 398 1406 442 integer.
1434 398 1606 436 Etenim&
1619 402 1683 435 istae
1696 403 1767 435 sunt
1775 401 2003 444 jurisdictionis
2024 406 2136 445 αᾶιιε,

1262 446 1401 492 ideoque
1411 448 1563 486 evincunt
1575 451 1620 486 Pa
1624 452 1731 496 palem
1741 450 1968 488 authoritatem
1985 454 2019 488 in
2031 454 2136 489 Galli·

1261 509 1360 532 canos
1372 498 1546 542 Episcopos
1557 527 1565 535 .

1307 548 1419 592 Pergit
1432 544 1614 596 Paschasius
1627 552 1839 600 Qesnellus:
1858 555 2002 595 Supponit
2013 557 2136 597 cypria-

1260 609 1314 630 nus
1333 602 1519 632 Mattianum
1537 599 1597 640 fine
1615 603 1677 635 ulla
1699 603 1803 641 synodi
1820 601 1991 645 sententia,
2012 606 2065 638 vel
2072 607 2132 639 alio

1249 649 1364 688 judicu
1387 673 1398 690 ,
1429 647 1586 692 sententiae
1606 652 1755 686 adversus
1780 656 1988 687 Novauanum
2002 655 2132 694 prolata

1251 696 1359 740 subjici
1369 698 1489 732 debere.
1516 699 1900 745 AffirmatMartianurn‚
1926 702 2040 747 utpote
2060 715 2133 748 pro-

1255 748 1367 782 feffum
1379 748 1557 783 Novatiani
1566 749 1757 785 Senatorem
1766 776 1777 792 ,
1805 764 1873 787 non
1885 753 2032 800 indigere
2043 765 2133 789 novo

1255 798 1497 842 degradationis
1507 798 1629 842 judicio
1644 824 1656 840 ,
1682 799 1735 834 sed
1747 801 1848 844 ipsum
1873 803 2058 839 Novatiani
2079 815 2133 847 per

1253 848 1384 882 Sanstos
1420 849 1614 883 Cornelium
1646 850 1679 883 dt
1702 850 1843 885 Lucium
1879 855 1967 888 faeie
2001 854 2133 888 damna·

1253 897 1337 931 tioni
1358 898 1422 932 esse
1442 909 1497 941 per
1517 899 1630 933 omnia
1660 898 1869 941 obnoxium,
1896 903 1931 936 δε
1949 904 2109 938 irretitum
2123 927 2136 944 ,

1253 947 1392 989 idedque
1411 959 1494 991 opus
1514 950 1578 983 effe
1598 949 1665 982 sola
1679 949 1769 983 istius
1789 948 1902 990 judicii
1922 953 2130 986 extensione.

1253 997 1383 1031 Etenim
1395 998 1470 1033 data
1479 997 1514 1032 in
1529 997 1756 1033 Novatianum
1778 1000 1934 1033 sententia
1954 1001 2133 1036 obstrinxit

1251 1058 1365 1081 omnes
1376 1048 1657 1083 Novatianenses:
1686 1049 1730 1083 Et
1741 1050 1909 1092 praesentes
1933 1048 1967 1083 δι
1983 1051 2111 1085 futuros
2122 1077 2131 1084 .

1252 1097 1446 1144 Qesnellus
1469 1097 1540 1132 vult
1560 1095 1669 1133 haeca
1689 1098 1860 1142 Cypriano
1870 1099 1988 1134 adduci
2011 1099 2051 1135 ad
2061 1112 2132 1135 eva·

1249 1148 1409 1182 cuandam
1420 1172 1432 1189 ,
1458 1158 1514 1182 aut
1523 1147 1608 1183 certe
1618 1148 1877 1184 contrahendam
1896 1149 2131 1186 authoritatem

1252 1197 1397 1234 Romani
1420 1197 1605 1234 Pontificis.
1634 1199 1832 1242 Respondeo
1854 1199 2132 1244 Cyprianumista

1249 1245 1390 1281 omnino
1416 1248 1539 1281 sensisse
1563 1273 1570 1280 .
1609 1247 1763 1292 Epistola:
1788 1248 1883 1283 verba
1909 1251 1984 1285 sunt
2002 1250 2131 1285 lucida.

1249 1296 1436 1331 Continent
1461 1298 1584 1332 avitum
1619 1298 1655 1332 &
1679 1298 1909 1341 Apostolicum
1932 1301 2132 1340 canonem,

1248 1359 1288 1380 ex
1301 1357 1367 1391 quo
1378 1346 1487 1391 postea
1503 1348 1538 1382 dc
1549 1347 1684 1382 sanctus
1695 1349 1788 1382 Felix
1799 1350 1911 1383 tertius
1923 1349 2040 1393 scripsit
2051 1361 2131 1384 con-

1248 1406 1296 1432 tra
1321 1395 1588 1439 Eutychianistas
1609 1411 1616 1431 :
1643 1398 1741 1432 Falla
1757 1397 1851 1442 semel
1869 1400 1997 1438 synodus
2019 1399 2131 1441 abjeffl

1246 1446 1401 1487 cujuslibet
1414 1452 1520 1480 erroris
1531 1447 1648 1481 cunc‘los
1653 1447 1792 1491 sequaces
1809 1448 2013 1492 consequenter
2035 1450 2132 1483 invol-

1247 1503 1311 1530 vit.
1338 1496 1464 1530 Verum
1475 1497 1558 1532 absit
1572 1521 1584 1538 ‚
1609 1508 1646 1532 ut
1658 1499 1790 1534 Sanetus
1800 1500 1987 1543 Cyprianus
2008 1500 2066 1534 ista
2077 1498 2132 1534 ad-

1247 1546 1376 1577 duxerit
1394 1546 1437 1575 ad
1467 1545 1796 1581 circumscribendam
1804 1548 2038 1584 authoritatem
2061 1548 2133 1582 Ro-

1247 1602 1350 1625 manae
1370 1590 1533 1625 Ecclesiae.
1560 1591 1673 1627 Palam
1695 1594 1835 1629 adduxit
1855 1596 1897 1630 ad
1916 1596 2131 1631 firmandam.

1248 1640 1379 1671 Etenim
1392 1638 1599 1671 Novatianus
1610 1650 1677 1673 non
1687 1639 1706 1672 a
1720 1639 1872 1675 Generali
1885 1665 1896 1682 ,
1921 1642 2028 1676 immo
2037 1654 2097 1679 nec
2105 1645 2133 1678 ὲ

1248 1686 1456 1722 patriarchali
1479 1686 1637 1729 synodo,
1662 1688 1717 1723 sed
1736 1688 1834 1725 :isoio
1857 1691 1967 1726 Sanni
1976 1693 2130 1733 Cornelii-

1248 1737 1454 1780 Presbyterio
1473 1736 1664 1781 degradatus
1697 1740 1829 1775 fuerat:
1866 1741 1910 1776 Et
1937 1743 2131 1787 Cyprianus

1245 1789 1428 1823 constanter
1450 1787 1587 1823 affirmat
1609 1788 1774 1833 Judicium
1793 1791 1875 1825 istud
1895 1788 2008 1827 valere-
2024 1804 2062 1828 ac
2071 1805 2130 1829 ex-

1245 1839 1334 1876 tendi
1345 1841 1445 1876 etiam
1456 1839 1490 1871 in
1501 1838 1720 1876 Mattianum.
1752 1841 1887 1886 Allegat
1897 1842 1957 1878 ista
1977 1842 2019 1878 ad
2030 1854 2130 1879 exeun

1245 1891 1388 1926 tiendam
1402 1890 1558 1935 Stephani
1582 1891 1761 1927 tarditatem
1776 1905 1787 1926 .·
1815 1892 1931 1927 Edixit
1951 1900 2013 1929 nec
2033 1904 2123 1929 nova

1244 1943 1402 1986 Synodo‚
1429 1953 1489 1976 nec
1500 1952 1589 1977 novo
1608 1943 1780 1983 examine,
1808 1954 1869 1979 nec
1890 1944 2125 1988 alio'judiciali

1244 1993 1416 2027 molimine
1428 2018 1437 2033 ,
1466 1992 1518 2026 sed
1538 1991 1604 2026 sola
1615 1994 1811 2029 executione
1830 1994 1893 2029 esse
1904 2005 2008 2038 opus,
2034 1994 2126 2030 ideo-

1243 2054 1304 2087 que
1317 2040 1450 2077 omnem
1463 2042 1496 2076 in
1509 2053 1603 2077 tanto
1615 2043 1753 2088 negotio
1765 2056 1892 2080 moram
1911 2045 1974 2079 esse
1993 2046 2126 2080 inexcu-

1245 2092 1375 2127 sabilem
1399 2117 1406 2124 .
1444 2093 1540 2126 Hinc
1562 2103 1738 2128 contentus
1757 2106 1837 2136 ‘non
1861 2094 1923 2129 fuit
1953 2096 2125 2139 scripsisse:

1245 2145 1440 2186 ,Quapropter
1443 2142 1548 2184 facere
1561 2151 1590 2176 te
1599 2151 1711 2185 oportet
1719 2146 1897 2186 plemffimas
1907 2145 2034 2179 litteras.
2061 2144 2126 2179 sed

1245 2193 1352 2227 statim
1365 2193 1536 2236 repetivit:
1561 2195 1784 2236 Diriganturin
1804 2197 1995 2230 Provinciam
2004 2198 2027 2226 ᾶ-
2037 2203 2067 2227 te
2075 2195 2128 2227 lit-

1247 2251 1337 2276 τινα.
1368 2243 1410 2276 Et
1423 2241 1552 2276 tandem
1564 2243 1740 2276 conclusit:
1767 2245 2006 2288 significaplane*
2021 2243 2126 2284 nobis,

1247 2297 1313 2334 quis
1339 2293 1468 2325 inlocum
1490 2295 1640 2325 Martiam
1641 2291 1743 2333 fuerit
1753 2293 1919 2333 institutus.
1949 2294 2075 2328 Omnia
2084 2293 2126 2328 ad

1247 2343 1373 2376 lentum
1395 2341 1593 2376 Pontificem
1615 2342 1876 2378 accendendum.
1905 2345 1948 2379 Et
1971 2343 2036 2378 haec
2047 2355 2127 2389 quo-

1243 2403 1304 2436 que
1313 2401 1460 2426 evertunt
1473 2391 1641 2440 Qesnelli
1651 2394 1946 2428 commentationes
1955 2420 1962 2427 .
1990 2395 2126 2429 Etenim

1246 2452 1303 2476 cur
1325 2441 1505 2475 Provinciae
1516 2441 1668 2485 Synodus
1679 2467 1690 2483 ‚
1716 2454 1773 2476 cur
1786 2444 1983 2478 viciniffimae
1992 2443 2128 2478 Provin-

1244 2490 1301 2525 ciae
1322 2490 1536 2535 Metropolita
1549 2491 1740 2531 Faustinus,
1767 2505 1825 2527 cur
1835 2495 1967 2528 Sanetus
1989 2493 2125 2537 Cypria-

1246 2551 1306 2575 nus
1317 2552 1384 2574 non
1398 2541 1528 2575 extrusit
1546 2540 1772 2575 Mattianum?
1799 2543 1867 2576 Cur
1889 2543 2059 2576 necessaria
2085 2554 2125 2577 ac

1245 2591 1448 2634 imploranda
1463 2591 1524 2624 fuit
1534 2590 1632 2624 Sedes
1645 2590 1859 2633 Apostolica?
1885 2592 1988 2640 Qiod
2001 2591 2058 2626 ista
2079 2602 2125 2626 et-

1243 2642 1307 2675 iarn
1326 2641 1468 2674 extrusio
1490 2640 1526 2673 sit
1550 2638 1778 2674 Patriarchalis
1794 2639 2004 2676 authoritatis
2015 2644 2124 2683 actus,

1225 2692 1230 2745 l
1245 2691 1383 2733 ideoque
1395 2690 1462 2723 fieri
1474 2700 1542 2723 non
1556 2689 1696 2733 potuerit
1708 2689 1765 2723 nisi
1779 2701 1835 2734 per
1848 2690 2067 2726 patriarcham
2076 2716 2085 2725 .

1292 2738 1476 2774 Paschasius
1495 2739 1690 2786 Qesnellus
1709 2741 1850 2784 opponit
1869 2739 1937 2775 haec
1961 2741 2123 2786 Cypriani

1243 2789 1355 2823 verba:
1387 2788 1687 2832 ,Quapropterfacere
1697 2798 1726 2823 te
1746 2797 1862 2832 oportet
1875 2792 2053 2833 plenlffimas
2073 2794 2125 2826 lit-

1243 2848 1324 2873 teras
1335 2840 1379 2871 ad
1387 2837 1546 2881 Episcopus
1570 2838 1675 2878 nostros
1692 2845 1726 2872 in
1738 2842 1846 2874 Galliis
1867 2841 2036 2880 constitutos
2049 2866 2061 2882 ,
2087 2853 2123 2875 ne

1242 2890 1321 2922 ultra
1333 2892 1520 2922 Martianum
1544 2890 1669 2932 collegio
1680 2889 1771 2928 nostro
1792 2889 1937 2933 insultare
1942 2897 2123 2933 patiantur,

1242 2939 1321 2981 quod
1344 2940 1464 2972 necdum
1483 2940 1626 2972 videatur
1647 2939 1760 2972 ambis
1782 2940 1951 2980 abstentus.
1979 2941 2023 2976 Et
2033 2953 2123 2976 com-

1242 2999 1427 3022 mentatur.-
1454 2992 1615 3031 cyprianus
1624 2997 1680 3031 per
1689 2990 1766 3022 illud
1772 3013 1783 3029 ,
1808 2990 1908 3023 Nobis
1922 3015 1933 3031 ,
1954 2990 2033 3033 satis
2058 2990 2122 3033 infi-

1241 3047 1314 3071 nuat
1326 3040 1427 3072 Gallos
1449 3051 1508 3072 non
1516 3037 1605 3081 solius
1625 3041 1751 3071 Romani
1775 3040 1928 3082 Pontificn
1937 3040 2120 3084 sententiam

1241 3090 1357 3122 attendi
1378 3101 1393 3121 e
1406 3111 1416 3127 ‚
1435 3086 1494 3131 sed
1514 3094 1603 3121 etlam
1628 3088 1889 3132 Cartbaginenfis,
1911 3102 1995 3133 quem
2013 3093 2047 3125 (at
2063 3099 2121 3132 pro

1236 3137 1294 3181 sua
1303 3146 1390 3180 parte
1408 3145 1439 3171 in
1453 3139 1570 3171 Gallias
1595 3137 1754 3181 scripfiffe‚
1781 3141 1876 3173 verba
1899 3141 1961 3174 haec
1983 3141 2121 3174 dubitare

1243 3199 1299 3221 non
1316 3185 1435 3228 finum.
1464 3186 1636 3231 Praesertim
1659 3199 1723 3222 cum
1734 3187 1871 3232 superius
1892 3192 2024 3224 dixem-
2052 3187 2119 3222 Cui

1241 3238 1285 3271 rei
1308 3237 1454 3271 nostrum
1475 3237 1522 3270 est
1544 3238 1714 3272 consulere
1739 3240 1772 3273 ὅς
1794 3239 1981 3278 subvenire,
2008 3238 2120 3271 Frater

1241 3286 1442 3320 charissime:
1474 3289 1520 3319 Et
1538 3285 1638 3329 postea
1653 3286 1740 3330 suum
1762 3291 1782 3321 ἃ
1796 3289 1943 3330 fratribus
1952 3287 2119 3321 Gallicanis

1236 3336 1412 3379 postulatum
1422 3336 1474 3378 effe
1485 3337 1591 3380 afferat
1601 3339 1760 3371 auxilium.
1788 3337 1911 3372 Probat
1921 3348 1963 3370 ex
1978 3335 2028 3370 his
2038 3337 2122 3381 ejus-

1242 3385 1315 3420 dem
1326 3385 1470 3428 epistolae
1483 3386 1606 3421 verbis:
1633 3388 1772 3420 Solarium
1793 3386 1896 3427 nostrae
1917 3387 2122 3428 opitulationis*

1239 3433 1413 3479 exposcunt.
1442 3435 1639 3479 Respondeo
1650 3436 1754 3480 plures
1764 3437 1882 3470 iterum
1894 3436 2019 3470 misceri
2036 3447 2122 3471 erro-

1243 3496 1308 3521 res.
1336 3484 1466 3521 Primus
1486 3486 1531 3521 est
1553 3511 1564 3528 ,
1589 3487 1678 3531 quod
1701 3486 1831 3522 Sanctus
1853 3485 2037 3531 Cyprianus
2060 3487 2122 3521 suo

1977 3545 2072 3571 motu
