2326 3718
863 121 1458 171 S.-F1„Av1an1.
1909 143 1999 187 331

320 220 426 281 Qae
450 228 503 260 ex
533 225 654 278 parte
680 208 859 277 quidem
886 207 1086 258 videntes
1117 245 1131 270 ‚
1166 225 1220 258 ex
1240 222 1368 276 parte
1397 206 1506 256 vero
1530 209 1759 263 audientes
1781 213 1891 263 olim
1920 230 2071 265 cucur·

248 283 436 335 riffemus
459 280 535 345 ⁴ad
573 283 853 346 Sanffltatem
892 294 1014 330 tuam
1042 296 1122 329 nos
1148 316 1161 340 ,
1202 280 1282 345 qui
1320 277 1345 327 ὲ
1384 276 1564 329 diversis
1588 282 1861 345 Regionibus
1889 282 2032 338 sumus
2057 323 2071 337 .

247 350 417 413 Id-est,
459 370 513 402 ex
540 350 820 419 Euphratesia
850 387 862 411 ,
898 369 951 400 ex
978 366 1163 418 utraque
1193 350 1358 400 Cilicia
1382 384 1395 409 ‚
1436 346 1622 400 secunda
1648 354 1957 420 Cappadocia,
1999 358 2074 407 Bi.

245 425 404 492 thynia
427 460 442 485 ‚
492 421 706 472 Thessalia
733 459 747 482 ‚
785 426 827 470 δε
865 422 1016 471 Moefia
1041 458 1052 469 .
1103 426 1171 472 Ut
1210 424 1254 470 &
1299 418 1444 469 sontes
1480 418 1793 471 effunderemus
1824 426 2076 496 lachryma-

245 513 340 546 rum
369 517 393 555 ,¹
432 499 477 544 δε
505 491 679 562 publice
703 490 962 543 defleremus
999 493 1224 558 peregrina
1263 493 1307 540 &
1331 488 1497 540 insueta
1521 492 1648 557 hujus
1682 493 1784 547 vitae
1810 497 1925 545 mala
1956 534 1970 557 ,
1995 497 2077 550 nifi

244 566 466 616 detineret
490 580 571 614 nos
602 567 824 631 Luporum
852 579 990 613 terror
1017 598 1030 622 ‚
1057 561 1366 611 vinsidiantium
1403 561 1634 626 Gregibus
1669 560 1728 611 ad
1755 565 1953 632 rapinam
1979 602 1993 626 ‚
2030 573 2077 619 ει

243 635 302 686 ad
332 651 518 685 errorem
543 670 556 694 ‚
596 651 860 701 omnemque
887 631 1192 687 adversitatem
1219 670 1232 680 .
1281 630 1411 682 Unde
1439 634 1578 683 coaffi
1605 630 1748 683 sumus
1774 633 1920 684 nostra
1946 636 2079 691 vice..

241 706 429 769 dirigere
472 702 823 768 Religiosiffimos
861 704 1064 755 Clerioos
1103 706 1146 752 δε
1182 703 1425 752 Monachos
1451 740 1465 764 ‚
1506 705 1586 771 qui
1624 704 1841 772 impleant
1889 705 2081 755 locum...

241 775 432 826 nostrum
470 811 482 823 .
554 774 806 844 Qaesumus
842 776 977 838 igitur
1003 810 1015 834 ,
1052 788 1101 822 ut
1136 772 1297 841 absque
1331 772 1544 824 dilatione
1579 772 1817 840 exsurgatis
1855 811 1869 836 ,
1918 779 1962 825 &
1997 774 2083 841 fer-7

241 844 347 895 vido
382 846 482 898 zelo
517 863 721 912 magnum
759 847 949 897 vidioriae
985 842 1245 911 Trophaeum
1281 859 1437 894 contra
1471 844 1750 897 AEmulorum
1802 862 1964 895 cuneos
1998 847 2083 897 eri·

241 918 357 980 gatis
381 954 396 979 ‚
433 932 537 965 ante
569 917 722 966 oculos
758 916 969 967 habentes
1003 913 1112 963 boni
1148 915 1332 963 Pastoris
1377 914 1655 978 diligentiam
1694 951 1708 977 ,
1760 913 1886 964 fimul
1920 919 1964 965 &
1998 915 2084 966 stu-

240 986 363 1037 dium
399 989 516 1035 circa
551 991 699 1037 Ovem
722 1022 734 1044 ,
773 1003 872 1052 quae
905 998 1123 1036 erraverat
1159 1020 1172 1031 .
1243 988 1302 1034 Et
1336 1002 1428 1035 non
1462 983 1627 1054 absque
1663 986 1865 1054 periculo
1900 983 2085 1054 depute-

240 1059 301 1105 tis
324 1091 338 1114 ‚
381 1056 416 1103 si
451 1054 563 1120 quid
599 1054 818 1103 fastidiose
853 1057 976 1104 circa
1011 1068 1082 1103 tot
1118 1052 1313 1104 Pastores
1359 1059 1404 1106 &
1437 1059 1563 1106 Oves
1597 1071 1752 1120 agatur
1780 1077 1793 1106 ε
1842 1059 1966 1106 Dum
2000 1056 2086 1106 illae

240 1123 426 1192 quidem
461 1139 604 1174 errent
628 1161 643 1185 ,
681 1125 759 1174 'illi
783 1124 895 1182 >vero
918 1126 1220 1194 Tyrannicam
1259 1123 1492 1176 sustineant
1516 1127 1777 1178 violentiam
1791 1163 1805 1175 .

311 1195 558 1243 Imitamini
592 1195 750 1262 potiusv
776 1198 820 1245 &
855 1191 1062 1257 magnum
1098 1196 1278 1262 pietatis
1314 1197 1565 1244 Praeconem
1600 1197 1787 1244 Paulum
1816 1231 1831 1255 ,
1865 1196 2088 1247 oculu-m.-

240 1262 401 1317 Mundi
425 1300 439 1326 ‚
475 1281 610 1332 quem
645 1282 731 1314 nos
762 1280 813 1314 ut
847 1267 1004 1334 pignus
1041 1264 1354 1318 familiaritatis
1389 1263 1540 1313 nostrae
1574 1264 1737 1314 habere
1771 1279 1875 1327 erga
1902 1264 2091 1315 vestram

240 1335 460 1389 credimus
496 1335 780 1385 San&itatem
818 1371 832 1384 .
905 1337 1034 1387 Civis
1068 1337 1187 1385 enim
1223 1333 1367 1384 noster
1402 1333 1585 1385 existens
1609 1370 1624 1395 ‚
1660 1350 1802 1385 errore
1837 1335 1976 1384 totius
2001 1331 2089 1384 Orss

238 1405 311 1455 bis
346 1407 541 1455 extincto
566 1441 580 1466 ,
615 1406 733 1455 illius
759 1399 1024 1474 Apostolicae
1047 1404 1167 1455 Sedis
1193 1404 1327 1455 fastus
1354 1403 1417 1456 est
1440 1419 1752 1454 ornamentum
1776 1441 1792 1468 ,
1827 1408 1870 1453 &
1894 1401 1922 1453 ὲ
1950 1409 2091 1454 Beato

241 1478 375 1526 Petro
409 1473 632 1528 dexteram
667 1475 887 1526 societatis
921 1478 1098 1544 accepit
1133 1513 1147 1538 ,
1195 1491 1244 1525 ut
1280 1490 1506 1545 appareret
1557 1474 1615 1525 ab
1648 1473 1841 1543 utrisque
1874 1477 2090 1542 aequarrt..

239 1544 533 1597 subtilitatem
566 1545 826 1610 dogmatum
863 1546 1072 1600 custodiri
1108 1583 1121 1596 .
1193 1549 1342 1597 Etiam
1389 1544 1630 1614 quaesumus
1656 1581 1670 1606 ,
1705 1562 1763 1596 ne
1797 1542 2091 1614 despiciamur

240 1614 270 1666 ὲ
302 1616 432 1667 vobis
467 1634 550 1667 nos
586 1613 602 1678 3
646 1635 760 1686 quos
793 1633 866 1669 tot
911 1618 1029 1667 mala
1063 1615 1342 1667 circumdant
1378 1652 1391 1665 .
1464 1619 1576 1666 Non
1621 1617 1740 1666 enim
1775 1614 1831 1666 de
1865 1617 2091 1684 pecuniiS,

239 1687 316 1738 vel
349 1687 491 1750 gloria
517 1722 533 1748 ,
556 1702 642 1737 aut
676 1687 880 1755 quolibet
914 1688 1005 1739 alio
1039 1689 1346 1757 temporalium
1381 1686 1651 1736 decertamus
1672 1723 1686 1748 ‚
1723 1685 1797 1736 sed
1832 1702 1915 1753 pro
1950 1688 2091 1754 pieta,>

237 1758 302 1807 tis
367 1755 586 1807 offessione
621 1761 847 1811 communi
872 1794 886 1819 ‚
920 1775 1002 1827 pro
1037 1761 1233 1808 Paterno
1264 1757 1369 1808 fidei
1405 1756 1607 1807 thesauro
1632 1793 1645 1818 ‚
1681 1773 1763 1824 pro
1798 1754 1871 1825 spe
1894 1771 2093 1806 commu·

238 1828 303 1876 n'i'
353 1824 517 1877 delium
540 1864 554 1890 ,
588 1845 673 1896 pro
708 1827 824 1879 bona
859 1827 1120 1882 confeffione
1155 1829 1467 1896 Apostolorum
1500 1864 1513 1888 ,
1549 1845 1631 1896 pro
1677 1827 1917 1877 immortali
1951 1841 2092 1877 certa-

237 1894 360 1947 mine
394 1900 646 1964 Martyrum
674 1933 687 1957 ,
722 1903 767 1948 &
802 1898 992 1947 maxime
1028 1916 1109 1965 pro
1144 1898 1343 1947 adventu
1370 1933 1384 1956 ,
1419 1899 1746 1964 clementiaque
1782 1899 2092 1957 Dominicad,

237 1971 363 2032 cujus
397 1969 610 2018 virtutem
647 1966 973 2018 invincibilem
993 1968 1254 2018 invocantes
1288 1966 1379 2015 fine
1414 1965 1647 2016 ceffatione
1679 1968 1952 2017 clamamus:
1988 1974 2092 2014 Par-

239 2056 277 2084 ce
308 2041 467 2084 Domine
492 2036 634 2105 Populo
658 2052 720 2083 tuo
752 2072 766 2096 ,
802 2042 862 2082 (9‘
891 2056 934 2083 ne
965 2035 1102 2082 dederis
1129 2035 1380 2091 haereditatem
1405 2051 1514 2081 tuam
1551 2041 1590 2082 in
1614 2057 1634 2082 ο
1657 2038 1850 2103 probrium
1864 2074 1877 2085 .

311 2105 547 2155 Eutherius
583 2103 824 2174 Episcopus
859 2105 1123 2173 Metropolis
1160 2104 1487 2172 Thyanenfium
1536 2052 1760 2173 subgripfi
1784 2141 1798 2154 .
1846 2108 1908 2155 Et
1943 2106 2091 2173 quaeso

240 2179 291 2226 ut
318 2193 389 2225 me
416 2192 512 2225 ores
540 2176 807 2226 incolumem
833 2212 847 2236 ,
886 2178 988 2225 Deo
1018 2174 1290 2225 Amicissime
1327 2178 1372 2224 δε
1413 2173 1674 2224 sanetiffime
1711 2178 1841 2224 Pater
1862 2211 1875 2223 .

309 2245 541 2293 Helladius
567 2244 805 2312 Episcopus
833 2247 1096 2311 Metropolis
1123 2245 1275 2296 Tharsr
1298 2242 1520 2312 subscripsi
1547 2280 1560 2293 .
1634 2249 1693 2296 Et
1722 2263 1832 2310 rogo
1854 2281 1868 2307 ,
1905 2261 1957 2296 ut
1981 2264 2089 2303 me„

240 2331 339 2366 ores
362 2316 628 2364 incolumem
661 2352 674 2376 ‚
711 2319 813 2364 Deo
839 2313 1108 2365 Amiciss'ime
1144 2319 1187 2364 δε
1215 2314 1479 2365 Sancitissime
1509 2318 1666 2365 Pater.

289 2452 354 2487 Ista
363 2453 409 2488 est
422 2451 612 2489 authentica
638 2453 679 2488 ad
690 2452 832 2488 Xixtum
843 2454 979 2488 tertium
1001 2454 1139 2488 Pontifi-

240 2510 314 2539 cem
339 2505 493 2547 epistola.
520 2504 626 2538 Ducit
646 2504 822 2538 exordium
845 2504 864 2538 ὲ
887 2503 1076 2539 Patriarcha
1100 2516 1139 2538 ac

1200 2465 1233 2489 re
1254 2454 1394 2495 discuti,
1421 2452 1582 2497 judicari,
1607 2452 1738 2498 puniri,
1762 2454 1921 2498 reparari,
1945 2465 2089 2499 compo-

1203 2504 1236 2538 ni
1248 2530 1255 2536 .
1284 2505 1427 2548 Ioannes
1435 2500 1621 2538 Patriarcha
1631 2502 1866 2539 Antiochenus
1880 2514 1957 2539 cum
1968 2506 2090 2542 Sancto

240 2552 406 2597 Propheta
429 2554 553 2597 Moyse
575 2578 586 2595 ,
615 2554 651 2589 ἃ
675 2554 733 2598 ipfi
761 2553 904 2588 Xixtum
938 2553 1139 2590 Pontificem

242 2613 435 2648 comparat,
459 2604 549 2646 quod
572 2614 688 2649 agatur
698 2603 849 2639 adversus
860 2605 1014 2639 Sanstum
1027 2604 1140 2647 Cyril-

241 2655 311 2689 lum
324 2679 335 2695 ,
362 2655 551 2700 Egyptiacae
572 2655 730 2690 Dioecefis
753 2653 978 2690 patriarcham
997 2677 1007 2687 .
1034 2654 1139 2689 Hunc

242 2704 422 2740 Eu'therIus
455 2705 488 2740 &
520 2705 695 2741 Helladius
715 2727 726 2744 ,
760 2705 896 2748 ipsisque
929 2705 1138 2740 consentiens

241 2756 469 2792 Orientalium
484 2755 725 2799 Episcoporum
737 2754 851 2790 Fastio
863 2778 875 2795 ,
899 2754 1052 2792 censebat
1066 2766 1135 2791 non

243 2805 458 2842 solummodo
480 2804 693 2846 haereticum,
718 2805 774 2840 sed
798 2805 835 2840 ὅ(
858 2805 1113 2840 Haeresiarcham
1130 2831 1140 2847 ,

242 2855 387 2899 ideoque
398 2855 579 2891 secundum
590 2866 629 2890 ac
637 2855 799 2890 minorem
811 2853 1020 2891 Pharaonem
1033 2880 1039 2888 .
1067 2850 1146 2891 Go-v

244 2902 309 2938 dex
332 2906 569 2950 manuscriptus
590 2905 710 2941 habet:
736 2907 757 2939 5
759 2905 799 2939 ub
819 2906 870 2939 1110
880 2910 982 2940 Amore
1004 2906 1139 2940 Pharao-

245 2963 286 2987 ne
302 2978 309 2985 .
333 2953 472 2989 conexi
481 2980 493 2996 ‚
520 2956 554 2991 &
564 2956 678 3000 posui:
702 2956 762 2990 Sub
772 2956 822 2990 illo
833 2958 945 2998 majore
967 2955 1137 2990 Pharaone.

246 3002 353 3052 Qod
365 3015 483 3048 nempe
493 3005 606 3041 Fafflo
617 3006 785 3050 Cyrilium
799 3006 969 3041 blateraret
979 3006 1043 3047 effe
1055 3004 1136 3042 Pha-

245 3064 386 3089 raonem
409 3054 579 3098 Iuniorem
600 3066 639 3090 ac
660 3058 824 3091 minorem
836 3081 844 3089 .
870 3057 1016 3091 Forsitan
1035 3067 1138 3101 opor*-

245 3114 315 3139 teat
328 3104 396 3150 legi
408 3118 420 3138 .·
445 3103 504 3138 sub
515 3105 565 3139 illo
575 3105 678 3140 Achm
689 3106 847 3143 Pharaone
859 3131 866 3139 .
893 3107 944 3143 Ita
968 3106 1057 3141 enlm
1068 3106 1136 3150 jux-

246 3163 283 3189 ta
305 3154 465 3199 quosdam
485 3154 708 3199 appellabatur
729 3155 858 3192 Pharao
877 3158 1059 3201 persecutor
1068 3158 1136 3193 He-

246 3204 349 3242 braici
372 3203 514 3249 Populi.
544 3204 720 3255 Quidquid
741 3206 780 3241 fit
791 3231 804 3247 ‚
830 3207 943 3243 Fanio
966 3207 1134 3251 Cyrillum

246 3264 416 3299 comparat
426 3265 502 3289 cum
515 3255 646 3298 Jamnes
656 3255 691 3298 ἀ
702 3254 870 3299 Mambre,
895 3259 930 3293 ὃς
942 3268 1017 3292 cum
1029 3257 1134 3292 Simo-

248 3316 291 3340 ne
302 3305 554 3351 Magmsixmm
564 3316 674 3340 autern
684 3316 759 3341 cum
770 3305 889 3351 Moyse
896 3309 932 3343 &
942 3307 1133 3353 PetroApo-

248 3355 336 3391 stolo
346 3381 354 3388 .
380 3356 461 3390 Non
475 3367 536 3400 ¹per
546 3367 666 3391 navam
677 3356 850 3400 Synodum
863 3381 876 3398 ,
899 3357 953 3392 sed
966 3370 1021 3402 per
1042 3359 1133 3393 hunc

1202 2552 1332 2596 Cyrillo
1355 2565 1392 2588 ac
1412 2553 1479 2597 ejus
1501 2553 1673 2597 Episcopis
1701 2565 1815 2598 pacem
1838 2555 2086 2598 composuerat,

1201 2615 1299 2647 atque
1323 2604 1369 2639 ita
1392 2603 1555 2639 studuerat
1568 2603 1735 2648 pacificare
1756 2603 1950 2639 Ecclesiam.
1975 2599 2090 2652 Qam

1201 2662 1295 2689 atrox
1305 2654 1467 2700 discordia
1475 2654 1598 2695 fuerit,
1623 2653 1754 2690 velsola
1764 2654 1862 2690 docet
1883 2655 2007 2690 famoss
2019 2655 2089 2698 epi»

1202 2704 1282 2739 stola
1295 2704 1359 2739 lbae
1371 2728 1383 2744 ,
1409 2703 1561 2739 Edesseni
1574 2704 1801 2748 Metropolitae
1822 2703 1865 2740 ad
1876 2704 2000 2740 Maritn
2011 2705 2090 2749 Epi-

1202 2755 1337 2799 scopum
1359 2754 1517 2789 Perfidis.
1541 2754 1663 2800 Longe
1683 2754 1774 2799 plura
1794 2764 1833 2790 te
1850 2755 2018 2790 docebunt
2039 2754 2089 2792 ha

1202 2805 1396 2840 Caffinensis
1419 2803 1556 2841 Codicis
1580 2805 1711 2847 litterae,
1735 2805 1820 2841 dum
1845 2805 2031 2851 prodierint
2050 2805 2089 2840 in

1200 2853 1388 2898 publicum.
1415 2854 1485 2890 Pax
1507 2852 1623 2890 habuit
1649 2866 1713 2891 tres
1740 2856 1911 2899 praesertim
1923 2855 2089 2891 condit-io-

1202 2917 1280 2940 nes.-
1307 2906 1495 2941 Admittere
1521 2904 1685 2950 Ephefinae
1709 2905 1789 2942 fidei
1817 2906 1997 2941 Decretum
2017 2927 2028 2945 ‚
2052 2905 2089 2946 ἃ

1198 2954 1474 2993 anathematizare
1485 2955 1607 3000 dogm·
1621 2955 1787 2998 Nestorii;
1817 2955 1954 2999 probare
1972 2967 2011 2990 ac
2029 2956 2088 2994 fit·-

1200 3017 1288 3041 mare
1313 3005 1380 3049 ejus
1399 3005 1441 3040 ab
1467 3004 1579 3040 eadem
1603 3005 1742 3048 synodo
1753 3006 1870 3043 factam
1880 3005 2088 3052 degradatio-

1199 3066 1274 3090 nem
1297 3067 1308 3098 ς
1331 3055 1559 3092 ‹Sc-admittere
1587 3056 1706 3094 fastam
1727 3054 1768 3090 ab
1787 3053 2087 3100 ejusdem-synodi

1200 3106 1261 3150 Epi
1266 3106 1371 3150 scopis
1388 3105 1645 3142 ordinationem
1655 3106 1855 3143 snceefforisf
1865 3105 2068 3143 Maximiani
2075 3131 2084 3142 ,

1199 3157 1270 3191 Has
1280 3167 1398 3192 omnes
1413 3155 1625 3192 conditiones
1635 3158 1771 3193 Sanetus
1782 3156 1930 3202 Cyrinus
1941 3156 2036 3201 petiit
2046 3166 2086 3191 ae

1198 3207 1398 3251 impetravit.
1428 3205 1514 3242 Vico
1536 3207 1625 3242 versa
1651 3208 1795 3253 'onnes
1804 3209 1891 3242 inter
1901 3217 2086 3248 σκευωρο-

1196 3257 1328 3293 stulavit
1339 3280 1352 3297 ,
1378 3264 1414 3293 ut
1424 3255 1575 3300 Cyri-llus
1583 3255 1754 3293 damnaret
1765 3259 1821 3294 sua
1830 3256 2009 3292 duodecim
2022 3255 2085 3292 Ct-

1191 3307 1328 3352 vitula,⁴
1345 3317 1403 3341 aut
1413 3306 1501 3345 certe
1519 3308 1595 3352 ipsis
1614 3308 1826 3344 valediceret.
1856 3307 1905 3342 At
1918 3318 1988 3342 non
2000 3304 2085 3343 obti-

1196 3359 1293 3400 nuit,
1316 3357 1472 3402 Capitula
1482 3359 1729 3402 permanserunt
1740 3357 1916 3402 capitula.
1942 3356 2018 3391 Nec
2027 3355 2086 3397 Jo-

247 3404 357 3443 (olum
370 3407 540 3455 profitetur
549 3417 589 3443 ae
599 3407 755 3445 asseverat
764 3406 877 3444 omnia
889 3408 978 3454 posse
994 3419 1033 3446 ac
1042 3407 1133 3444 debe·
1195 3419 1294 3445 annes
1302 3409 1371 3455 ipsa
1381 3407 1518 3455 probare
1528 3429 1542 3451 9
1566 3419 1628 3448 nec
1639 3408 1790 3454 Cyrinus
1800 3407 1912 3443 voluit
1927 3405 2064 3441 abolere·
2073 3428 2085 3446 ,

1930 3454 2037 3496 imme)
