2326 3718
384 137 461 188 aa

473 281 516 326 c
551 245 821 333 APUT
893 282 1045 330 XXI.

317 400 579 452 Examinatur
602 399 808 446 Hincmari
819 396 1034 463 Rhemenfis
1044 396 1200 465 Episto-

378 472 449 536 Ρὶ,
475 466 554 534 fhb
582 467 712 515 Caroli
737 467 858 515 Calvi
869 473 1107 515 Francoy·1,1m
1121 474 1199 526 Re..
1259 476 1312 510 lao
1333 477 1440 519 primo
1461 490 1499 512 ac
1510 480 1658 516 Adriano
1689 480 1847 516 secundo.
1875 482 1919 517 Et
1932 484 2083 526 profeffio
2105 486 2137 520 se

370 543 438 609 gis
448 543 586 586 ‘nomine
594 536 772 606 scripta,
807 538 984 606 Epistola
1009 538 1060 585 ad
1075 544 1198 590 Jona-

380 628 461 657 nem
473 609 575 658 Wll,
588 605 804 672 Pontificem
818 644 831 657 .

406 730 677 765 OminusPetrus
693 726 735 762 de
744 727 859 762 Marca
884 727 1030 772 procedit
1053 726 1093 762 ad
1104 728 1192 763 aliud

429 789 659 823 argumentum
672 792 684 813 .-
717 782 873 812 Extremts
885 785 974 812 annls
987 782 1081 822 Regni
1091 779 1193 815 Caroli

304 831 422 869 calvi,
448 834 498 863 vl:
515 835 619 872 prima
642 830 729 862 illata
750 829 790 870 est
810 828 987 862 authoritati
997 830 1192 862 conciliorum

305 881 544 914 provincialium
557 905 564 912 .
593 880 842 919 Presbyterum
854 877 972 920 depofitt'
985 903 996 919 ‚
1005 881 1041 913 (ff
1049 885 1192 921 poenIten-

304 927 487 972 tlaesubjeffl
498 954 510 970 ‚
534 935 587 974 qui
597 940 650 964 nec
657 933 689 974 J
690 931 784 962 udicio
796 927 1007 972 Episcoporum
1013 928 1132 971 suorum
1146 941 1190 964 ac-

231 1003 235 1007 ·
303 978 449 1022 quiescere
462 981 622 1021 volebant,
649 990 700 1013 nec
711 981 968 1020 Metropolitanum
979 981 1189 1022 interpellare,

301 1031 429 1062 Romam
436 1029 708 1073 profhfiebantur‚
738 1028 864 1063 &illinc
883 1030 1000 1062 imeras
1015 1030 1188 1063 canonibus

300 1078 448 1122 adversos
471 1080 641 1122 deferebant
650 1103 660 1119 ,
685 1085 721 1112 in
728 1077 838 1120 qulbus
847 1082 924 1112 citra
935 1080 1028 1112 ullam
1039 1078 1136 1122 causae
1146 1092 1186 1114 co·

293 1134 460 1175 gnitionem
475 1134 509 1172 J
511 1131 611 1163 udicio
631 1125 843 1169 Epiftoporum
867 1127 1105 1171 rescindebantur
1116 1155 1127 1171 ‚
1153 1133 1187 1165 Ca·

292 1178 325 1223 J
325 1179 423 1213 udices
436 1183 562 1212 Romam
570 1175 771 1211 evocabantur
780 1201 791 1217 ,
809 1176 967 1221 sententlae
975 1178 1042 1222 suae
1054 1186 1185 1213 rationes

291 1228 361 1261 ‘illic
383 1229 523 1260 allaturi.
554 1231 600 1262 De
621 1226 672 1259 boc
693 1234 771 1261 enim
791 1226 846 1271 usu
864 1239 928 1263 cum
932 1230 964 1271 J
965 1241 1059 1263 oanne
1083 1230 1185 1263 oc‘lavo

294 1276 458 1319 expostulat
477 1279 605 1311 Carolus
628 1280 747 1311 Calvus
758 1282 924 1320 Imperator
949 1284 982 1311 in
998 1279 1117 1321 epistola
1143 1282 1186 1313 ad

293 1338 361 1361 eum
378 1326 495 1370 scripta
506 1351 516 1366 ‚
541 1331 624 1368 cujus
639 1327 747 1360 Autbor
770 1328 809 1368 est
821 1333 1000 1361 Hincmaerus
1012 1328 1182 1371 Rhomenfis

293 1375 562 1420 Archi-Episcopus
574 1403 582 1410 .
608 1382 645 1410 In
655 1389 715 1420 qua
728 1379 806 1411 illud
814 1389 925 1421 quoque
946 1380 1074 1412 additur
1084 1403 1096 1420 ‚
1122 1382 1181 1413 nvl-

290 1427 320 1461 Ie
332 1426 489 1470 Episcopos
500 1427 652 1471 agnoscere
661 1427 874 1462 authoritatem
886 1428 991 1462 barum
999 1429 1181 1472 litterarum,

288 1488 369 1519 quas
392 1477 603 1518 existimabant
625 1479 759 1521 concessas
766 1478 857 1522 fuiffe
877 1479 1081 1520 ἂΜίηὶΙΙηε,
1105 1492 1179 1514 com-

285 1532 378 1561 motis
392 1529 533 1562 videlicet
542 1527 738 1571 misericordia
748 1530 880 1571 quadam
901 1536 1083 1571 querentium
1094 1554 1105 1569 ‚
1132 1542 1182 1563 ne-

287 1588 346 1620 que
366 1576 422 1619 fibi
427 1577 610 1623 persuadere
626 1579 702 1620 poffe
713 1590 766 1611 eas
781 1580 859 1618 juffu
871 1578 1019 1618 Pontificir
1034 1577 1182 1620 fuiffl--de-

286 1635 389 1659 creras
402 1651 410 1657 .
437 1627 482 1659 Et
496 1627 602 1660 infra.-
627 1631 794 1668 Imperator
814 1625 928 1667 probae
950 1627 1054 1660 debere
1062 1626 1180 1670 presby-

285 1684 368 1709 uros
374 1675 513 1716 judicari·
534 1675 573 1708 ab
584 1673 736 1718 Episcopis
746 1701 758 1716 ‚
786 1677 820 1709 Θ
832 1678 852 1708 ἃ
861 1677 969 1714 synodo
984 1680 1154 1708 Provinciae

282 1725 314 1767 fi
318 1725 440 1766 querela
462 1733 618 1757 moveatur
631 1747 638 1754 .
666 1728 715 1755 Ita
727 1734 856 1764 namque
877 1725 1023 1755 decretum
1033 1730 1065 1755 in
1077 1730 1179 1758 conct-

287 1775 337 1809 ms
352 1777 478 1806 Ne'eaeno
491 1798 502 1814 ‚
530 1770 708 1805 Antiocheno
720 1796 731 1811 ‚
757 1771 944 1813 sardicensi,
971 1772 1177 1811 constantino-

284 1827 440 1867 politano,
470 1824 505 1857 Θ
516 1820 760 1864 chalcedonensi.
788 1826 897 1864 Neque
916 1823 1031 1855 licitam
1050 1823 1101 1866 esse
1108 1831 1177 1865 pro-

287 1878 470 1907 vocationem
479 1871 518 1906 ab
529 1877 573 1906 ets
579 1875 612 1917 J
613 1874 722 1906 udiciis
731 1897 743 1914 ‚
769 1881 802 1907 ut
812 1873 942 1913 synodus
954 1872 1176 1917 Carthaginen-

280 1922 323 1970 fis
338 1921 456 1967 disertis
476 1923 578 1958 verbis
588 1922 729 1964 definivit
740 1947 749 1956 .

338 1973 539 2017 Respondeo
561 1972 687 2008 misceri
711 1971 766 2008 hic
778 1984 849 2008 vera
861 1974 944 2009 falsis
956 1999 963 2007 .
991 1972 1106 2009 Primo
1119 1974 1175 2009 fal-

285 2025 358 2058 sum
369 2024 438 2065 est,
464 2022 555 2066 quod
578 2024 682 2068 prima
698 2022 964 2068 Presbyterorum
987 2025 1141 2059 Romana
1157 2024 1175 2058 ὲ

286 2073 410 2109 Galliis
424 2071 615 2118 Appellatio
624 2073 804 2119 contigerit
824 2074 1029 2119 temporibus
1043 2076 1178 2119 Joannis

287 2124 395 2160 octavi
418 2122 596 2159 Pontificis
607 2149 619 2166 ‚
644 2124 681 2159 ἀ
695 2124 903 2168 imperatoris
927 2125 1041 2160 Caroli
1060 2125 1173 2159 Calvi.

284 2175 388 2210 Error
401 2174 446 2209 est
459 2173 590 2209 abunde
610 2174 852 2210 demonstratus
873 2174 1056 2209 &revictus
1078 2174 1114 2208 in
1130 2174 1177 2208 su-

284 2223 469 2268 perioribus
482 2250 490 2258 .
517 2224 672 2259 Secundo
688 2224 805 2259 falsum
816 2223 863 2258 est
874 2248 887 2265 ‚
912 2224 1001 2268 quod
1015 2225 1176 2259 Rornanae

283 2273 539 2319 Appellationes
562 2274 704 2310 inferant
728 2276 797 2309 vim
807 2273 1056 2308 provinciarum
1071 2274 1176 2316 Syno-

284 2324 338 2358 dis
354 2336 361 2356 :
388 2325 490 2372 Qod
513 2324 642 2359 Nicaeni
653 2349 664 2365 ,
695 2322 901 2359 Antiocheni
914 2347 924 2364 ,
954 2323 1175 2363 Sardicenses,

285 2373 677 2417 Constantinopolitani,
703 2375 738 2408 δε
760 2372 1045 2408 Chalcedonenses
1066 2373 1178 2407 Cano·

285 2435 345 2458 nes
359 2424 505 2458 sanciant
518 2423 724 2458 Clericorum
737 2424 974 2468 appellationes
995 2425 1060 2457 esse
1070 2423 1176 2456 neces-

280 2474 373 2510 sario
382 2472 547 2508 faciendas
558 2474 642 2517 apud
658 2473 838 2508 Provinciae
848 2473 1024 2516 synodum
1036 2497 1048 2514 ‚
1058 2472 1093 2507 &
1105 2470 1177 2506 istic
1215 2510 1218 2514 Α

285 2522 353 2558 fine
377 2523 542 2557 ulterioris
563 2524 745 2567 progressus
767 2523 821 2565 spe
833 2519 1011 2556 finiendas.
1041 2521 1174 2556 Etenim

285 2572 385 2618 longe
397 2571 487 2608 aliud
501 2573 622 2607 docent
637 2571 849 2617 Angilramni
862 2571 1021 2606 Metensis
1043 2571 1178 2616 Episco-

264 2650 271 2655 .
285 2624 343 2668 pi,
369 2635 440 2666 quae
463 2622 636 2657 Gallicana
663 2621 809 2656 Ecclesia
833 2623 957 2665 semper
968 2623 1032 2656 fuit
1047 2632 1177 2656 venera-

285 2683 342 2714 ta,
370 2674 521 2708 Adriano
545 2673 653 2717 primo
678 2671 834 2706 Pontifici
863 2671 972 2706 oblata
997 2673 1174 2715 Capitula:

287 2724 379 2756 salvo
390 2726 536 2756 Romana
547 2721 681 2766 Ecclefiae
704 2727 737 2755 in
747 2722 880 2756 omnibus
895 2725 1054 2762 Primam,
1080 2728 1175 2755 mani-

281 2772 391 2815 festum
405 2773 442 2812 est
454 2797 464 2813 ,
490 2774 568 2815 quod
589 2773 666 2813 illa,
691 2783 760 2814 quae
774 2770 850 2816 sunt
865 2781 923 2814 per
940 2782 1176 2814 unamquamque

153 2830 228 2869 cap.
246 2840 272 2866 9.
291 2825 487 2856 Provinciam
504 2848 516 2864 ‚
543 2822 629 2865 ipfius
656 2825 826 2856 Provincia·
852 2822 979 2861 synodus
1001 2820 1171 2865 dispenset,

281 2872 356 2916 ficut
367 2878 401 2906 ln
413 2877 447 2905 N
450 2879 540 2907 icaeno
550 2872 658 2914 constat
669 2874 818 2907 decretum
829 2873 882 2916 effe
890 2875 1020 2906 Concilio
1029 2896 1038 2904 .
1061 2871 1174 2906 Palam

290 2923 484 2965 profitentur
507 2923 652 2958 Nicaenis
669 2947 681 2965 ,
707 2922 857 2965 adeoque
878 2923 913 2956 &
934 2922 1061 2957 cunetis
1079 2922 1174 2962 aliis,

291 2972 491 3014 Judiciorum
515 2985 554 3008 ac
583 2972 858 3018 Appellationum
878 2972 1020 3007 formam
1042 2972 1175 3016 praescri·

291 3021 475 3067 bentibus„
500 3023 646 3068 antiquis
666 3022 863 3058 Canonibus
889 3023 988 3057 ineffe
1015 3021 1101 3056 hanc
1124 3023 1175 3055 in·

288 3070 460 3104 trinsecarn
485 3072 733 3108 conditionem.-
759 3073 852 3106 Salvo
863 3076 1009 3106 Romaenae
1035 3070 1173 3113 Ecclefiae

290 3124 323 3152 in
340 3119 470 3152 omnihus
492 3123 627 3154 Primam
650 3147 656 3154 .
697 3125 741 3158 Et
754 3122 840 3157 hanc
862 3121 1091 3166 professionem
1103 3122 1174 3155 An-

291 3169 489 3213 giltamnus,
515 3170 548 3204 &
568 3172 676 3204 omnis
698 3173 871 3207 Gallicana
891 3171 1034 3207 Ecclesia
1056 3171 1174 3206 didicit

288 3229 329 3252 cx
340 3221 396 3252 suo
412 3219 516 3260 primo
532 3220 712 3254 Canonum
736 3223 865 3256 Codice
876 3236 887 3255 .·
916 3223 967 3255 Ex
983 3222 1171 3255 Innocentii

289 3269 385 3315 primi
405 3268 574 3309 Rescripto
587 3270 626 3302 ad
640 3269 944 3316 Rothornagensem
955 3271 1151 3306 victricium
1165 3296 1171 3302 .

339 3318 482 3351 Carolus
505 3317 626 3351 Calvus
649 3321 729 3353 noni
754 3318 930 3355 Christiani
958 3321 1061 3355 saeculi
1083 3330 1172 3355 anno

293 3368 531 3412 septuagesimo
552 3368 644 3400 sexto
664 3368 709 3400 est
730 3369 847 3403 electus
868 3370 902 3403 iu
924 3372 1150 3415 Imperatorem
1164 3396 1171 3402 .

293 3417 337 3459 Et
360 3429 439 3456 tunc
461 3428 527 3451 tarn
550 3417 585 3450 in
597 3416 768 3452 Ticinenfi
791 3419 965 3455 Conventu
980 3447 992 3463 ‚
1017 3420 1114 3466 quim
1136 3421 1171 3456 in

1189 1292 1203 2040 J

777 135 900 183 «DE
947 133 1332 183 Garumna·
1360 134 1664 188 Ecctestae‘

1264 224 1500 269 Pontigonensi
1521 231 1661 275 Synodo
1684 230 1762 265 fecit
1782 233 1946 274 praefatam
1968 233 2139 276 professio·-

1263 286 1338 309 nem
1363 286 1421 318 pro
1436 276 1595 316 Romanae
1606 281 1755 315 Ecclefiae
1763 282 1981 326 dignitatibus
1993 308 2000 315 .
2028 283 2140 318 Mani-

1260 324 1340 359 feste
1362 326 1440 360 feeit
1455 340 1573 366 contra
1595 330 1791 370 violentias,
1818 344 1901 374 quas
1910 332 2058 368 adversus
2071 334 2139 367 Ro-

1261 373 1365 409 thaldi
1389 377 1616 415 Sueffionenfis
1649 394 1687 415 ac
1714 381 1888 417 Hincmari
1915 383 2139 419 Laudunenfis

1261 426 1413 470 Episcopi
1430 426 1594 466 Romanas
1606 430 1636 465 A
1641 431 1855 476 ppellationee
1870 433 2024 468 intulerat
2036 433 2139 469 Nico-

1257 525 1398 561 omnino
1408 530 1602 565 extendebat
1616 532 1716 567 etiam
1738 531 1778 565 ad
1790 531 1961 566 Romanas
1978 533 2136 576 Appella-

1255 577 1365 611 tiones
1378 577 1539 614 inferioris
1551 581 1637 615 Cleri
1652 607 1660 614 .
1689 583 1736 616 At
1747 581 1826 616 vero
1845 581 1913 616 haec
1924 581 1965 615 ad
1975 581 2135 625 Ioannem

1256 626 1454 662 Pontificem
1475 631 1611 672 epistola
1637 630 1682 664 est
1709 631 1826 676 scripta
1848 643 1939 666 anno
1964 633 2135 676 sequenti.

1254 677 1349 712 Hinc
1370 678 1539 720 quaeritur,
1565 680 1748 727 Qomodo
1771 694 1839 716 non
1861 683 1899 718 fit
1918 683 2136 726 praevaricato-

1253 728 1299 762 ria
1325 728 1342 760 ?
1376 729 1572 771 Respondeo
1599 731 1700 773 ipsam
1725 733 1902 773 proceffiffe
1927 744 1969 767 ex
1997 734 2135 768 versatili

1254 778 1432 811 Hincmari
1463 779 1658 814 Rhemenfis
1683 779 1819 824 ingenio
1845 807 1855 823 ,
1879 783 2068 827 peritiffimo
2094 783 2136 818 ad

1252 838 1387 862 omnem
1409 839 1544 863 ventum
1567 831 1637 864 vela
1661 840 1798 864 vertere.
1826 832 1984 868 Attamen
2005 833 2133 868 nonest

1252 877 1357 920 palam
1399 879 1650 921 prae'varicatoria
1667 905 1674 913 .
1703 878 1816 914 Primo
1834 903 1847 920 ,
1873 882 1949 924 quia
1975 883 2134 926 supplicat

1251 927 1428 962 Pontifici.
1458 930 1614 970 Deinde,
1643 930 1719 974 quia
1734 930 1846 972 potius
1866 940 1981 965 contra
1992 932 2137 967 Clerica·

1251 977 1333 1012 lium
1358 977 1630 1021 Appellationum
1655 980 1793 1014 abusum
1817 981 1975 1024 supplicat
1997 1004 2009 1021 ‚
2035 981 2135 1026 quam

1249 1039 1364 1062 contra
1378 1028 1588 1064 substantiam
1600 1055 1607 1062 .
1633 1029 1814 1065 Praesertim
1832 1030 2011 1073 supplicat,
2036 1032 2138 1066 utiu-

1249 1079 1348 1112 ferior
1359 1078 1476 1112 Clerus
1497 1079 1651 1123 deinceps
1660 1079 1875 1124 compellatur
1884 1080 1901 1113 a
1913 1081 2042 1115 suorum
2055 1082 2136 1125 Epi·

1249 1130 1422 1172 scoporum
1437 1129 1572 1171 Judiciis
1595 1141 1665 1164 non
1689 1127 1875 1165 immediate
1887 1131 2030 1170 Romam
2042 1155 2052 1172 ,
2080 1129 2135 1166 sed

1249 1178 1337 1221 prius
1345 1179 1506 1221 appellare
1515 1178 1555 1214 ad
1565 1180 1738 1222 Synodum
1748 1182 1808 1214 suae
1815 1180 1998 1215 Provinciae
2009 1206 2016 1213 .
2028 1181 2136 1216 Hunc

1247 1228 1339 1261 enim
1362 1228 1514 1263 ordinem
1526 1229 1676 1265 sanciunt
1686 1230 1795 1263 cuncti
1823 1231 1943 1273 prefati
1959 1231 2133 1266 Canones.

1250 1277 1293 1310 Et
1303 1275 1446 1311 omnino
1469 1289 1509 1312 ex
1523 1278 1718 1323 Apostolica
1739 1278 1912 1323 disciplina
1935 1279 2060 1313 ducunt
2069 1282 2136 1316 ori-

1248 1327 1378 1372 ginem.
1406 1328 1518 1376 Qare
1535 1339 1623 1372 aequa
1642 1329 1677 1364 &
1698 1327 1802 1372 justa,
1828 1328 1923 1362 salvis
1945 1337 2055 1363 tamen
2078 1329 2137 1365 sal·-

1248 1376 1382 1418 vandis,
1402 1379 1467 1412 fuit
1479 1378 1540 1412 ista
1552 1378 1730 1422 postulatio
1744 1404 1751 1411 .
1779 1378 1980 1422 Praecipuum
1991 1379 2135 1431 epistola

1246 1436 1418 1472 peccatum
1431 1428 1476 1462 est
1488 1452 1500 1469 ,
1524 1429 1614 1473 quod
1623 1439 1666 1463 ex
1677 1427 1837 1463 abusuum
1847 1437 2001 1472 praetextu
2019 1429 2134 1465 molia-

1246 1488 1298 1513 tur
1311 1478 1466 1512 suffocare
1484 1479 1519 1512 3:
1531 1479 1662 1514 abolere
1673 1476 1885 1513 substantiam
1894 1503 1916 1518 .,

1295 1527 1457 1560 Damnati
1475 1527 1521 1560 ob
1542 1528 1682 1561 crimina
1701 1528 1719 1561 ὲ
1742 1528 1807 1562 suis
1827 1528 1999 1571 Episcopis
2009 1528 2132 1564 Clerici

1245 1572 1309 1608 isto
1329 1584 1475 1618 tempore
1495 1576 1606 1619 paffim
1618 1575 1776 1611 nolebant
1799 1578 1928 1612 suarum
1947 1577 2135 1614 Provincia·

1245 1634 1317 1657 rum
1341 1625 1497 1666 synodos
1518 1626 1693 1664 accedere,
1719 1635 1817 1666 atque
1839 1628 1886 1660 ita
1903 1628 2136 1672 impingebant

1245 1672 1279 1705 in
1291 1673 1393 1706 tertiae
1409 1672 1655 1708 Aurelianensis
1666 1673 1793 1717 Synodi
1804 1674 2000 1710 Canonem:
2018 1678 2050 1710 Β
2061 1683 2130 1720 quis

1243 1722 1421 1756 clericorum
1431 1729 1509 1756 circa
1515 1722 1550 1766 se
1560 1732 1613 1757 aur
1626 1722 1836 1763 distrmionem
1856 1734 1911 1758 aut
1920 1725 2132 1761 trablanonm

1247 1769 1543 1815 Epiftopisuiputar
1556 1773 1716 1815 injustam,
1733 1775 1832 1813 juxta
1853 1779 1997 1817 antiquas
2010 1776 2130 1816 Consti.-

1243 1827 1371 1856 iunones
1392 1830 1527 1856 recurrat
1545 1825 1589 1857 ad
1597 1824 1758 1863 synodum.
1788 1823 1846 1857 Est
1867 1824 2002 1866 antiqua
2023 1825 2057 1860 &
2072 1825 2133 1862 fre-

1244 1882 1347 1915 quens
1368 1873 1454 1915 apud
1472 1885 1589 1908 omnes
1608 1882 1724 1918 gentes
1745 1873 1965 1909 Constitutio.
2001 1874 2127 1912 Verum

1243 1922 1408 1956 maculosa
1444 1923 1647 1958 Clericorum
1685 1924 1888 1959 conscientia
1923 1925 2132 1961 aversabatur

1242 1969 1333 2006 hunc
1344 1983 1488 2008 morem.
1517 1974 1646 2018 Egebat
1667 1974 1757 2009 enim
1773 1985 1841 2008 non
1852 1974 1997 2019 justitia,
2024 1976 2127 2010 sedli-

1244 2021 1434 2057 beraliffima
1453 2025 1578 2068 gratia,
1605 2035 1702 2069 quam
1712 2023 1758 2058 ob
1768 2024 1971 2059 damnatoris
1985 2026 2128 2069 discipli-

1244 2083 1371 2113 nam,ac
1383 2073 1555 2118 diligentis
1567 2074 1721 2118 Episcopi
1734 2075 1932 2118 praesentiam
1942 2075 2127 2119 desperabat

1240 2122 1259 2156 ὲ
1285 2123 1341 2156 sua
1363 2123 1518 2166 Synodo.
1545 2125 1640 2159 Hinc
1661 2124 1863 2160 invocabant
1882 2125 2130 2161 &accedebant

1244 2181 1425 2206 maternam
1439 2173 1600 2208 Rornanae
1611 2174 1760 2209 Ecclefiae
1771 2174 1979 2211 clementiam
1991 2199 2002 2216 ‚
2028 2175 2130 2219 ipsam

1240 2219 1361 2256 dolosis
1373 2221 1549 2266 lachrymis
1561 2235 1598 2258 ac
1609 2224 1682 2258 aliis
1694 2224 1925 2267 obreptionum
1946 2226 2068 2260 artibus
2078 2227 2129 2259 in-

1242 2271 1434 2312 flectebant,
1460 2273 1638 2317 &gloriofi
1663 2273 1811 2307 redibant
1831 2276 1866 2307 in
1877 2274 2040 2308 GalliamL
2068 2274 2128 2309 Et·

1242 2320 1309 2357 iam
1325 2321 1556 2356 insultabundi
1577 2348 1584 2356 .
1610 2322 1813 2368 Apostolicis
1837 2324 1927 2358 enim
1949 2323 2129 2360 absolutio-

1243 2381 1323 2405 num
1342 2382 1381 2405 ac
1406 2373 1646 2416 reparationum
1668 2372 1783 2407 litteris
1792 2374 1909 2408 armati
1932 2374 2129 2416 spernebant

2151 1754 2215 1784 Can

2219 1776 2225 1784 ι
2231 1764 2279 1786 20-

1243 2422 1318 2454 suos
1329 2420 1509 2466 Episcopus
1524 2447 1534 2462 ‚
1562 2422 1717 2457 vivebant
1741 2422 1890 2457 libertine-
1900 2448 1911 2464 ,
1937 2422 2128 2459 dehonesta-

1243 2470 1322 2504 bant
1334 2469 1590 2506 Ecclefiasticarn
1601 2473 1748 2512 vitam‚&
1757 2472 2020 2508 scandalizabant
2031 2473 2128 2508 Chri-

1243 2519 1382 2554 stianum
1395 2519 1564 2566 Populum
1576 2547 1583 2554 .
1615 2523 1657 2556 Et
1665 2523 1830 2568 Joannem
1842 2525 1996 2558 octavum
2008 2523 2126 2559 Ponti·

1242 2571 1338 2605 ficem
1350 2571 1443 2605 fuisse
1456 2573 1489 2606 in
1504 2572 1695 2607 sustinendo
1708 2572 1787 2605 disci
1791 2573 1887 2614 plinae
1896 2574 1996 2607 fraeno
2007 2584 2045 2607 ac
2056 2585 2128 2608 ner-

1243 2631 1285 2654 vo
1298 2620 1541 2666 languidiorem
1552 2644 1564 2662 ,
1574 2621 1620 2657 est
1633 2622 1839 2665 exploratum
1852 2646 1861 2653 .
1886 2622 1982 2656 Hinc
1992 2623 2125 2657 zelosio·

1241 2681 1289 2704 res
1309 2670 1463 2714 Episcopi
1511 2670 1643 2705 modice
1662 2669 1850 2706 deferebant
1869 2671 1939 2706 istis
1963 2672 2125 2708 Romanis

1241 2721 1356 2765 gratiis
1366 2744 1378 2761 ,
1388 2733 1425 2755 ac
1440 2722 1550 2755 Roma
1562 2721 1734 2756 redeuntes
1745 2721 1896 2758 Clericos
1905 2721 2070 2767 cogebant
2080 2721 2122 2758 ad

1240 2770 1438 2814 explendam
1450 2770 1519 2805 sibi
1540 2771 1725 2815 impositam
1748 2783 1880 2816 poenam
1889 2781 1946 2807 aut
1959 2773 2123 2816 poeniten-

1241 2820 1320 2853 tiam
1333 2844 1340 2852 .
1356 2820 1400 2854 Et
1412 2821 1497 2855 certe
1508 2819 1577 2856 haec
1590 2820 1631 2856 de
1643 2821 1789 2856 Romani
1800 2821 1976 2856 Pontificis
1985 2821 2122 2857 circnm-

1241 2870 1417 2914 scriptione
1426 2872 1576 2915 exceptio
1596 2873 1718 2915 semper
1738 2872 1908 2915 competiit
1931 2871 2101 2916 Episcopis
2110 2897 2120 2907 .

1238 2919 1340 2966 Qod
1352 2922 1442 2956 enim
1454 2922 1555 2956 etiam
1566 2922 1707 2966 Hispani
1721 2921 1877 2966 Episcopi
1900 2919 2051 2956 adversus
2061 2923 2122 2958 Ba-

1238 2970 1337 3004 silidis
1346 2982 1385 3006 ac
1396 2972 1560 3006 Martialis
1570 2972 1805 3016 Episcoporum
1816 2971 2053 3016 reparationem
2065 2997 2076 3012 ‚
2100 2973 2120 3007 ἡ

1238 3020 1361 3055 δεηᾶο
1371 3020 1535 3066 Stephano
1549 3022 1718 3057 Pontifice
1727 3020 1841 3056 dolose
1849 3030 2028 3061 extortam,
2036 3022 2119 3058 olim

1236 3072 1423 3114 exceperint
1447 3097 1458 3113 ‚
1485 3073 1652 3116 ipsamque
1682 3073 1873 3107 excusserint
1895 3096 1907 3113 ,
1932 3072 2065 3107 testatur
2084 3072 2119 3108 δε

1237 3122 1433 3164 comprobat
1453 3122 1619 3167 gloriosus
1632 3122 1762 3166 Martyr
1771 3121 1974 3166 Cyprianus.
2002 3121 2118 3158 Proin-

1235 3168 1276 3203 de
1289 3171 1309 3203 sn
1323 3171 1493 3207 adversum
1505 3172 1585 3207 istos
1605 3171 1778 3208 dumtaxat
1794 3171 1914 3207 abusus
1934 3170 2118 3208 intercoffis-

1236 3221 1282 3257 set
1293 3220 1472 3264 Imperator
1482 3222 1622 3257 Carolus
1635 3246 1646 3264 ‚
1670 3222 1753 3266 justa
1763 3233 1802 3257 ac
1823 3221 1960 3258 fundata
1978 3229 2047 3255 erat
2066 3221 2119 3254 in-

1235 3271 1399 3304 terceffio.
1429 3273 1475 3307 At
1496 3273 1542 3308 est
1566 3274 1686 3318 egressa
1708 3273 1831 3307 limites
1852 3298 1861 3305 .
1886 3272 1995 3317 Qare
2015 3270 2115 3305 etiam

1234 3320 1404 3356 Dominus
1411 3320 1526 3356 Petrus
1545 3323 1586 3357 de
1595 3322 1710 3358 Marta
1721 3333 1806 3358 errat
1816 3321 1914 3357 tertio
1923 3344 1947 3361 ,-
1962 3320 2050 3363 quod
2064 3319 2116 3355 di·

1233 3378 1287 3405 cat
1297 3369 1470 3403 damnatos
1482 3371 1693 3415 Presbyteros
1705 3384 1764 3408 nec
1772 3372 1792 3406 a
1800 3368 1957 3414 Synodali
1967 3369 2027 3403 sua:
2036 3369 2117 3404 Pro-

1236 3418 1352 3456 vinciae
1363 3419 1379 3462 J
1382 3418 1492 3456 udicio
1504 3423 1644 3465 potuine
1655 3423 1800 3458 Romam
1809 3420 1997 3464 confugere.
2009 3420 2115 3478 Qar-

2006 3478 2043 3503 to
2053 3492 2067 3511 ‚
