2326 3718
741 122 981 176 Renum,
1017 135 1077 163 ετ
1113 121 1480 167 VEREORUM.

1861 144 1951 188 393

193 211 337 249 pallium
359 204 551 254 quibusdam
584 215 638 248 pet
674 204 818 240 Galliam
851 204 1076 247 Metti-»politis
1144 203 1336 240 Patriarchae
1349 217 1469 241 nomen
1490 207 1855 261 Jocundus&Cyrillus
1876 212 2028 256 Episcopi

243 263 326 296 olim
348 269 416 294 non
437 255 641 293 concessum.
672 252 774 300 1851.
800 255 840 288 ln
861 265 932 293 tota
947 254 1076 297 Hybet-

247 308 378 345 nia‘uon
389 307 452 343 fuit
473 307 571 350 usque
592 304 632 339 ad
646 305 832 349 Eugenium
846 304 902 338 111.
1002 304 1075 337 ibid.

194 357 337 397 Pallium
368 357 526 403 quoniam
547 355 592 390 est
615 354 876 390 Ecclesiasticum
904 353 1076 388 indumen-

243 421 312 443 tum
324 432 335 449 ,
361 407 459 442 tribui
472 418 541 442 non
557 406 659 449 potest
672 405 922 449 imperatoribus
934 429 941 437 .
965 403 1031 442 182.
1046 417 1076 441 2·

193 461 334 497 Pallium
354 459 509 493 Romana
536 456 679 491 Ecclesia
697 480 708 497 ‚
736 467 803 501 quo
823 455 971 500 tempore
994 456 1076 488 nulli

245 509 372 546 dederit
384 508 524 543 absenti.
952 503 1027 551 196.
1046 517 1076 541 2.

193 561 337 596 Pallium
357 559 550 594 Romanum
569 557 603 593 ὃς
625 554 791 591 Gallicum
814 567 882 590 non
895 554 958 590 fuit
976 555 1078 588 diver-

244 613 333 646 sum.
834 602 1078 650 185.2·188-1·

192 662 336 698 Pallium
357 658 602 695 sacrosanctum
627 654 984 699 Archi-Episcoporum
998 656 1079 688 sitne

244 710 412 755 imperiale
421 707 546 742 donum
563 732 572 747 ‚
584 719 620 741 ac
632 706 825 740 bene-ficium
837 730 846 739 .
872 703 939 742 138*
953 718 972 739 i.
987 715 1079 751 ¹94⁴·

243 762 351 795 Pallio
373 759 482 795 Sanfft
517 758 623 793 Marci
652 756 827 793 utebantur
862 755 1079 790 Alexandrini

249 809 457 846 Patriarchae,
1008 804 1078 837 ibid.

195 863 339 899 Pallium
362 862 436 896 sunt
447 858 627 894 humerales
645 858 748 893 fasciae
759 857 889 904 gestatae
900 857 1023 899 semper
1035 856 1080 888 su-

250 925 304 957 pra
329 913 431 945 sacras
453 909 606 946 Casulas.
963 903 1080 943 186-1-

301 962 432 996 Pallium
453 959 527 992 vide
547 958 758 1001 omophorion.

199 1014 476 1049 Paluda-mentum
489 1019 556 1045 non
568 1020 636 1043 erat
657 1005 862 1053 splendidum
874 1007 924 1041 sed
935 1018 975 1041 ex
991 1005 1081 1040 lana.

249 1075 258 1095 i
310 1087 317 1094 .
331 1075 363 1100 2.

199 1073 363 1147 Paniglius
397 1107 496 1143 docet
526 1105 649 1140 licuisse
673 1104 739 1147 jam
760 1106 845 1141 olim
866 1103 1084 1140 Pontificibus

248 1158 410 1196 Romanis
425 1158 605 1199 Episcopos
618 1155 734 1190 Galliae
747 1154 838 1197 justis
849 1155 889 1195 de
902 1155 1001 1189 causis
1011 1166 1085 1189 evo-

248 1222 343 1250 care,
371 1207 475 1245 immo,
496 1207 668 1242 destituere
688 1206 720 1245 ee
742 1207 894 1242 novosin
907 1216 1019 1239 eorum
1041 1205 1087 1239 lo-

252 1271 328 1295 cum
352 1257 559 1294 substituere,
857 1265 913 1295 22-
929 1268 961 1293 2·
983 1254 1036 1294 26,
1059 1266 1086 1290 1.

202 1312 290 1355 Papa
302 1310 417 1344 titulus
429 1308 512 1342 olim
523 1318 654 1342 commu
662 1306 712 1339 nis
723 1305 880 1340 omnibus
897 1305 1067 1349 Episcopis
1078 1330 1104 1345 ,.

253 1360 353 1395 etiam
377 1359 546 1393 Africanis
566 1382 574 1389 .
606 1355 681 1404 158.
712 1368 743 1392 2.
770 1356 821 1389 Hi
843 1365 955 1389 tamen
982 1356 1088 1398 ipsum

256 1411 339 1446 nulli
351 1408 539 1447 detulerunt
550 1408 608 1441 nisi
621 1408 679 1445 suo
693 1406 832 1444 primati
854 1404 1088 1490 Carthaginben·

253 1464 292 1496 fi,
1017 1461 1027 1488 i
1048 1457 1089 1491 id.

307 1514 396 1554 Papa
407 1509 479 1543 vide
492 1512 644 1542 Romanus
657 1506 802 1548 Pontifex
812 1529 820 1540 -
1095 1512 1108 1569 Ἰ

205 1562 387 1598 parisiensis
405 1557 557 1609 Synodus
575 1558 659 1595 nihil
682 1558 790 1595 sanxit
805 1565 920 1593 contra
935 1557 1090 1593 Sanctum
1105 1574 1108 1586 ,

257 1613 389 1647 Petrum
404 1636 412 1646 .
483 1607 485 1609 ’
991 1603 1044 1643 80.
1064 1593 1110 1662 Lli

205 1663 441 1698 parmenianus
453 1659 628 1693 Donatista
641 1659 704 1694 fuit
727 1658 918 1703 Hispanus„
972 1656 1049 1707 164.
1061 1664 1092 1688 2.
1107 1664 1110 1695 ξ

309 1710 479 1755 Paschasius
502 1708 577 1742 vide
599 1708 793 1753 ,Quesnellus-
931 1729 935 1734 ·
1107 1697 1111 1748 l,

205 1763 392 1798 Patriarsha
413 1760 644 1798 Alexandrino
663 1760 818 1795 defuncto
837 1756 1012 1804 quomodo
1037 1756 1112 1791 rio-l

258 1824 314 1846 vus
337 1813 528 1857 eligeretur.
979 1816 1047 1853 194.
1066 1818 1094 1842 1.

206 1861 394 1897 Patriarcha
418 1860 665 1895 Alexandrinus
693 1861 781 1894 suam
813 1851 1115 1915 consecrationem}

255 1911 367 1947 debuit
379 1912 487 1944 statim
501 1912 616 1942 referre
631 1911 787 1941 Romano
798 1908 955 1941 Pontifici
977 1909 1009 1941 &
1028 1906 1097 1948 ejus

256 1959 547 1994 confirmationem
560 1956 722 2002 postulare
744 1968 782 1990 ac
793 1954 943 1989 obtinere
954 1966 996 1989 ex
1009 1956 1098 1997 Apo-

256 2011 375 2043 stolico
408 2009 550 2041 Canone
580 2007 780 2039 confirmato
811 2015 867 2047 per
901 2005 1096 2035 Nicaenum.

260 2071 337 2108 339·
351 2071 370 2092 ¹·

207 2107 394 2145 Patriarcha
415 2102 810 2146 Constantinopolitanae
831 2110 936 2135 novus
960 2098 1098 2134 debebat

260 2162 381 2203 semper
391 2157 431 2192 ad
448 2155 647 2190 Pontificem
659 2153 876 2187 transmittere
898 2150 1097 2194 synodicam

257 2211 291 2245 δε
329 2212 389 2245 suar
423 2205 599 2253 dignitatis
636 2202 924 2240 confirmationem
959 2211 1068 2246 petere
1089 2225 1098 2233 .

265 2271 277 2295 i
333 2268 383 2292 .2.

210 2270 400 2345 Patrifrcha
439 2304 585 2339 damnari
632 2305 736 2347 potest
770 2313 824 2346 per
855 2300 1099 2335 provincialem

260 2356 409 2393 Romani
419 2353 595 2391 pontificis
607 2353 778 2395 synodum
787 2376 800 2393 ,
824 2352 998 2395 requiritur
1010 2351 1098 2385 Con·

260 2409 375 2443 cilium
387 2405 490 2442 totius
506 2403 654 2438 Ecclefiae
665 2428 673 2437 .
977 2407 1055 2446 115.
1070 2413 1099 2438 1.

211 2456 407 2494 Patriarchae
425 2451 796 2497 Constantinopolitani
826 2451 993 2495 promotio
1016 2475 1027 2491 ‚
1063 2463 1100 2484 ac

260 2510 302 2544 de
313 2504 490 2544 excessibus
501 2504 658 2548 privative
670 2504 794 2547 spestat
806 2502 846 2537 ad
864 2502 969 2536 solum
985 2501 1100 2536 Ponti·

265 2561 362 2594 ficem
375 2582 382 2590 .
415 2553 470 2605 38.
490 2565 522 2592 2..
549 2554 709 2590 Pontifex
727 2553 807 2589 dum
830 2553 925 2586 illum
944 2552 1100 2597 degradat

264 2609 365 2655 potest
379 2609 436 2643 suo
448 2606 519 2650 jure
536 2605 723 2639 consecrare
745 2604 974 2638 successorem.
1027 2603 1099 2636 ibid.

215 2658 412 2696 patriarchae
431 2657 533 2692 etiam
554 2653 792 2689 Sardicensibus
814 2652 1012 2687 Canonibus
1030 2652 1100 2686 sub-

264 2711 357 2754 jecti.
388 2718 440 2756 19.
455 2716 484 2744 2.
511 2705 594 2742 Item
606 2702 681 2740 Sedi
695 2705 872 2738 Romanae.
980 2713 1100 2751 1301.

212 2759 408 2796 Patriarchae
426 2758 619 2792 Graecoium
640 2766 678 2789 ac
700 2753 851 2800 Episcopi
862 2753 948 2788 olim
965 2765 1033 2787 non
1048 2765 1101 2798 ge-

264 2810 392 2846 stabant
402 2805 548 2852 Mithras
560 2832 567 2840 .
969 2814 1045 2851 199.
1070 2816 1100 2841 2-

215 2858 406 2895 Patriarchae
418 2860 610 2894 Graecorum
623 2854 895 2892 Occidentalium
906 2854 1100 2896 Metropoli-

265 2920 371 2943 tarum
391 2918 482 2942 mora
493 2916 568 2941 ante
578 2916 746 2950 acceptum
761 2906 912 2948 Papalem
932 2905 1101 2938 confirma-

264 2961 393 2994 tionem
417 2968 485 2991 non
504 2967 651 2999 poterant
682 2955 789 2990 sedere
810 2956 845 2989 in
868 2954 991 2989 throno
1006 2979 1016 2994 ,
1042 2966 1102 2989 nec

265 3009 361 3054 fungi
397 3007 563 3053 praecipuis
593 3006 764 3052 dignitatis
793 3007 855 3043 sune
891 3004 1100 3040 muneribus.

272 3071 313 3097 10
342 3084 347 3090 .
375 3068 406 3093 2.

216 3070 410 3146 Patria9rchae
421 3107 608 3141 Graecomm
619 3104 681 3140 suis
689 3106 915 3150 Metropolitis
927 3115 996 3139 non
1007 3107 1102 3140 trans-

268 3161 426 3196 miserunt
440 3156 632 3200 Episcopale
645 3156 777 3198 pallium
792 3182 800 3189 .
857 3166 930 3203 ¹90·
942 3168 961 3189 1.
988 3158 1022 3189 <9
1036 3155 1100 3199 seq.

219 3207 414 3246 patriarchae
425 3207 537 3242 Latini
552 3232 563 3247 2
589 3203 659 3239 imo
682 3206 715 3240 ἀ
737 3206 868 3248 quidam
882 3207 1103 3249 Metropolitae

270 3260 338 3305 post
364 3258 553 3294 duodecimi
578 3255 681 3291 saeculi
702 3256 876 3292 exordium
905 3266 1101 3298 acceperunt

270 3314 379 3349 Roma
392 3307 544 3354 pallium.
973 3305 1050 3352 196-
1071 3318 1099 3342 1.

1194 256 1433 292 Wandxrbrum
1444 258 1694 302 assumpserunt.
1901 274 1976 314 151·
1997 275 2029 300 2-

1144 303 1338 342 Patriarcliae
1360 318 1476 343 omnes
1497 309 1618 352 semper
1637 310 1817 346 debuerunt
1840 312 1857 346 ὲ
1873 313 2030 348 Romano

1193 355 1358 391 Pontifice
1372 358 1628 393 consecrationis
1645 361 1678 395 ἀ
1689 361 1861 405 dignitatis
1874 364 1934 397 suae
1944 375 2029 398 con·-

1173 405 1413 449 ⁸firmationem
1426 409 1603 451 supplicare
1624 410 1657 444 ἃ
1677 413 1863 454 anteipsam
1887 425 1955 447 non
1973 425 2031 458 po·

1193 465 1324 489 tuerunt
1347 457 1493 501 legitime
1506 459 1627 493 sedere.
1660 469 1735 505 194·
1760 471 1787 494 1.
1815 463 1894 497 Non
1919 474 2031 497 tamen

1192 516 1370 549 potuerunt
1392 506 1536 545 Pallium
1559 510 1654 544 simul
1668 510 1851 554 postulare,
1877 524 1931 547 aut
1951 512 2034 547 acci·

1196 567 1287 598 pere.
1962 563 2031 596 ibid.

1146 604 1337 640 Patriarchae
1358 608 1546 644 orientales
1565 609 1598 642 in
1621 610 1740 653 quibus
1759 612 1963 644 ornamentis
1983 613 2032 646 uti

1196 655 1353 698 prohibiti
1382 659 1505 695 fuerint
1522 659 1639 695 diebus
1661 660 1860 704 jejuniorum
1881 662 1915 696 δε
1935 661 1968 694 in
1981 660 2035 695 de·

1197 707 1382 743 sunstorum
1403 709 1539 744 officiis.
1909 721 1984 758 1912
2006 720 2033 746 1.

1147 753 1340 792 Patriarchae
1360 758 1422 794 soli
1445 771 1513 793 non
1529 758 1608 794 vero
1619 760 1843 805 Metropolitae
1863 759 1985 796 habent
1999 762 2034 794 in

1197 805 1339 841 Ecclesia
1351 807 1574 855 locum,quem
1586 810 1814 846 Praetoriorum
1825 812 1966 846 Praefesti
1980 809 2038 846 ha-

1198 855 1527 902 bentinRepublica.
1557 870 1611 906 90.
1626 870 1657 898 2.
1684 862 1754 897 Soli
1778 863 1908 906 possunt
1930 863 2038 904 Syno-

1197 906 1256 940 dos
1269 907 1429 944 celebrare
1449 910 1482 943 in
1505 910 1680 955 AEgypto.
1912 923 1924 947 1
1935 911 1987 957 36.
2002 922 2034 946 2·

1151 955 1341 991 Patriarchae
1351 959 1521 1001 Synodum
1535 972 1721 995 convocant
1734 987 1741 993 .
1807 999 1812 1002 λ
1947 960 1998 1007 89-
2015 972 2036 993 1·

1154 1006 1321 1043 Patroclus
1343 1009 1540 1044 Arelatensis
1561 1011 1702 1055 appellat
1727 1010 1766 1044 ad
1789 1011 2038 1045 ZozimuniPa-

1200 1068 1298 1099 pam,
1324 1069 1379 1104 40-
1404 1072 1435 1099 2·
1462 1071 1521 1104 42.
1546 1073 1566 1094 i.
1593 1061 1611 1095 ὲ
1635 1061 1793 1096 Tribuno
1804 1062 1946 1105 quodam
1964 1061 2039 1094 Bai·-

1199 1106 1278 1141 >nalo
1311 1109 1423 1142 multis
1463 1111 1651 1147 vulneribus
1681 1113 1821 1147 laniatus
1853 1111 2038 1150 occiditur,

1201 1167 1247 1203 41.
1261 1169 1284 1190 i.
1306 1158 1373 1200 ejus
1386 1171 1461 1194 cum
1475 1158 1618 1195 Proculo
1630 1163 1742 1198 causa.
1895 1172 1952 1207 41-
1969 1172 1996 1197 1·
2010 1172 2039 1196 2-

1156 1205 1247 1239 Pauli
1272 1207 1424 1250 Episcopi
1451 1210 1627 1256 appellatio
1649 1213 1688 1244 ad
1703 1212 1818 1246 Sedem
1832 1212 2037 1246 Romanam.

1204 1253 1284 1292 286.
1309 1268 1336 1292 1.
1365 1260 1398 1291 <9⁹
1415 1255 1482 1300 seq.

1156 1305 1250 1342 Pauli
1274 1307 1383 1344 Orosii
1410 1308 1652 1356 Apologeticus
1674 1333 1685 1351 ‚
1711 1310 1793 1343 sitne
1823 1320 1907 1353 opus
1937 1309 2043 1353 legiti-

1207 1359 1323 1392 mum?
1925 1368 2004 1406 273.
2022 1371 2042 1392 i.

1158 1406 1315 1444 Paulinus
1327 1407 1508 1442 celestium
1523 1410 1615 1455 cogit
1636 1409 1678 1444 ad
1700 1409 1920 1454 profitendam
1944 1410 2045 1445 fidem

1207 1457 1248 1492 de
1259 1468 1392 1501 peccato
1405 1460 1580 1505 originali.
1783 1470 1863 1506 274-
1875 1472 1907 1497 2-
1929 1471 2007 1507 275·
2023 1467 2043 1492 ι-

1160 1507 1316 1543 Paulinus
1330 1508 1534 1555 Trevirensis
1548 1510 1729 1555 Episcopus
1741 1509 1781 1543 ab
1795 1510 1974 1546 Arelatensi
1987 1510 2046 1553 Sy-

1209 1559 1301 1592 nodo
1325 1559 1444 1603 injuste
1465 1562 1648 1605 depositus,
1673 1573 1730 1596 cui·
1744 1562 1890 1595 Romam
1903 1572 1970 1596 non
1987 1570 2047 1603 ap·-

1210 1609 1397 1654 pellaverit.
1425 1620 1482 1656 40.
1509 1621 1536 1647 1.
1552 1624 1582 1648 2.
1612 1613 1644 1646 A
1666 1611 1867 1646 Constantio
1891 1611 1924 1644 in
1947 1608 2050 1653 Pliry-

1210 1662 1298 1703 giam
1321 1661 1502 1704 relegatus.
1530 1673 1585 1708 29.
1611 1673 1677 1698 i.2.
1706 1663 1910 1698 Defunctum
1934 1660 2051 1696 Trevi-

1211 1711 1305 1745 renlis
1329 1710 1470 1744 Ecclesia
1492 1712 1510 1745 ὲ
1533 1711 1681 1756 Phrygia
1706 1711 1889 1756 deportavit
1912 1711 1946 1744 in
1975 1710 2053 1745 Gal-

1213 1759 1288 1794 liam
1302 1784 1312 1800 ,
1338 1761 1372 1794 &
1384 1762 1431 1795 uti
1447 1761 1659 1796 Canonicum
1678 1763 1877 1806 Episcopum
1889 1786 1899 1802 ,
1928 1761 1997 1795 imo
2016 1770 2054 1794 ut

1211 1808 1470 1854 triumphantem
1504 1812 1687 1856 Martyrem
1720 1812 1864 1857 gloriose
1888 1811 2054 1856 sepelivit,

1211 1870 1311 1909 30.1.
1341 1861 1456 1895 Curin
1470 1863 1631 1906 postrema
1657 1862 1878 1907 appellatione
1901 1862 1941 1895 ad
1952 1863 2058 1904 Impe-

1215 1921 1354 1945 ratorem
1376 1912 1565 1947 Maximum
1581 1936 1592 1952 ‚
1619 1925 1687 1949 non
1709 1912 1750 1948 ad
1765 1913 1962 1948 Romanum
1982 1911 2058 1955 Epi-

1215 1958 1349 1998 scopum
1364 1963 1552 1997 provocavit
1567 1964 1582 1997 ξ
1980 1962 2053 1997 ibid.

1167 2005 1288 2037 Paulus
1300 2003 1410 2037 Archi·
1422 2005 1599 2047 Episcopus
1612 2009 1738 2047 Cretae,
1765 2011 1937 2051 quomodo
1951 2014 1980 2045 sc
1992 2013 2059 2056 ges-

1215 2054 1287 2087 serit
1300 2051 1333 2085 in
1348 2053 1486 2095 Ioannis
1501 2054 1653 2098 Episcopi
1667 2057 1844 2101 Lappensis
1862 2059 2060 2102 appellatio·-

1215 2114 1255 2136 ne
1275 2103 1316 2137 ad
1329 2102 1538 2140 Vitalianum
1560 2103 1707 2152 Papam?
1935 2119 2009 2155 142.
2025 2119 2060 2144 22

1166 2155 1197 2188 S,
1225 2153 1348 2187 Paulus
1371 2151 1484 2188 docuit
1511 2163 1619 2189 totum
1642 2156 1794 2201 Illyrium
1815 2182 1827 2198 ,
1852 2169 1890 2193 ac
1921 2169 2060 2195 omnem

1217 2204 1327 2237 Asiam
1340 2203 1355 2234 ὲ
1370 2202 1576 2238 Hierusalem
1591 2206 1735 2240 Romam
1750 2209 1852 2252 usque
1867 2233 1874 2240 .
1949 2217 2012 2255 114.
2025 2219 2059 2246 2.

1168 2254 1289 2289 Paulus
1301 2253 1533 2288 Samosatenus
1555 2255 1597 2290 ad
1607 2257 1800 2300 potestatem
1820 2258 2003 2301 saecularem
2016 2261 2061 2298 ab

1218 2301 1436 2340 Antiochena
1457 2305 1597 2347 synodo
1608 2307 1734 2342 videtur
1751 2309 1935 2350 recurrisse.
1964 2321 2018 2357 75.
2035 2317 2055 2343 i.

1215 2354 1376 2389 Damnari
1389 2365 1458 2389 non
1473 2353 1627 2391 debuerat
1637 2357 1706 2394 fine
1719 2358 1835 2400 praevia
1846 2357 2005 2394 relatione
2017 2359 2058 2394 ad

1217 2405 1410 2445 Romanum
1424 2403 1645 2439 Pontificem.
1680 2417 1882 2452 109.2;ir5.
1903 2419 1928 2441 1.
1956 2408 2062 2451 Dam-

1216 2464 1313 2488 natur
1331 2454 1347 2486 a
1371 2456 1498 2497 propria
1521 2455 1677 2496 Synodo.
1709 2466 1760 2503 33.
1784 2466 1816 2494 2.
1844 2456 1926 2490 Non
1946 2469 2059 2495 tamen

1218 2516 1273 2548 per
1294 2504 1499 2537 definitivam
1524 2506 1717 2539 sententiam
1731 2530 1742 2545 ,
1769 2507 1827 2540 nisi
1843 2507 1962 2542 adesset
1975 2509 2058 2543 Dio-

1217 2554 1325 2598 nysius,
1337 2553 1585 2589 Alexandrinus
1594 2579 1606 2598 ,
1633 2556 1667 2590 &
1680 2556 1896 2592 Firmilianus
1908 2557 2056 2603 Caesaraen—

1215 2605 1315 2639 ensis.
1950 2618 2007 2655 33.
2022 2622 2053 2647 2.

1169 2655 1290 2691 Paulus
1300 2655 1530 2689 Samosatenus
1549 2655 1768 2701 degradatus,
1793 2668 1976 2698 contumax
1989 2670 2056 2703 per-

1217 2706 1330 2740 mansit
1354 2706 1388 2739 in
1403 2706 1589 2749 Episcopali
1612 2707 1759 2750 palatio,
1785 2708 1819 2741 &
1842 2709 1977 2744 tandem
1998 2722 2056 2753 per

1217 2756 1432 2790 Aurelianum
1468 2756 1698 2802 imperatorem
1723 2757 1853 2803 jubetur
1877 2759 2055 2795 excedere.

1216 2816 1284 2854 109.
1297 2816 1330 2841 2.

1169 2858 1245 2890 Pax.
1257 2858 1287 2897 A
1293 2855 1358 2900 pud
1378 2857 1532 2899 antiquos
1542 2856 1654 2892 Patres
1673 2858 1706 2892 ὃς
1720 2858 1879 2894 Canones
1893 2859 1939 2893 est
1951 2860 2056 2904 culpae

1216 2917 1272 2941 aut
1287 2918 1386 2951 poenae
1397 2907 1658 2942 reconciliatoria
1674 2909 1795 2943 solutio
1808 2935 1816 2943 .
1946 2923 1954 2946 i
1967 2922 2018 2947 12.
2032 2924 2053 2944 i.

1167 2956 1292 3001 Pelagii
1315 2969 1392 2991 cum
1413 2956 1599 2992 Catholicis
1618 2958 1778 3002 degratiae
1799 2960 2054 2996 necessitatedis-

1219 3008 1347 3050 putatio
1360 3007 1494 3051 quando
1506 3009 1710 3052 contigerit?
1931 3021 2008 3057 250.
2021 3021 2052 3046 2.

1168 3057 1295 3102 Pelagii
1307 3057 1532 3091 fraudulentus
1544 3057 1691 3092 Libellus
1710 3057 1785 3093 fidei
1801 3085 1811 3100 ,
1839 3071 1915 3108 275.
1933 3071 1961 3098 ι.
1987 3061 2051 3094 Ac-

1215 3108 1342 3141 cusatur
1361 3107 1403 3142 ab
1414 3107 1545 3142 Herote
1567 3120 1604 3143 ac
1615 3109 1741 3144 Lazaro
1761 3110 1794 3145 ἀ
1809 3114 1996 3154 perducitur
2007 3110 2049 3144 ad

1216 3158 1391 3200 Synodum
1414 3157 1704 3201 Diospolitan-am.
1731 3170 1788 3207 43.
1803 3170 1823 3193 i.
1837 3173 1866 3198 2.
1892 3161 1910 3194 a
1932 3162 2049 3194 Sansto

1219 3208 1409 3252 Augustino
1422 3232 1432 3248 ‚
1453 3219 1490 3243 ac
1503 3208 1576 3242 aliis
1586 3207 1743 3244 Afrorum
1756 3210 1921 3255 Episcopis
1936 3210 2048 3244 imme-

1216 3258 1305 3292 diate
1325 3259 1468 3293 defertur
1489 3258 1530 3292 ad
1554 3259 1584 3293 S.
1599 3259 1714 3294 Sedem
1728 3283 1740 3299 ,
1764 3261 1839 3304 quia
1859 3270 1925 3293 erat
1940 3259 2047 3302 Gyro-

1218 3319 1321 3354 vagus
1331 3320 1369 3344 ac
1384 3307 1617 3354 vagabundus.
1639 3312 1738 3358 46.1.
1766 3310 1847 3346 Non
1867 3308 1929 3343 fuit
1949 3309 2046 3345 dam-

1901 3368 1996 3393 natus
