2326 3718
664 151 944 199 ROMANIs
980 151 1562 206 Arre-LLATIONIBus.
1870 165 1970 214 259

209 238 319 309 quid
352 230 499 288 vestrae
533 237 800 309 Beatitudini
836 238 1009 305 placeat
1042 271 1057 298 ‚
1091 251 1218 300 agere
1252 230 1456 281 debemus
1487 266 1500 278 .
1551 236 1717 286 Veniat
1762 234 1873 302 ergo
1902 242 2041 290 Com-

212 310 496 374 monitorium
532 312 579 359 in
615 309 830 371 medium,
867 326 916 358 ut
951 307 1057 357 scire
1094 304 1222 375 poffit
1256 303 1393 353 vestra
1426 300 1662 354 Beatitudo
1693 341 1707 367 ,
1742 307 1852 375 quid
1902 311 1950 360 in
1983 327 2042 362 eo

208 381 487 432 contineatur
521 415 535 442 ,
569 396 618 431 ut
653 377 709 430 ad
743 378 906 443 fingula
940 376 1265 447 respondeatur.

403 545 431 590 S
467 560 495 589 C
515 560 561 590 >H
596 558 629 589 Ο
663 558 687 589 L
722 558 740 589 1
775 559 808 590 0
842 560 873 590 N
896 575 912 589 .
1156 546 1279 573 nones.
1306 533 1448 572 Acitem
1462 534 1556 571 bonae
1565 533 1835 572 consuetudines.
1860 536 1950 583 Qia
1962 550 2046 583 «με.

894 616 896 618 ,
1155 586 1232 622 dam
1253 586 1480 621 Ecclefiasticae
1498 585 1680 631 disciplina
1698 584 1807 630 capita
1816 597 1858 620 ex
1876 587 1998 622 *ordine
2010 591 2045 624 δε

708 659 719 668 t
1155 648 1305 679 canone,
1331 635 1477 681 quaedam
1500 648 1542 671 ex
1563 637 1714 684 legitima
1735 635 1974 672 consuetudine
1993 637 2050 672 ha-

296 690 394 726 Εᾶος
414 701 470 734 pet
492 690 667 726 Danielem
680 690 835 725 Canones
844 689 1015 724 Faustinus
1034 688 1095 723 Le·
1157 686 1235 721 bent
1257 686 1423 732 originem
1447 688 1703 724 &firmitatem.
1730 684 2050 731 AfricnaEcclefig

221 746 223 748 ’
319 750 415 785 gatus
424 740 482 774 fibi
502 740 835 784 postulavitexhiberi
855 738 1096 775 discutiendos.
1157 737 1263 780 plures
1285 735 1401 773 habuit
1426 737 1603 783 fingulares
1628 735 1893 781 consuetudines
1910 761 1923 779 ,
1948 736 2053 773 difor-

209 791 258 826 Ε(
279 790 314 824 in
334 790 479 826 discuffis
500 803 568 826 non
590 790 705 826 habuit
727 790 817 834 quod
831 788 1094 834 reprehenderet.
1157 797 1226 822 mes
1245 787 1449 833 generalibus
1472 788 1619 824 Ecclefiae
1640 787 1796 834 Regalis.
1825 787 2052 823 Easnoaim—

210 840 373 875 Notanda
394 842 468 876 sunt
481 841 576 877 verba
586 842 672 885 ejus:
698 842 777 875 Sicut
798 839 1098 883 &Gestissuperim-
1158 836 1309 881 probari,
1333 837 1475 883 ideoque
1496 850 1557 874 nec
1577 838 1756 874 abolendas
1776 838 1795 871 a
1822 836 1976 873 Romana
1991 838 2054 874 Ee-

209 890 269 923 bus
289 897 491 925 meminimus.
518 891 563 926 Et
583 891 761 926 Aureliiin
773 892 917 935 sequenti
937 889 1097 934 Capitulo
1158 887 1251 923 clefia
1262 889 1436 924 Faustinus
1447 888 1633 934 promittit,
1656 887 1844 923 dummodo
1866 897 1978 924 tamen
1989 889 2053 923 fint

210 940 308 974 verba
319 953 334 982 ,·
359 943 453 985 ,Quod
458 944 586 976 Fratres
608 941 695 981 nostri
714 946 747 973 in
755 941 836 973 Allis
844 948 939 982 nuper
950 940 1098 983 allegave-
1160 938 1370 973 rationabiles
1382 963 1393 979 ,
1419 940 1452 974 δε
1464 950 1533 975 non
1544 938 1754 975 adversentur
1765 937 1910 973 Nicaeno
1931 939 2055 974 Conci·

211 998 300 1024 runt.
329 991 564 1026 Demonstrant
585 989 670 1024 hanc
692 1000 759 1024 non
772 990 866 1024 fuisse
876 989 1015 1032 primam
1026 989 1098 1023 Ses-
1161 987 1208 1020 lio
1218 1012 1226 1020 .
1254 988 1363 1031 Hujus
1375 989 1530 1025 Canones
1540 990 1679 1025 affitmat
1688 987 1882 1033 effeSpiritu
1897 987 1964 1023 Dei
1975 1001 2057 1023 con·

211 1041 338 1075 (ionem
350 1034 443 1083 hujus
452 1039 597 1082 synodi.
624 1039 662 1073 In
677 1039 775 1082 priori
787 1039 932 1073 Seffione
942 1037 1097 1082 Episcopi
1161 1036 1269 1078 ditos,
1293 1038 1329 1072 δε
1352 1038 1456 1073 totius
1476 1039 1601 1075 Mundi
1622 1038 1804 1076 reverentia
1826 1039 2057 1080 consecratos,

210 1098 412 1132 rogaverunt
433 1088 625 1122 Faustinum
638 1113 649 1129 ,
675 1099 711 1123 ut
720 1088 844 1123 omiffis
857 1089 985 1123 secretis
1002 1088 1100 1123 Man·
1164 1085 1304 1131 ideoque
1324 1088 1451 1124 nullam
1472 1089 1516 1123 ab
1527 1089 1598 1133 iplis
1609 1090 1830 1126 diffonantem
1847 1087 2059 1124 consuetudi-

210 1138 298 1172 datis
323 1136 490 1172 exhiberet
519 1138 673 1182 scriptum
695 1139 1006 1174 Commonitorium
1023 1162 1035 1180 ‚
1060 1150 1098 1174 ae
1165 1147 1240 1171 nem
1261 1138 1349 1182 posse
1382 1139 1446 1173 effe
1475 1139 1682 1184 legitimam.
1707 1138 1863 1174 Omnino
1899 1137 1961 1175 hos
1986 1139 2062 1175 suos

207 1187 280 1230 ejus
290 1196 447 1223 contenta
459 1190 620 1226 trastaret.
649 1189 724 1223 Hac
733 1189 768 1222 in
781 1188 923 1223 Seffione
934 1199 1023 1232 patet
1033 1212 1044 1228 ‚
1069 1190 1102 1224 &
1166 1188 1327 1222 sermones
1337 1186 1451 1233 dirigit
1473 1189 1509 1222 in
1521 1187 1814 1229 consuetudinem,
1826 1199 1891 1232 qua
1902 1188 2062 1224 Africana

209 1238 359 1281 praefatur
382 1238 559 1281 palmarem
581 1236 845 1273 Commoni'torii
865 1240 1001 1282 scopum
1019 1239 1105 1279 effe,
1170 1237 1310 1272 Ecclesia
1321 1237 1469 1273 elericos
1476 1235 1674 1283 prohibebat
1694 1237 1713 1271 ὲ
1736 1237 1898 1276 Romanis
1909 1236 2062 1284 Appella-

211 1296 252 1322 ut
272 1285 428 1332 deinceps
456 1288 493 1322 in
515 1288 629 1323 Africa
651 1288 863 1324 observentur
893 1288 1025 1324 Nicaeni
1045 1288 1108 1324 Ca-
1173 1286 1339 1323 tionibus.
1793 1333 1795 1338 y
1945 1296 1965 1338 ,⁴⁴

1967 1453 1971 1456 ·
2045 1444 2064 1468 Ἰ

457 1477 1151 1563 ἐΑΡιῙυιυΜ
1252 1478 1788 1557 rentium.

364 1646 540 1699 Urelius
575 1643 815 1713 Episcopus
849 1643 989 1695 dixit:
1025 1645 1277 1696 Proferatur
1310 1646 1723 1697 Commonitorium
1746 1679 1762 1706 ,
1808 1643 1933 1712 quod
1968 1647 2072 1698 Fra->i

280 1762 282 1765 .
399 1731 490 1766 tres
536 1719 581 1765 &
614 1714 964 1767 Consacerdotes
1011 1716 1146 1766 nostri
1191 1734 1330 1785 nuper
1376 1718 1678 1780 allegaverunt
1710 1751 1726 1777 ,
1777 1719 1822 1764 &
1877 1730 2072 1767 caeteru

210 1801 318 1855 ‘quae
352 1792 449 1836 aeta
482 1785 579 1836 sunt
611 1822 625 1846 ‚
665 1788 736 1837 vel
771 1805 869 1854 quae
916 1786 1085 1850 agenda
1105 1784 1218 1836 'sunt
1252 1821 1274 1848 ‚-
1315 1785 1627 1855 subsequantur
1661 1823 1674 1835 .
1724 1787 1890 1835 Daniel
1926 1789 2073 1836 Notas

169 1884 171 1887 ·
215 1860 308 1908 rius
342 1859 546 1907 recitavit
581 1861 987 1908 Commonitorium
1023 1878 1036 1907 :
1083 1860 1222 1906 Fratri
1259 1859 1462 1908 Faustino
1496 1895 1510 1919 ‚
1556 1861 1600 1907 δε
1648 1856 1753 1906 filiis
1788 1857 1996 1925 Philippo
2029 1862 2076 1910 ἃ

217 1926 370 1980 Asello
421 1926 698 1995 Presbyteris
731 1964 745 1989 ,
796 1931 1006 1978 Zozimus
1055 1925 1295 1996 Episcopus
1329 1963 1344 1976 .
1397 1928 1545 1978 Vobis>
1567 1924 1811 1976 commissa
1842 1929 2076 1990 ,negotia-2.

218 2015 311 2048 non
345 2000 488 2048 latent
522 2035 535 2047 .
584 2003 679 2048 Vos
714 1996 781 2048 ita
815 2015 865 2049 ut
902 1999 1045 2050 nostra
1070 2035 1084 2059 ,
1119 1998 1259 2065 immo
1295 2000 1403 2064 quia
1437 1999 1581 2049 nostra
1615 1997 1680 2047 ibi
1726 2000 1783 2047 in·
1808 1996 1936 2047 vobis
1970 2016 2077 2066 prae-

219 2062 361 2117 sentia
407 2067 468 2116 est
501 2101 514 2125 ,
566 2074 720 2117 cuneta
767 2071 969 2134 peragite
1004 2087 1017 2115 ε
1067 2067 1263 2116 Maxime
1298 2084 1400 2116 cum
1451 2074 1495 2118 δε
1542 2069 1630 2117 hoc
1675 2068 1869 2117 nostrum
1910 2068 2078 2134 poffitis

220 2136 383 2186 habere
419 2135 680 2185 Mandatum
715 2174 729 2198 ,
764 2137 901 2187 verba
938 2142 1173 2188 Canonum
1207 2174 1222 2199 ,
1273 2154 1372 2204 quae
1417 2139 1465 2186 in
1499 2138 1739 2205 pleniorem
1774 2135 2078 2187 firmitatema..

217 2208 330 2256 huic
365 2210 729 2257 commonitorio
762 2206 1018 2260 inseruimus
1051 2243 1064 2256 .
1114 2206 1184 2257 Ita
1220 2210 1338 2259 enim
1373 2206 1578 2258 dixerunt
1611 2206 1881 2258 dilectissimi
1895 2210 2079 2260 Fratres

217 2276 271 2325 in
302 2276 518 2325 Concilio
553 2278 743 2327 Nicaeno
775 2312 788 2337 ,
827 2295 929 2326 cum
965 2277 1022 2327 de
1069 2276 1385 2345 Episcoporum
1419 2276 1718 2347 appellatione
1754 2277 2074 2330 decernerent:

221 2346 397 2400 Placuit
431 2361 578 2395 autem
614 2383 628 2407 ‚
663 2362 712 2396 ut
747 2346 779 2395 fi
815 2346 1057 2416 Episcopus
1092 2347 1315 2404 accusatus
1351 2347 1483 2398 fuerit
1511 2385 1526 2410 ,
1559 2353 1605 2398 &
1638 2347 1934 2414 judicaverint
1970 2366 2080 2399 con-

218 2416 396 2480 gregati
431 2414 639 2483 Episcopi
673 2418 888 2480 Regionis
924 2419 1052 2485 ipsius
1078 2455 1091 2478 ,
1127 2423 1171 2468 &
1204 2417 1261 2468 de
1297 2417 1435 2481 gradu
1468 2418 1544 2468 suo
1575 2418 1819 2484 dejecerint
1849 2436 1951 2469 eum
1985 2455 1999 2480 ‚
2034 2423 2081 2470 δε

223 2483 456 2554 appellasse
493 2484 736 2554 Episcopus
770 2485 973 2538 videatur
1006 2525 1020 2549 ,
1067 2492 1110 2537 &
1145 2488 1392 2550 confugerit
1442 2487 1501 2537 ad
1536 2487 2081 2538 Beatiffimu'n‘iziRomanae

224 2555 429 2607 Ecclefiae
464 2554 729 2624 Episcopum
762 2594 776 2617 ,
814 2562 858 2607 δε
892 2559 1083 2609 voluerit
1117 2558 1259 2610 audiri
1293 2595 1306 2619 ‚
1343 2562 1387 2607 &
1419 2558 1574 2624 justum
1611 2559 1843 2626 putaveris
1863 2594 1880 2620 ‚
1926 2574 1979 2608 ut
2012 2575 2080 2609 re·-

223 2642 415 2677 novetur
448 2644 682 2689 examen,
718 2627 903 2678 scribere
936 2629 1006 2678 his
1041 2629 1270 2697 Episcopis
1305 2627 1509 2692 dignetur
1542 2665 1557 2689 ‚
1596 2631 1684 2696 vqui
1729 2627 2000 2682 inafinitima
2017 2633 2083 2679 -8c

221 2700 479 2766 propinqua
514 2699 749 2748 Provincia
783 2697 904 2761 sunt,
940 2715 989 2748 ut
1025 2700 1102 2766 ipsi
1137 2698 1371 2763 diligenter
1408 2702 1558 2748 omnia
1583 2701 1807 2766 requirant
1830 2735 1844 2760 ,
1869 2703 2080 2765 &fjuxua

227 2767 362 2818 fidem
398 2769 603 2818 veritatis
636 2767 850 2819 definiant
870 2805 884 2817 .
927 2768 1066 2835 Quod
1101 2769 1133 2818 fi
1166 2772 1204 2819 is
1227 2807 1242 2832 ‚
1277 2772 1358 2837 qui
1393 2786 1518 2833 rogat
1553 2767 1722 2819 causam
1757 2768 1876 2819 suam
1911 2768 2081 2831 audiri,

230 2837 538 2906 deprecatione
586 2836 661 2887 sua
708 2842 895 2890 moverit
942 2844 1193 2891 Romanum
1240 2838 1504 2908 Episcopum
1560 2876 1574 2900 ,
1621 2855 1671 2889 ut
1717 2839 1746 2905 ὲ
1791 2843 1953 2890 Latere
2001 2838 2084 2890 suo.

232 2908 548 2976 Presbyterum
585 2911 737 2960 mittat
770 2946 784 2970 ‚
819 2912 903 2961 erit
937 2912 985 2960 in
1016 2910 1233 2979 potestate
1267 2908 1474 2980 Episcopi
1509 2911 1699 2960 Romani
1731 2946 1745 2970 ,
1791 2908 1902 2976 quid
1937 2910 2075 2973 velit,

234 2992 283 3029 et
317 2978 428 3043 quid
461 2979 698 3030 existimet.
734 2984 794 3030 Et
828 2980 861 3029 si
879 2979 1136 3032 <decreverit
1172 2979 1415 3032 mittendos
1449 2978 1532 3032 effe
1555 3017 1569 3042 ‚
1602 2982 1684 3048 qui
1707 2977 1938 3048 praesentes
1971 2996 2076 3034 cum

237 3047 466 3116 Episcopis
499 3048 693 3114 judicent
714 3088 728 3112 ‚
764 3050 977 3102 habentes·
1008 3051 1320 3102 authoritatem
1354 3055 1445 3116 ejus
1481 3087 1495 3112 ‚
1530 3048 1558 3099 a
1591 3067 1683 3118 quo
1715 3048 1921 3102 destinati
1955 3046 2081 3114 sunt,

237 3121 324 3170 etit
358 3119 405 3166 in
439 3117 514 3169 suo
547 3120 730 3172 arbitrio
761 3158 775 3171 .
819 3123 863 3172 Si
896 3121 1003 3174 vero
1036 3121 1270 3174 crediderit
1313 3119 1505 3172 sufficere
1537 3118 1780 3191 Episcopos
1802 3157 1817 3183 ,
1851 3136 1902 3171 ut
1935 3138 2076 3185 nego-

238 3191 309 3239 tio
343 3190 579 3269 terminum
612 3193 840 3261 imponant
871 3224 888 3258 ‚
933 3193 1067 3248 faciet
1110 3193 1234 3264 quod
1278 3189 1586 3264 sapientissimo
1619 3189 1697 3244 suo
1742 3191 1923 3246 consilio
1958 3190 2075 3259 judi-

242 3274 414 3315 caverit
430 3296 444 3310 .

1883 3477 2023 3518 SORO-
