2326 3718
675 101 952 146 Romnms
988 101 1584 146 Aspersa-nomam.

220 192 274 227 per
284 184 364 221 fasta
373 183 457 228 apud
474 184 588 220 Sedem
603 183 828 230 Apostolicarn
838 208 846 215 .
874 179 1096 227 Terti6‚quod

219 234 363 269 Romani
390 233 568 270 Pontifices
582 238 709 272 causam
723 236 843 277 semper
854 233 1034 269 remiserint
1056 230 1095 266 ad

220 281 398 318 Provinciae
418 286 589 329 Synodum
603 311 615 327 ,
642 297 679 320 ac
705 285 760 328 ipsi
785 284 984 328 delegarint.
1015 282 1098 329 Quae

219 331 312 367 verba
327 344 393 369 non
407 348 517 371 carent
538 335 678 380 emphasi
692 359 699 367 .
725 333 901 369 Affirmant
924 331 1014 378 quod
1038 332 1097 366 ista

217 385 382 419 accusatio
403 386 499 423 fuerit
521 387 667 431 legitima
690 409 702 425 ‚
727 383 817 429 quod
838 386 964 419 causam
987 382 1096 415 fixerit

216 434 302 478 apud
316 435 505 470 Romanam
522 436 718 470 Cathedram
729 461 740 476 ‚
766 435 854 478 quod
871 432 1025 468 Pontifex
1036 441 1096 483 xet-

216 485 283 519 iam
296 484 329 518 in
342 487 444 528 prima
460 486 613 522 instantia
626 487 719 528 poffit
745 484 886 528 judicare
908 481 1095 518 Provincia-

215 534 260 568 les
283 535 461 579 Episcopos
473 561 484 576 ,
510 537 597 580 quod
621 535 793 570 Gallicana
818 534 953 569 Ecclesia
979 532 1019 566 de
1033 531 1096 565 isio

216 584 355 619 articulo
365 597 444 621 tunc
457 598 522 619 non
534 586 708 620 dubitarit.
737 585 779 620 Et
795 586 872 619 hinc
886 580 1096 617 ista-remissio

216 634 280 669 fuit
292 635 472 680 delegatio.
502 635 631 671 Exinde
642 635 794 680 Synodus
806 660 817 675 ,
841 634 917 677 quia
939 631 1096 667 Pontifex

215 685 404 727 apposuerat
416 697 546 719 manum
560 711 570 725 ,
595 685 737 727 judicare
750 685 876 727 nequiit
899 694 954 726 pet
966 681 1096 716 ordina·

214 736 295 768 riam
307 735 537 772 authoritatem
551 761 561 775 ‚
588 737 640 770 sed
663 734 871 772 solummodo
893 744 946 776 per
970 731 1097 775 delega-

215 784 355 819 tionem.
388 785 585 828 Apostolicae
598 797 709 820 manus
723 783 882 828 appositio
894 783 938 816 est
948 783 1030 816 adeo
1044 793 1095 815 an·

211 835 324 877 tiqua.
354 836 403 868 Ex
417 835 466 869 his
480 835 651 878 Principiis
668 835 775 870 scribit
798 834 989 867 Bonifacius
1003 846 1014 867 ε
1042 834 1097 863 De-

216 884 337 917 bueram
349 886 468 926 quidem
473 887 543 926 jam
554 896 631 918 nunc
637 895 692 925 pro
703 887 769 922 eius
785 882 928 925 accusatis
953 889 985 914 in
1008 881 1099 925 nostro

211 935 324 975 ‚iudicio
336 933 538 974 adibusfhrre
545 932 744 974 sentmtiam.
773 933 931 966 Attamen
946 942 986 965 ex
999 930 1097 965 causis

215 984 332 1018 maluit
352 982 462 1015 denuo
484 982 649 1015 remittere
674 994 711 1016 ac
724 982 891 1025 delegare.
919 982 1031 1029 Qare
1046 992 1098 1013 er-

214 1042 319 1066 rorem
340 1030 511 1065 continent
537 1029 602 1065 haec
617 1031 773 1066 Paschafii
797 1031 966 1081 Qesnelli
981 1029 1097 1064 verbaz

214 1084 330 1114 Monuit
351 1083 371 1115 ἃ
395 1083 702 1123 Comprovincialibus
729 1082 927 1124 instruendum
949 1081 1002 1125 effe
1016 1081 1098 1121 judi·

212 1136 305 1165 cium.
336 1131 551 1174 Nequaquam
574 1134 702 1166 monuit
727 1157 738 1173 ,
762 1133 814 1167 sed
840 1133 897 1167 suo
921 1130 1098 1165 Tribunali

211 1181 277 1226 jam
291 1181 420 1215 affixam
435 1184 562 1216 causam
574 1182 711 1225 Synodo
722 1182 899 1228 delegavit.

263 1230 406 1265 Proinde
429 1232 483 1265 hic
506 1244 574 1266 non
598 1233 638 1267 de
649 1232 882 1276 Appellatione
894 1233 1020 1276 agitur,
1048 1230 1100 1266 sed

213 1280 256 1315 de
268 1283 372 1324 prima
386 1281 551 1324 instantia,
567 1294 622 1326 per
635 1282 791 1317 canones
803 1285 961 1326 spectante
970 1282 1010 1316 ad
1024 1281 1103 1315 Pro·

212 1330 329 1365 vinciat
350 1330 522 1375 synodum
543 1358 550 1367 .
577 1332 669 1367 Hinc
699 1334 873 1377 quaeritur,
899 1344 966 1377 quo
988 1332 1102 1366 funda·

211 1391 326 1415 mento
338 1405 349 1420 ,
375 1382 409 1415 &
421 1393 484 1426 qua
497 1383 666 1418 occafione
676 1382 874 1418 Valentinus
883 1383 999 1417 Clerus
1013 1381 1102 1416 hunc

209 1430 362 1466 ordinem
373 1433 556 1476 praeterierit
568 1458 578 1473 ,
605 1434 638 1470 δε
650 1435 742 1468 suum
755 1434 955 1477 Episcopum
978 1433 1103 1467 accusa-

212 1481 299 1515 verit
318 1482 403 1525 apud
416 1481 531 1517 Sedem
557 1484 784 1528 Apostolicam
800 1487 812 1519 ?
841 1483 1038 1525 Respondeo
1059 1481 1103 1516 ob

210 1528 438 1565 Narbonensis
461 1531 644 1565 Provinciae
657 1541 736 1564 tunc
759 1542 813 1573 per
827 1530 1039 1572 Imperatores
1061 1530 1105 1563 fa·

211 1580 300 1612 ‘fiam
310 1579 504 1612 divisionem
516 1603 528 1616 ,
553 1579 599 1614 ob
623 1580 703 1614 inde
714 1590 805 1612 natas
826 1581 912 1611 inter
924 1579 1105 1619 Episcopos

214 1626 334 1668 dejure
344 1624 600 1668 Metropolitico
611 1626 844 1659 controversias
855 1649 866 1664 ,
893 1626 927 1660 &
940 1625 985 1658 ob
1004 1625 1105 1658 ambi·

212 1685 317 1720 guum
327 1672 542 1709 Taurinensis
553 1675 681 1718 Synodi
697 1675 738 1710 de
750 1676 824 1718 ipsis
833 1674 1004 1719 judicium.
1025 1674 1105 1709 Istas

212 1727 288 1760 iites
298 1735 456 1759 memorat
468 1725 501 1758 in
511 1724 641 1759 funebri
654 1724 886 1760 Valentiniani
900 1724 1031 1759 secundi
1043 1725 1105 1758 lm-

210 1776 371 1821 ·peratoris
381 1777 538 1809 encomio
548 1777 680 1810 Sanetus
694 1775 894 1810 Ambrosius.
908 1775 1059 1809 Affirmat
1072 1775 1104 1808 se

215 1826 236 1861 ὶ
255 1825 374 1869 juvene
396 1824 548 1868 Principe
568 1825 609 1861 ad
636 1826 740 1871 ipsum
766 1826 998 1870 baptizandum
1013 1825 1106 1859 fuisse

215 1886 371 1911 vocatum
393 1876 428 1910 in
451 1875 576 1911 Gallias
598 1901 609 1917 ,
634 1887 731 1919 atque
751 1875 923 1921 adiungit.-
949 1876 1104 1915 Additur,

220 1929 253 1960 ιό
264 1935 298 1960 ut
304 1934 461 1969 properem
478 1933 554 1960 ocius
568 1951 578 1966 ‚
606 1937 655 1961 nec
665 1927 831 1962 arbitrarer
845 1932 960 1961 itineris
971 1931 1028 1960 mei
1038 1936 1107 1959 cau·

214 1974 283 2020 sam
303 1977 352 2019 effe
372 1978 513 2016 synodum
536 1977 687 2012 Gallorum
711 1977 922 2021 Episcoporum
945 2002 955 2018 ,
979 1984 1104 2018 propter

217 2038 341 2068 quorum
344 2026 520 2070 frequentes
528 2028 710 2072 diffenfiones
719 2029 815 2063 crebro
824 2040 870 2062 me
879 2025 1104 2070 excusaveram.

219 2076 273 2109 En
293 2076 499 2112 Taurinense
519 2080 699 2113 Decretum
719 2093 726 2111 ;
753 2081 833 2113 ulud
846 2086 924 2113 inter
948 2075 1103 2120 Episcopos

217 2124 338 2159 urbium
352 2128 523 2168 Arelatenfi's
550 2129 782 2169 &Viennensis,
811 2135 863 2171 qui
887 2130 923 2162 de
945 2131 1102 2161 Primatus

218 2176 304 2216 apud
324 2187 379 2208 nos
392 2177 496 2211 honore
518 2179 696 2219 certabant,
721 2178 856 2222 asanaa
876 2179 982 2217 synodo
1001 2178 1102 2220 defini-

216 2235 281 2258 tum
293 2225 332 2265 ‘est
345 2249 356 2265 ,
381 2235 413 2258 ut
425 2233 520 2268 quiex
535 2234 576 2260 eis
590 2229 824 2269 comprobaverit
840 2227 927 2271 suam
948 2233 1102 2262 civitatem

216 2275 265 2318 effe
279 2278 461 2317 Metropolim
470 2301 481 2316 ,
509 2283 536 2310 is
549 2283 638 2310 totius
651 2281 820 2311 Provinciae
830 2278 966 2312 bonorem
985 2281 1103 2311 Prima·

214 2334 267 2363 ‚tut
277 2325 409 2358 obtineat
420 2350 430 2366 ‚
459 2329 492 2361 (ν
503 2326 563 2370 ipse
569 2330 666 2368 juxta
680 2331 866 2370 Praeceptum
879 2334 1033 2362 Canonum
1045 2328 1100 2362 ba-

219 2374 288 2407 beat
302 2377 530 2410 Ordinationum
536 2379 705 2418 potestatem
718 2403 724 2410 .
752 2381 842 2413 Certe³
852 2381 894 2412 ad
898 2385 983 2421 pacis
998 2385 1100 2413 vincu-

222 2424 281 2457 lum
291 2423 524 2467 conservandum
544 2427 593 2460 boc
604 2428 712 2469 consilio
732 2431 847 2462 utillori
869 2431 1014 2463 decretum
1036 2428 1074 2469 est
1086 2453 1097 2469 ,

217 2482 251 2508 ut
265 2499 275 2514 ,
296 2473 424 2516 fiplacet
446 2485 674 2510 memoratarum
691 2478 805 2511 urbi'um
820 2482 849 2510 E
848 2477 976 2521 piscopis
989 2503 1000 2519 ‚
1024 2490 1098 2511 una-

218 2535 342 2566 quaeque
350 2525 386 2557 de
395 2523 442 2557 bis
453 2531 609 2560 viciniores
613 2527 669 2568 fibi
697 2533 775 2561 inter
797 2531 973 2562 Provincias
993 2530 1098 2562 vendi-

218 2585 261 2608 cet
273 2580 411 2608 civitates
422 2599 433 2615 ,
459 2584 547 2618 atque
559 2588 608 2610 eas
620 2576 759 2618 Ecclefias
775 2576 887 2619 vifitet,
916 2591 991 2621 quas
1003 2583 1097 2620 Oppi-

217 2626 265 2664 dis
274 2623 339 2666 suis
350 2630 508 2666 proximas
520 2633 616 2671 magis
628 2628 679 2670 effe
689 2628 846 2668 constiterit
858 2652 869 2668 ,
894 2634 939 2660 ita
949 2637 981 2661 ut
992 2639 1097 2661 memo-

218 2686 265 2707 res
279 2680 490 2709 unanimitatis
517 2686 607 2719 atque
617 2679 776 2711 concordiae
788 2690 844 2711 non
856 2680 932 2712 alter
948 2680 1072 2712 alterum
1082 2704 1093 2720 ‚

210 2722 266 2766 fibi
275 2725 388 2767 longius
401 2724 571 2768 usurpando
582 2752 592 2766 ,
617 2729 696 2770 quod
705 2728 742 2768 est
756 2730 807 2762 alii
815 2735 938 2771 propius
948 2753 959 2769 ,
987 2735 1096 2771 inquie-

215 2783 275 2807 tet.
304 2775 482 2809 Decretum
495 2777 559 2811 hoc
573 2777 699 2811 videtur
711 2779 897 2822 quaestiones
919 2791 986 2813 non
1007 2791 1095 2814 com·

217 2824 376 2866 posuisse,
403 2826 455 2860 sed
480 2828 616 2861 auxisse.
647 2828 733 2862 lnter
751 2829 832 2871 ipsas
845 2829 1008 2864 fluskuavit
1030 2827 1095 2863 Va·

217 2872 339 2908 lentina
363 2875 502 2910 Ecclesia
515 2902 524 2917 ,
553 2879 699 2912 nesciens
726 2890 766 2914 an
781 2879 998 2914 Viennensem
1022 2880 1096 2914 Me·

219 2924 369 2967 tropolim
381 2926 508 2962 deberet
519 2929 691 2972 respicere,
717 2941 759 2962 an
780 2930 1000 2965 Arelatensem
1013 2954 1021 2961 .
1050 2929 1092 2964 Et

219 2973 311 3013 possit
323 2974 363 3007 ab
375 2977 536 3022 utriusque
551 2979 716 3022 Episcopo
731 2979 822 3014 fuisse
835 2991 967 3014 vexata.
996 2981 1090 3015 Hinc

220 3021 286 3062 ipsa
311 3023 504 3069 Episcopum
517 3030 606 3062 suum
622 3053 632 3069 ,
660 3040 701 3063 ne
714 3032 816 3074 magis
839 3032 869 3064 se
890 3030 1092 3071 involveret,

218 3070 335 3126 detulit
348 3074 429 3115 apud
441 3077 552 3111 Sedem
567 3079 792 3122 Apostolicam
808 3106 814 3112 .
839 3081 951 3129 Qare
968 3082 1093 3115 accusa-

218 3121 348 3175 ¹{loi’Ost
361 3124 470 3160 datum
482 3127 499 3160 a
510 3128 650 3163 Zozimo
663 3141 721 3173 pro
734 3131 911 3165 Arelatensi
924 3132 1088 3175 Metropo

218 3169 242 3202 1ι
268 3167 425 3212 judicium
448 3177 572 3211 viderur
583 3179 756 3223 quievisse.
789 3182 881 3215 Hinc
902 3181 1008 3216 statim
1022 3182 1090 3224 post

215 3219 404 3254 defunctum
427 3223 596 3262 Zozimum
620 3230 681 3264 fuit
692 3232 850 3275 resumpta
870 3232 954 3275 apud
968 3233 1092 3266 Succes-

215 3269 320 3303 sorem
334 3270 541 3307 Bonifacium
552 3300 562 3315 ,
587 3279 619 3312 &
631 3279 671 3314 ab
685 3282 754 3324 ipso
770 3282 894 3316 remissa
907 3283 946 3316 ad
963 3283 1091 3326 plenam

217 3318 436 3355 Narbonensis
460 3322 638 3360 Provinciae
665 3330 832 3373 synodum
854 3345 861 3364 :
904 3332 958 3366 Ad
980 3332 1092 3367 Patro-

1903 119 1964 164 45

1157 191 1221 222 que
1243 180 1363 223 septem
1385 177 1635 215 provinciarum
1658 182 1836 231 Episcopos
1850 210 1860 220 .
1887 186 2039 225 Hilarius

1159 230 1213 264 hic
1235 229 1281 264 est
1303 228 1525 265 Narbonensis
1538 229 1683 265 Antistes
1702 256 1712 272 ,
1737 237 1933 280 poniturque
1952 236 2039 273 inter

1157 279 1400 317 provinciales:
1427 281 1532 330 Qiod
1542 280 1659 323 nempe
1666 280 1794 320 Zozimi
1807 286 1963 329 judicium
1977 288 2041 323 Bo-

1158 330 1297 365 nifacius
1309 330 1449 366 necdum
1461 330 1726 367 circumduxiffet
1739 356 1746 364 .
1773 334 1853 370 Haec
1873 338 2041 383 delegatio

1156 381 1238 416 faeta
1260 380 1305 416 est
1329 380 1386 417 sub
1403 382 1589 418 Consulatu
1610 379 1791 422 Monuni,
1815 385 2040 423 decimonono

1157 442 1246 466 anno
1267 430 1375 475 quinti
1400 432 1501 467 saculi
1522 445 1534 466 .-
1562 431 1811 468 Circumductio
1832 437 1973 480 contigit
1999 439 2042 473 ad

1157 482 1290 516 tertium
1301 480 1465 517 decimum
1492 482 1641 517 Honorii
1654 482 1898 525 Consulatum,
1924 488 2043 530 vigesi-

1158 544 1213 567 mo
1228 531 1371 566 secundo
1384 544 1475 567 anno
1489 533 1580 568 istius
1593 532 1697 568 saeculi
1707 558 1715 566 .

1207 581 1268 616 Ista
1280 582 1527 618 circumductio
1539 585 1638 618 etiam
1661 582 1777 626 spestat
1801 584 1841 618 ad
1857 587 2045 628 praesentem

1159 634 1340 666 materiam.
1366 632 1497 668 Zozimi
1511 645 1569 678 pro
1583 633 1761 669 Arelatensi
1775 634 1953 678 Metropoli
1968 637 2046 670 San-

1158 682 1223 714 etio
1245 682 1327 717 adeo
1339 681 1489 717 obtinuit
1509 695 1564 727 per
1575 695 1690 719 omnes
1712 684 1785 720 istas
1799 696 1898 720 novas
1909 685 2048 719 Provin-

1158 731 1244 770 cias,
1270 744 1306 766 ut
1331 732 1430 767 etiam
1454 734 1562 777 primae
1586 734 1806 769 Narbonensis
1828 736 2048 780 Metropolita

1160 780 1308 816 Hilarius
1331 794 1454 825 pareret
1469 806 1480 822 ‚
1505 795 1542 817 ac
1563 785 1594 817 se
1610 796 1732 827 gereret
1755 797 1790 820 ut
1806 786 2049 821 provincialem

1162 832 1360 874 Episcopum
1383 857 1390 864 .
1418 833 1512 869 Hinc
1535 834 1570 868 in
1595 833 1738 869 Maximi
1761 835 1931 870 Valentini
1955 838 2050 872 causa

1161 881 1308 915 scribitur
1334 894 1371 917 ac
1395 894 1582 919 numeratur
1606 884 1690 919 inter
1713 884 1955 920 Provinciales.
1981 887 2048 922 Ve-

1160 931 1229 964 riim
1252 932 1355 974 plures
1379 935 1641 971 recalcitrarunt'.
1673 935 1808 969 Etenim
1830 936 2050 977 Lutubenfis,

1159 982 1198 1013 ad
1225 983 1362 1022 primam
1391 983 1641 1019 Narbonensem
1671 986 1838 1029 spectantis
1858 1011 1869 1027 ,
1897 986 2051 1020 Ecclesiae

1161 1030 1276 1064 Clerus
1302 1030 1337 1063 δε
1359 1029 1504 1074 Populus
1518 1035 1600 1066 adeo
1611 1034 1672 1069 fuit
1684 1038 1846 1070 aversatus
1869 1037 1962 1072 istam
1974 1037 2052 1071 san-

1160 1080 1328 1120 ctionem,
1356 1079 1503 1123 adeoque
1526 1081 1633 1116 noluit
1648 1088 1727 1118 novi
1751 1087 1796 1121 sui
1812 1087 2052 1123 EleffiConse·

1161 1131 1342 1164 crationem
1364 1131 1381 1164 a
1404 1129 1558 1165 Patroclo
1584 1139 1691 1174 petere
1716 1141 1771 1164 aut
1795 1137 1986 1176 admittere,
2012 1146 2051 1172 uu

1162 1181 1202 1214 ad
1214 1180 1384 1214 Hilarium
1397 1181 1649 1215 Narbonensem
1673 1180 1871 1224 Episcopum
1895 1186 2053 1227 scripserit

1163 1231 1354 1267 Bonifacius
1375 1243 1382 1263 :
1410 1234 1486 1265 Ecce
1509 1230 1681 1272 Lutubenfis
1709 1231 1842 1273 Ecclefiae
1866 1234 1947 1265 Cleri
1973 1236 2055 1267 Ordo

1163 1283 1213 1317 vel
1234 1281 1334 1315 Plebis
1355 1289 1456 1323 preces
1470 1280 1545 1325 suas
1574 1284 1608 1316 ό*
1632 1280 1796 1321 lachrymas
1820 1284 1865 1315 ad
1883 1295 1935 1316 nos
1947 1295 2055 1328 magno

1163 1343 1228 1365 cum
1238 1333 1334 1367 dolore
1344 1330 1487 1375 miserunt
1499 1357 1510 1372 ‚
1534 1334 1665 1366 direntes
1681 1331 1914 1375 Co-Epifiopum
1928 1333 2056 1374 nostrum

1165 1384 1334 1418 Patroclum
1346 1405 1357 1421 ‚
1375 1381 1434 1427 sua
1441 1389 1587 1426 petitione
1598 1385 1720 1426 ceffante
1734 1408 1744 1423 ,
1771 1385 1906 1418 inlocum
1917 1385 2056 1418 deceden-

1164 1438 1204 1466 tis
1228 1432 1369 1476 Episcopi
1390 1432 1483 1478 nescio
1493 1445 1578 1477 quem
1590 1439 1623 1467 in
1639 1436 1704 1467 alia
1718 1437 1878 1467 Provincia
1895 1459 1903 1475 ,
1929 1444 2056 1477 praeter-

1163 1483 1241 1524 misso
1254 1484 1499 1526 metropolitano,
1523 1494 1627 1520 contra
1640 1488 1766 1518 Parrum
1782 1488 1909 1529 Regulas
1921 1483 2057 1528 ordinas·

1165 1534 1214 1564 se·
1244 1534 1396 1568 Affirmat
1422 1547 1460 1568 ac
1476 1535 1678 1570 demonstrat
1693 1536 1835 1570 Patrocli
1857 1538 1989 1571 Factum
2001 1535 2057 1570 ad·

1167 1579 1279 1613 versari
1291 1581 1436 1616 Nicaenis
1449 1583 1644 1617 canonibus
1669 1586 1703 1619 δε
1719 1586 1865 1627 antiquis
1888 1586 2056 1625 moribus,

1166 1638 1264 1669 atque
1288 1630 1483 1666 concludit.-
1509 1634 1613 1670 Unde,
1640 1635 1753 1665 Frater
1772 1633 1950 1673 chariffime,
1971 1633 1999 1674 fi
2009 1640 2055 1666 ita

1166 1687 1212 1709 res
1219 1673 1315 1717 sunt,
1342 1677 1543 1717 &Ecclefiam
1551 1679 1777 1720 supra-dream
1803 1685 1973 1715 Provincia·
1993 1692 2055 1716 tuae

1165 1726 1251 1759 limet
1263 1726 1386 1758 includit
1396 1750 1408 1767 ,
1433 1726 1529 1766 nostra
1539 1727 1722 1762 authoritate
1733 1736 1923 1762 commonitus
1937 1754 1947 1770 ,
1974 1735 2057 1773 quod

1165 1776 1285 1818 quidem
1295 1775 1400 1817 facere
1416 1774 1521 1819 sponte
1552 1777 1692 1817 deberet,
1717 1777 1866 1820 defiderils
1881 1774 2058 1823 supplican-

1166 1830 1240 1860 tium
1265 1826 1300 1860 Θ
1321 1827 1474 1861 voluntate
1496 1825 1650 1870 respecta,
1676 1829 1721 1860 ad
1734 1831 1863 1863 eundem
1882 1832 1971 1863 locum
1983 1857 1993 1872 ,
2020 1837 2054 1865 in

1166 1886 1221 1918 quo
1244 1876 1403 1911 ordinatio
1424 1878 1497 1911 talis
1507 1878 1651 1911 celebrata
1668 1878 1778 1911 dicitur
1791 1904 1802 1919 ,
1830 1882 2057 1923 Metropolitum

1158 1927 1230 1967 jure
1241 1931 1373 1959 munitus
1388 1949 1399 1966 ,
1425 1927 1715 1970 &preceptionibus
1728 1929 1832 1968 nostris
1845 1930 1951 1973 fretus
1974 1943 2054 1966 acce·

1166 1977 1221 2015 de,
1249 1976 1417 2020 intelligens
1436 1977 1562 2012 arbitrio
1573 1988 1643 2020 tuo,
1663 1977 1827 2022 secundum
1851 1980 1980 2025 Regulos
1992 1985 2053 2015 Pa·

1166 2033 1266 2068 trum,
1293 2036 1480 2071 quoecumque
1494 2028 1641 2070 facienda
1652 2029 1726 2075 sunt
1738 2054 1750 2070 ‚
1777 2033 1797 2063 a
1817 2031 1901 2064 nobis
1922 2032 1975 2076 effe
1988 2043 2055 2066 con-

1164 2077 1233 2118 cessa
1241 2101 1251 2117 ,
1278 2082 1323 2110 ita
1335 2086 1367 2111 ut
1374 2078 1504 2120 perachs
1515 2079 1649 2114 omnibus
1663 2105 1674 2120 ,
1687 2079 1852 2122 Apostolieae
1862 2083 1951 2124 sedi,
1964 2085 2054 2126 quid-

1164 2126 1240 2167 quid
1243 2125 1385 2166 statueris
1398 2152 1410 2167 ‚
1435 2137 1463 2162 te
1473 2128 1618 2169 referente
1631 2130 1772 2173 clarescat
1786 2156 1796 2171 ,
1820 2139 1867 2165 cui
1881 2139 1971 2167 totius
1979 2136 2052 2166 Pro-

1165 2180 1273 2209 vinciae
1285 2185 1346 2209 tuae
1358 2179 1584 2213 ordinationem
1595 2182 1690 2223 liquet
1703 2182 1755 2224 effe
1764 2185 1942 2217 mandatam
1954 2207 1961 2215 .
1991 2184 2052 2218 Af-

1165 2226 1271 2261 firmat
1280 2225 1412 2260 Zozimi
1423 2229 1763 2273 Sanctionemmtpote
1773 2232 1939 2266 adversam
1951 2224 2053 2276 Nice-

1165 2277 1215 2311 nis
1225 2275 1432 2318 Canonibus,
1443 2290 1611 2322 nunquam
1624 2281 1655 2314 su
1661 2279 1808 2322 bstitiffe‚
1818 2282 1955 2325 ideoque
1967 2284 2051 2318 Nar-

1163 2327 1343 2363 bonensem
1355 2326 1549 2363 Antistitem
1561 2330 1594 2364 &
1604 2332 1680 2372 effe,
1692 2332 1726 2365 δε
1739 2332 1863 2375 semper
1874 2333 1966 2366 fuisse
1978 2333 2051 2366 Me-

1162 2379 1352 2422 tropolitam
1362 2404 1371 2413 .
1400 2379 1443 2415 Et
1457 2378 1536 2415 hinc
1547 2381 1751 2416 manifestum
1767 2380 1812 2415 est
1826 2382 1975 2417 Gratiani
1988 2384 2052 2417 lm-

1162 2429 1315 2473 peratoris
1325 2431 1449 2475 Legem
1460 2454 1471 2471 ,
1498 2431 1532 2465 &
1553 2431 1594 2466 ab
1614 2432 1680 2476 ipsa
1691 2431 1924 2467 confirmatum
1937 2433 2048 2467 Cano-

1161 2489 1261 2517 nem‚
1286 2480 1342 2520 qui
1368 2481 1506 2522 primam
1528 2491 1642 2514 contra
1663 2482 1897 2524 Metropolitas
1916 2482 2049 2516 lustau-

1159 2529 1239 2563 tiam
1252 2552 1263 2568 ,
1289 2529 1424 2562 reservat
1435 2528 1510 2562 sedi
1523 2529 1721 2572 Apostolicae
1731 2555 1743 2571 ‚
1771 2540 1851 2564 tunc
1865 2532 2000 2577 viguisie
2011 2534 2047 2568 iu

1159 2578 1284 2613 Gallia.
1315 2578 1448 2612 Etenim
1461 2578 1662 2613 Lutubenses
1672 2580 1815 2624 agebant
1836 2583 1950 2617 contra
1960 2583 2048 2618 duos

1158 2627 1392 2672 Metropolitas
1415 2642 1426 2661 .·
1453 2629 1578 2663 Contra
1601 2629 1744 2664 Patrocli
1764 2655 1776 2671 ,
1801 2632 1901 2665 alieni
1922 2632 2046 2667 Metro-

1158 2679 1264 2722 politae
1277 2678 1445 2712 audaciam
1458 2702 1468 2718 ‚
1493 2679 1526 2712 ὅ(
1538 2690 1654 2714 contra
1670 2681 1907 2726 negligentiam
1921 2683 2045 2726 proprii

1159 2728 1380 2772 Metropolitae
1405 2728 1528 2762 Hilarii
1550 2754 1557 2761 .
1586 2730 1679 2764 Hinc
1701 2743 1770 2765 non
1795 2732 1836 2766 ad
1861 2732 2044 2767 Provinciae

1157 2780 1219 2813 suae.
1229 2778 1401 2822 Synodum
1425 2779 1666 2823 confugerunt,
1693 2781 1746 2816 sed
1770 2783 1810 2817 ad
1832 2783 2044 2817 Bonifacium

1157 2828 1353 2863 Pontificem
1365 2853 1372 2861 .
1400 2828 1665 2864 Narbonensium
1678 2832 1794 2867 civitas
1819 2833 1853 2866 ὅ(
1868 2833 1976 2878 Regio
1988 2844 2045 2876 pet

1157 2881 1322 2924 Magnum
1334 2878 1593 2915 Constantinum
1607 2882 1678 2915 sunt
1689 2883 1840 2916 omnium
1864 2883 1972 2926 primas
1990 2883 2045 2917 de-

1156 2932 1227 2964 cisae
1239 2928 1280 2963 ab
1292 2928 1470 2964 Arelatensi
1484 2941 1620 2974 corpore
1632 2955 1643 2971 ,
1669 2932 1702 2966 ὅ(
1715 2934 1827 2966 ενεέὶτε
1850 2933 1884 2965 in
1908 2932 2044 2976 singula-

1157 2991 1224 3014 rem
1237 2979 1454 3023 Metropolim
1480 2993 1517 3015 ac
1529 2980 1739 3021 Provinciam
1752 2995 1764 3014 :
1792 2982 1833 3016 Et
1845 2981 1987 3016 Civilem
2006 2982 2042 3016 δε

1158 3030 1430 3064 Ecclesiasticatn.
1459 3030 1551 3065 Hinc
1577 3032 1610 3065 ὅ(
1624 3031 1676 3065 illa
1689 3042 1801 3066 contra
1822 3030 1953 3066 Zozimi
1975 3033 2045 3066 De·

1156 3092 1278 3115 cretum
1291 3081 1393 3124 prima
1406 3081 1577 3115 intercessit
1589 3105 1600 3121 ‚
1628 3081 1731 3125 ipsum
1743 3082 1851 3126 arguit
1871 3083 2040 3122 novitatis,

1156 3143 1194 3165 ac
1206 3132 1322 3164 evicit.
1351 3130 1447 3164 Natae
1470 3130 1644 3174 postmodo
1656 3130 1836 3165 Provinciae
1861 3133 1933 3166 sunt
1957 3132 2044 3165 secu·

1157 3193 1194 3216 tae
1216 3182 1282 3225 ejus
1303 3180 1488 3224 exemplum
1500 3204 1512 3221 ‚
1535 3181 1570 3215 ἀ
1584 3182 1712 3216 causam
1727 3182 1871 3216 similiter
1888 3182 2039 3217 obtinue-

1157 3243 1232 3266 runt
1244 3257 1252 3264 .

1206 3281 1388 3317 Paschasius
1398 3282 1592 3330 Qesnellus
1606 3283 1708 3328 pergit
1722 3296 1728 3316 :
1756 3283 1914 3326 celestinus
1928 3286 2036 3326 Papa,

1156 3338 1206 3374 qui
1224 3333 1285 3375 post
1310 3331 1498 3374 Bonifatium
1515 3330 1594 3376 sedit
1607 3358 1618 3374 ,
1645 3336 1801 3368 Danielem
1821 3335 1978 3377 quemdam
1996 3335 2041 3366 ad

214 3368 302 3406 Clam
314 3395 325 3412 2
351 3371 541 3418 Remigium
553 3400 562 3416 ‚
575 3375 759 3415 Maximum
771 3405 782 3423 ,
798 3382 964 3417 Hilarium
979 3407 988 3423 ,
1000 3383 1094 3417 alios·
1150 3380 1237 3425 fimare
1265 3383 1411 3417 Tribunal
1431 3385 1553 3418 videtur
1574 3385 1720 3429 evocaffe3
1742 3383 1800 3429 sed
1819 3384 1964 3419 bominem
1982 3395 2038 3416 va·

1899 3445 1986 3477 gum,
