2326 3718
586 118 1025 177 Twmumzwr,
1062 119 1362 165 ememus
1396 112 1712 170 Emscopr.

246 228 249 231 ·
281 208 468 247 Redeamus
491 206 530 240 ad
542 207 707 251 praefatum
718 206 945 246 Reverendum
960 206 1088 240 Patrem
1102 216 1109 236 ε

230 259 367 301 Acceptis
381 259 471 298 porri
490 256 682 303 Theodorm,
704 260 742 291 (τ
757 259 884 291 aliorum
899 260 1029 296 litteris,
1057 267 1109 288 au-

232 311 354 349 ditaque
367 307 463 339 Hilari
485 309 636 346 Relatione
644 331 658 348 ,
680 308 759 350 quid
767 307 941 341 Theodoram
956 304 1110 350 ¹rescripse-

229 364 273 392 rit
292 357 417 390 sandius
438 361 498 390 Leo
520 364 690 402 ignoramus
701 371 716 400 ;
742 360 818 399 quid
839 366 930 402 egerit
953 382 963 397 ,
988 363 1111 400 inquiri·

229 418 297 441 mus
311 432 318 439 .
345 407 497 440 Intellexit
510 409 616 447 statim
627 406 771 449 Pontifex
787 409 848 450 post
860 409 1039 450 Ephesinum
1052 410 1112 442 La-

232 462 470 499 trociniumvapus
492 459 549 501 effe
577 458 723 495 Concilio,
748 470 834 501 eoque
845 461 1000 497 Gennalt,
1029 467 1061 490 ut
1073 469 1111 490 ex

229 509 466 547 eJusflitgeris⁴ea
473 509 512 541 de
521 519 555 541 re
566 510 611 541 ad
621 508 776 551 Augustum
791 508 914 551 scriptis
935 511 1045 541 clarum
1053 507 1109 545 est.

229 557 338 596 Veniam
355 566 414 600 pro
433 558 606 598 restituendo
627 558 803 592 Theodoreto
824 571 917 600 neque
939 562 1112 592 Provincia-

229 607 309 648 lem,
339 600 434 650 nequ?
455 609 630 641 Gener-alem
642 610 782 646 synodum
793 610 979 652 neceffariam
999 608 1050 652 effe
1061 608 1112 640 du-

227 663 298 690 xit:
319 659 479 703 Κ,ριιιοηίαἰηι
500 666 557 698 pro
576 657 697 700 depofito
720 659 874 692 habendus
883 660 934 698 ille
946 671 1002 693 non
1023 666 1088 692 erat
1102 681 1113 696 ,

228 711 263 740 in
273 718 361 749 quem
368 719 435 740 ‚non
445 708 609 741 Concilium
619 733 629 748 ‚
650 707 710 751 sed
719 712 918 743 Latrocinium
931 735 941 751 ,
969 720 1025 742 non
1039 712 1113 750 Epi-

223 752 330 800 scopus
340 781 352 797 ‚
373 756 433 800 sed
443 761 552 793 Praedo
562 759 710 800 improbus
723 759 905 801 depositionis
928 758 1112 803 sententiam

220 801 310 847 flare
328 816 449 840 conatus
462 807 587 849 fuerat.
618 810 708 853 ‚Quod
728 812 774 844 ιίᾶ
796 812 880 851 apud
890 821 988 844 omnes
1003 818 1114 843 certum

216 851 297 889 'erat
308 880 320 896 ‚
346 864 380 890 ut
391 860 542 901 quidquid
550 865 584 892 in
593 859 642 892 illo
652 857 814 902 miserando
825 859 938 903 Ephesi
955 864 1113 893 conventu

224 904 345 947 fac‘lum
369 916 437 940 erat
453 916 509 950 pro
520 909 630 950 infello
641 909 679 942 ab
691 910 824 943 omnibus
842 911 943 951 pafftm
954 909 1114 942 Catholicis

218 950 387 991 'baberetur
408 982 415 989 .
445 960 530 999 Unde
554 962 615 992 Leo
637 968 734 993 monet
758 960 1115 1004 Constantinopolitanos‚

228 1008 298 1038 neci
316 1007 470 1047 Sacerdote
475 1006 530 1051 sup
540 1031 551 1047 ,
571 1008 749 1051 quifimilem
759 1021 823 1043 cum
849 1009 1024 1043 Theodoreto
1035 1019 1116 1047 exce.-

224 1062 317 1097 perat
335 1056 521 1098 depositionis
539 1058 726 1101 sententiam
740 1081 750 1098 ,
777 1059 839 1091 ulla
860 1071 906 1092 eos
918 1059 1051 1100 formido
1072 1060 1114 1091 dt·

229 1104 326 1137 vellat
338 1127 347 1137 .
374 1109 433 1138 Hoc
450 1104 549 1148 ,ipsum
568 1108 651 1149 ,quod
669 1107 709 1140 ab
722 1112 903 1149 Imperatore
914 1107 1116 1150 Tbeodofiopo·

227 1150 330 1196 fiebat
343 1156 403 1187 Leo
413 1154 504 1194 noster
514 1179 526 1195 ,
551 1167 617 1190 cum
627 1157 750 1199 rogabat
763 1169 829 1191 eum
843 1183 853 1199 ,
880 1166 912 1192 ut
921 1164 1019 1197 omnia
1038 1165 1071 1192 in
1087 1171 1118 1192 eo

223 1201 308 1244 statu
328 1203 380 1246 effe
397 1203 520 1245 juberet
533 1229 546 1245 ‚
571 1212 604 1240 in
617 1207 810 1249 quosuerant
827 1216 900 1242 ante
914 1220 1000 1244 omne
1017 1212 1050 1253 J
1053 1210 1116 1242 udi·

233 1257 311 1287 cium
321 1276 334 1293 ‚
359 1254 447 1293 donec
455 1256 554 1296 major
564 1267 604 1295 ex
618 1265 676 1290 toto
687 1257 765 1291 Orbe
776 1260 967 1297 sacerdotum
979 1270 1116 1293 numerus

232 1311 454 1346 congregaretur
464 1329 474 1343 ξ.
499 1301 564 1338 ’σαὶ
570 1306 758 1348 postulationi
777 1314 888 1342 annuit
903 1317 960 1351 pro
970 1308 1118 1351 Theodofio

232 1354 434 1399 Martianus,
457 1364 525 1392 ,cum
547 1361 579 1388 in
603 1359 669 1397 ejus
690 1364 798 1391 mortui
806 1357 1048 1402 ,locumsuffi-aus
1060 1358 1117 1399 est:

232 1404 301 1446 ,Qui
312 1403 347 1436 &
358 1405 498 1445 maiorem
510 1417 616 1440 revera
626 1418 665 1441 ex
687 1416 747 1441 toto
763 1408 843 1442 Orbe
853 1407 1064 1451 Episcoporum
1074 1412 1094 1442 5
1092 1423 1118 1449 ι·

229 1453 343 1485 nodum
364 1461 553 1499 congregavit
564 1480 577 1498 ,
601 1458 636 1499 ᾧ·
654 1458 749 1497 eidem
753 1459 834 1506 juffit
844 1459 970 1503 interesse
989 1458 1119 1500 ‚Theodo-

231 1510 329 1537 r‘erum
340 1526 348 1535 .

286 1553 421 1595 Errores
447 1555 525 1593 varii
544 1582 554 1596 ,
590 1557 721 1597 Primus
744 1559 791 1594 est
815 1583 827 1600 ,
854 1558 943 1605 quod
972 1558 1120 1606 Magnus

230 1601 305 1638 Leo
325 1614 385 1647 pro
404 1605 605 1647 restituendo
618 1607 839 1644 Theodoreto
862 1608 969 1655 neque
985 1609 1122 1644 Provin-

231 1652 353 1688 cialem
374 1678 387 1694 ,
423 1657 530 1700 neque
552 1659 750 1693 Generalem
779 1660 952 1702 Synodum
990 1660 1121 1694 duxerit

232 1703 298 1737 esse
321 1703 555 1744 necessariam.
583 1708 688 1755 Qod
713 1704 837 1744 nullam
861 1711 993 1750 duxerit
1017 1712 1121 1745 neces-

231 1752 374 1793 sariam,
398 1756 434 1794 &
459 1768 524 1801 ego
549 1759 730 1801 profiteor:
760 1759 884 1800 Verum
903 1773 943 1795 ex
965 1761 1028 1795 alia
1040 1760 1122 1795 radi·

233 1812 291 1837 ce.
318 1803 397 1848 Ego
418 1807 509 1844 enim
524 1802 678 1850 profiteor
690 1810 834 1849 Romani
857 1811 1012 1855 Episcopi
1034 1822 1124 1855 poteo

233 1853 350 1888 statem
373 1877 386 1894 ,
412 1865 475 1897 qua
502 1858 703 1901 appellantes
722 1860 763 1894 ad
784 1862 815 1899 se
828 1860 1008 1906 Episcopos
1027 1861 1122 1905 poffit

232 1903 335 1937 etiam
357 1904 391 1937 in
418 1906 478 1939 suo
488 1905 699 1949 presbyterio
722 1910 898 1949 revestire,
924 1922 963 1943 ac
983 1911 1122 1944 exinte—

229 1961 296 1996 gro
316 1963 459 1996 reparare
481 1966 491 1996 ;
527 1964 561 1988 at
588 1956 667 1993 vero
694 1956 882 1992 Paschafius
925 1959 1123 2005 Qesnellus

231 2003 342 2036 censet
363 2002 620 2041 Theodoretum
643 2005 702 2039 tali
719 2007 952 2042 revestimento
975 2020 1043 2041 non
1068 2009 1124 2041 in·-

230 2050 374 2094 diguiss‘e
404 2073 416 2091 ,
455 2052 594 2096 ideoque
625 2063 687 2087 nec
707 2054 775 2096 ejus
812 2054 1068 2097 appellationem
1087 2054 1123 2088 in

232 2100 302 2134 ulla
323 2099 450 2134 Leonis
471 2102 611 2144 Synodo
632 2102 727 2142 fuisse
748 2104 898 2140 auditam
922 2114 980 2138 aut
1000 2104 1122 2138 admis-

232 2149 301 2184 sam
330 2174 338 2183 .
377 2149 435 2189 Est
457 2152 648 2186 manifestus
667 2165 755 2188 error
779 2178 787 2186 .
827 2154 964 2191 Etenim
985 2153 1124 2190 Hilarus

230 2197 469 2237 Romanorum
494 2201 782 2240 Archi-Diaconus
803 2203 920 2238 diserte
941 2203 1062 2247 scripsit
1082 2204 1124 2237 ad

229 2248 383 2283 Sanstam
403 2250 642 2293 imperatricem
663 2253 871 2287 Pulcheriam
893 2268 905 2287 .·
942 2253 1042 2292 Vestra
1075 2265 1125 2287 ve-

229 2299 369 2332 manda
389 2300 558 2335 Clementia
577 2301 727 2345 cognoscat
748 2306 768 2335 ἃ
790 2305 1038 2342 Reverendtffimo
1064 2307 1125 2336 Pa-

230 2355 277 2390 pa
298 2351 395 2381 Leone
415 2359 482 2386 cum
500 2357 579 2385 omni
604 2354 787 2387 occidentali
815 2355 946 2388 Concilio
970 2353 1126 2395 reprobari

232 2403 336 2431 omnia
358 2421 370 2438 ,
407 2409 476 2440 quae
502 2404 537 2436 ‚in
562 2400 683 2443 Epheso
699 2411 804 2438 contra
827 2407 964 2436 ,canones
990 2413 1046 2443 per
1079 2413 1125 2436 tu-

229 2448 351 2482 multus
388 2448 423 2487 (75
446 2449 515 2481 odia
533 2447 694 2491 saecularia
715 2453 736 2487 ἃ
759 2451 893 2495 Dioscoro
915 2451 1059 2495 Epifiwpo
1075 2464 1125 2497 ge·

231 2498 281 2539 sta
301 2496 374 2541 sunt
392 2522 404 2538 ‚
440 2500 477 2536 Φ·
502 2499 585 2533 nulla
614 2507 730 2536 ratione
752 2500 816 2535 haec
848 2509 882 2536 in
915 2502 964 2535 bis
983 2503 1125 2543 partibus

235 2548 312 2591 posse
337 2545 449 2590 suscipe·
475 2573 484 2580 .
525 2549 657 2586 Diserte
695 2552 834 2586 affirmat
864 2552 1124 2590 Latrocinalium

236 2598 400 2632 Asterum
433 2597 660 2642 Apostolicam
687 2601 952 2646 reprobationem
981 2603 1044 2637 effe
1070 2603 1124 2637 de-

235 2658 362 2683 cretam
383 2649 419 2686 in
441 2649 637 2684 Occidentis
660 2651 818 2688 Concilio
845 2677 853 2685 .
891 2653 960 2688 Uti
993 2654 1124 2690 Domni

234 2698 487 2733 damnationem
523 2700 595 2734 Leo
633 2702 845 2744 Synodaliter
883 2703 1092 2737 confirmavit
1111 2727 1123 2744 ,

238 2749 288 2784 ita
318 2749 460 2785 aliorum
492 2748 731 2794 Episcoporum
752 2753 1000 2790 damnationem
1022 2754 1123 2787 exsuf-

239 2798 332 2833 flavit
349 2822 360 2838 ,
389 2810 447 2833 aut
458 2799 582 2847 *potius
605 2801 771 2844 suspendit
788 2828 796 2840 ,
834 2803 929 2847 Juxta
960 2803 1126 2837 Sardicen·

236 2849 290 2882 ses
307 2848 464 2886 Canones
483 2874 490 2881 .
528 2850 573 2884 Et
601 2849 698 2895 hujus
720 2853 768 2886 sui
800 2847 976 2896 synodalis
1005 2853 1125 2897 Judicii

240 2898 473 2936 executionem
489 2899 667 2942 postulavit
685 2902 727 2936 ab
747 2903 947 2946 Imperatore
965 2903 1125 2943 Theodo-

239 2946 311 2987 fio,
337 2947 391 2981 sed
413 2947 582 2991 impetrare
606 2963 674 2985 non
697 2954 824 2996 potnit.

290 2995 385 3031 Hinc
407 2998 565 3035 secundus
583 3012 671 3036 error
691 3003 737 3039 est
761 3028 773 3044 ‚
808 3003 898 3047 quod
931 3002 1126 3040 Theodore-

243 3055 296 3082 tus
332 3047 367 3081 &
399 3047 459 3082 alii
493 3047 535 3082 ab
567 3049 731 3094 prefino
755 3053 951 3088 Latrocinio
979 3055 1127 3092 damnati

241 3095 400 3140 Episcopi
432 3097 534 3137 essent
562 3099 643 3135 citra
667 3114 768 3137 omne
797 3104 957 3138 Romanae
979 3105 1128 3139 Ecclesiae

242 3145 406 3192 judicium
427 3145 571 3187 habendi
597 3160 656 3196 pro
677 3153 747 3186 no'n
766 3152 931 3189 damnatis
949 3179 956 3187 .
993 3155 1127 3192 Etenim

245 3196 347 3242 longe
371 3196 459 3231 aliud
487 3199 522 3233 in
558 3199 663 3243 prima
685 3203 771 3246 apud
794 3204 960 3248 Ephesum
990 3206 1128 3249 Synodo

244 3248 374 3282 censuit
396 3248 532 3282 Sanstus
554 3247 728 3298 Cyrillus'.
766 3252 852 3289 Eum
874 3256 1057 3293 facinorosa
1076 3256 1128 3299 Jo-

240 3298 342 3335 nnnis
375 3297 583 3334 Antiocheni
615 3299 809 3339 Patriarchae
825 3304 938 3341 Fastio
968 3306 1128 3352 degrada-

1894 141 1983 186 355

1179 211 1269 236 verat
1292 226 1301 235 .
1335 202 1379 236 Et
1407 212 1487 237 ‚cum
1517 204 1590 248 ipso
1622 208 1844 244 Memnonem
1866 209 2054 247 Exarchum

1155 287 1157 290 ,
1180 251 1392 297 Ephesiorum
1415 277 1423 286 .
1459 253 1537 289 Erat
1562 258 1730 292 manifeste
1747 269 1908 294 attentata
1930 262 2057 296 senten-

1179 305 1223 337 tia
1248 327 1256 336 .
1296 303 1429 338 Etenim
1454 303 1607 347 ⁴Cyrillus
1635 318 1705 342 erat
1732 320 1805 346 non
1843 310 2055 347 ,solummodo

1178 353 1324 388 secunda:
1347 354 1437 388 Sedis
1459 353 1639 397 Episcopus
1660 379 1671 395 ,
1708 357 1742 392 in
1762 370 1863 402 quem
1881 361 1978 398 ,tertia
1997 362 2056 399 ,Se-

1177 402 1232 438 des
1254 402 1338 436 nihil
1357 404 1499 442 omnino*
1512 415 1637 448 poterat
1650 429 1660 444 ‚
1689 406 1742 439 sed
1761 409 1891 457 insuper
1908 422 1974 445 erat
1994 412 2056 455 pxi-

1179 465 1238 488 mar¹
1260 452 1350 488 Sedis
1368 454 1534 499 Legatus,
1561 466 1599 489 ac
1621 454 1738 489 Praeses
1749 457 1894 498 Synodi,
1922 462 1967 498 Et
1977 459 2056 499 hinc

1179 503 1323 538 Aeacius
1355 504 1572 539 Melitinensis
1593 501 1773 549 Episcopus
1789 529 1802 546 ,
1831 508 1975 549 ¹secundae
1996 511 2057 550 Ar-

1178 555 1292 588 meniae
1311 554 1509 588 doetiffimus
1523 555 1761 599 Metropolita,
1787 558 1913 591 censuit
1935 561 2059 598 senten-

1179 605 1258 638 tiam
1281 604 1372 639 illam
1395 607 1457 639 effe
1482 616 1553 640 non
1575 606 1768 650 Episcopale
1785 606 1976 654 Judicium,
2004 611 2059 646 sed

1180 653 1295 688 hostile
1326 654 1512 695 convitium
1543 679 1555 695 ,
1592 655 1736 701 ideoque
1772 657 1987 699 spernendum
2019 660 2059 694 ab

1157 715 1159 718 ’
1178 704 1331 739 omnibus
1354 729 1365 745 ,
1385 716 1428 742 ,ac
1444 705 1688 746 „exsufflandum
1701 732 1709 739 .
1749 705 1903 750 ,Ejusiiem
1931 709 2061 752 opinio-

1181 755 1229 787 nis
1255 754 1317 792 fuit
1354 765 1423 790 tota
1443 755 1602 797 Synodus
1627 781 1635 789 .
1671 757 1807 796 Etenim
1842 769 1958 792 omnes
1993 759 2062 803 ejus

1181 803 1333 847 Episcopi
1357 805 1514 845 inflictam
1547 805 1606 840 sibi
1627 806 1670 841 ab
1697 807 1814 845 cadem
1835 808 1992 847 Fassione
2011 820 2064 843 ex·

1179 854 1515 894 communicationem
1532 858 1723 896 constanter
1745 858 1933 900 spreverunt
1956 872 1964 892 ε
1991 859 2065 893 Per-

1158 926 1159 929 =
1181 915 1333 938 rexerunt
1358 905 1393 939 ἀ
1411 905 1471 943 sibi
1494 907 1616 945 mutuo
1639 932 1651 949 ,
1672 908 1710 944 ,ἀ
1731 908 1848 946 ,83ηὲὶο
1871 908 2002 951 Cyrillo
2026 910 2064 947 in

1158 972 1160 974 -
1180 954 1333 988 omnibus
1355 955 1491 995 Divinis
1515 957 1612 1002 atque
1629 957 1785 997 humanis
1800 959 2064 993 communicare.

1181 1003 1228 1037 lta
1264 1004 1352 1039 lucet
1385 1017 1427 1045 ex
1463 1008 1586 1051 praefati
1606 1007 1745 1052 'Ioannis
1773 1006 1889 1042 litteris
1914 1008 1956 1043 ad
1988 1008 2066 1043 istos

1184 1052 1362 1098 Episcopus
1382 1080 1390 1087 .
1430 1053 1480 1093 ,At
1502 1057 1581 1096 vero
1599 1052 1738 1098 Sanetus
1757 1057 1907 1102 Cyrinus
1939 1068 1999 1093 nec
2023 1058 2067 1097 ad

1182 1102 1310 1146 Synodi
1328 1103 1569 1149 Praesidentiarn
1589 1130 1603 1152 ,
1637 1119 1700 1148 nec
1719 1108 1763 1147 ad
1785 1109 1941 1152 Episcopi
1963 1109 2068 1142 Mini-

1183 1152 1313 1192 sterium
1339 1156 1532 1194 resumenda
1562 1157 1677 1197 induci
1703 1159 1815 1205 potuit
1837 1182 1849 1197 ‚
1887 1159 1946 1192 nist
1973 1159 2068 1192 causa

1183 1205 1350 1238 retraetata
1375 1215 1415 1238 ac
1436 1204 1582 1249 judicata
1600 1216 1658 1251 per
1681 1219 1787 1245 novos
1814 1208 1955 1254 Legatos
1982 1207 2069 1243 Pon-

1184 1252 1281 1287 tificis
1302 1252 1490 1290 Caelestini.
1514 1253 1580 1292 ista
1598 1254 1718 1289 omnia
1733 1252 1973 1295 'Theodoretus
1985 1257 2071 1292 vide

1185 1311 1234 1337 rat
1256 1316 1268 1337 .·
1307 1300 1441 1346 Utpote*
1469 1300 1668 1341 Patriarchae
1691 1303 1831 1351 Joannis
1857 1316 1926 1339 non
1949 1307 2074 1344 solum-

1186 1351 1289 1387 modo
1307 1352 1441 1397 adjutor
1459 1353 1503 1390 ad
1526 1352 1602 1389 istas
1618 1351 1730 1393 turbas
1745 1377 1757 1393 ,
1781 1350 1836 1386 sed
1853 1352 2072 1397 &iacentem

1162 1418 1165 1421 ⁴
1185 1403 1220 1437 &
1242 1403 1377 1441 forsitan
1403 1403 1526 1450 primus
1544 1401 1666 1443 author
1685 1429 1695 1438 .
1720 1402 1817 1441 Hinc
1837 1403 2015 1446 postmodo
2036 1407 2072 1439 in

1186 1451 1324 1487 eandem
1338 1478 1349 1495 ‚
1376 1454 1411 1487 in
1430 1464 1530 1497 ,quam
1549 1455 1705 1488 Sanctum
1728 1452 1897 1497 Cyrillum
1915 1454 2074 1498 iniquissi-

1188 1502 1239 1536 me
1265 1503 1452 1548 conjecerat
1478 1528 1491 1545 ,
1515 1504 1643 1548 injuriae
1667 1505 1701 1539 &
1720 1503 1917 1541 calamitatis
1942 1505 2074 1539 foveam

1186 1552 1383 1589 aDioscoro
1403 1554 1571 1598 conjectus
1592 1555 1731 1600 agnovit
1745 1554 1879 1588 nullum
1901 1554 1965 1589 effe
1974 1566 2077 1589 emer-

1188 1602 1287 1648 gendi
1320 1604 1485 1640 auxilium
1511 1629 1523 1646 ,
1559 1605 1620 1639 nifi
1659 1604 1701 1639 ab
1729 1604 1871 1640 Ecclesia
1898 1604 2074 1639 Romana.

1191 1654 1336 1688 Noverat
1367 1655 1529 1690 vetustam
1561 1655 1666 1690 totius
1706 1654 1854 1689 Eccleliae
1887 1655 2076 1698 Regulam,

1188 1715 1258 1747 qua».
1283 1704 1385 1739 sancit
1416 1704 1528 1749 iniqua
1557 1706 1657 1746 etiarn
1686 1703 1892 1743 anathemata
1921 1705 1984 1739 effe
2002 1715 2078 1754 *mee

1189 1754 1310 1791 tuenda
1337 1766 1376 1788 ac
1397 1755 1581 1794 veneranda
1600 1780 1610 1793 ,.
1639 1755 1683 1794 Et
1707 1756 1774 1802 ipse
1798 1754 1976 1805 singulares
1997 1765 2081 1789 cau-

1193 1805 1240 1843 sas
1260 1803 1481 1841 habuitisiius
1508 1804 1654 1841 timoris.
1683 1804 1818 1844 Etenim
1845 1816 1975 1849 propter
1995 1803 2078 1840 mul·

1190 1864 1257 1888 tam
1280 1855 1315 1889 in
1338 1855 1444 1893 Sancti
1469 1856 1590 1899 Cyrilli
1612 1856 1767 1901 Capitula
1782 1856 2002 1904 petulantiam
2021 1854 2080 1889 hae-

1190 1904 1279 1937 rebat
1311 1902 1344 1937 in
1368 1904 1486 1939 eodem
1516 1906 1590 1943 luto
1613 1917 1688 1942 cum
1715 1907 1775 1941 suo
1802 1905 1990 1943 Patriarch²
2011 1906 2082 1939 Do·

1191 1963 1272 1985 mno
1293 1975 1301 1983 .
1340 1952 1448 1986 Immo
1475 1954 1510 1988 in
1537 1955 1670 1992 foediori
1696 1978 1706 1990 μ
1741 1956 1915 2001 Qoniam
1945 1953 2080 1992 Author

1191 2003 1295 2034 fuerat
1320 2002 1428 2034 omnis
1447 2001 1540 2036 istius
1567 2003 1781 2046 petulantiae‘,
1809 2003 1906 2041 Hinc
1931 2015 2001 2039 non
2028 2015 2084 2038 va-

1192 2048 1233 2082 ne
1259 2048 1423 2082 metuebat
1449 2073 1460 2089 ,
1498 2061 1538 2084 ne
1565 2052 1598 2089 ἀ
1622 2052 1678 2086 sua
1705 2053 1878 2089 damnatio
1904 2054 1924 2089 ,ὲ
1952 2055 2084 2098 Magno

1192 2098 1304 2132 Leone
1315 2098 1564 2133 confirmaretur
1575 2124 1582 2132 .
1610 2101 1692 2134 Sane
1713 2101 1819 2135 solum
1831 2101 1960 2136 Domni
1973 2113 2083 2136 exem·

1193 2149 1283 2192 plum
1317 2148 1446 2183 abunde
1466 2150 1590 2183 evincit
1618 2150 1829 2186 Latrocinale
1850 2153 2006 2186 Dioscori
2030 2153 2084 2196 Ju-

1191 2198 1317 2232 dicium
1343 2210 1412 2232 non
1441 2200 1581 2247 potuisse
1616 2202 1721 2248 sperni
1749 2201 1816 2235 sine
1842 2202 1999 2237 Romana
2027 2214 2082 2238 au·

1192 2247 1367 2286 thoritate,
2075 2281 2077 2283 ,

1243 2298 1382 2332 Tertius
1392 2310 1481 2334 ,error
1499 2299 1544 2333 est
1559 2324 1570 2340 ,
1598 2301 1688 2344 quod
1711 2303 1793 2337 istud
1807 2304 2017 2338 Latrocinale
2029 2305 2084 2348 Ju-

1191 2346 1317 2381 dicium
1354 2347 1395 2382 ab
1419 2349 1577 2387 omnibus
1599 2351 1710 2393 passim
1740 2352 1924 2386 Catholicis
1952 2354 2083 2388 habere·

1191 2407 1244 2432 tur
1270 2409 1329 2441 pro
1360 2399 1482 2433 infesto
1504 2424 1512 2436 ‚
1542 2400 1673 2434 Etenim
1711 2402 1891 2445 Imperator
1919 2402 2083 2438 Theodo-

1191 2448 1252 2481 fius
1281 2448 1388 2490 ipsum
1422 2460 1481 2492 pro
1519 2447 1642 2483 infesto
1674 2450 1756 2484 adeo
1781 2464 1848 2486 non
1873 2452 1988 2486 habuit
2007 2476 2019 2492 ,
2045 2465 2083 2489 ut

1192 2497 1256 2532 suis
1283 2497 1410 2540 legibus
1440 2498 1709 2540 confirmaverit,
1736 2501 1769 2534 &
1789 2502 1909 2544 jusserit
1933 2502 2081 2537 [3ηᾶἱῶ-

1191 2546 1242 2580 me
1267 2546 1506 2586 observandum
1527 2573 1535 2583 .
1565 2549 1834 2592 Antiochenam,
1863 2551 2080 2594 Edeffenam,

1192 2596 1398 2635 Parrhensem
1425 2623 1436 2639 ‚
1471 2610 1510 2633 ac
1536 2598 1779 2643 Dorylaeensem
1814 2601 1973 2636 Ecclesias
2005 2604 2079 2645 quis

1190 2647 1319 2681 dubitet
1340 2648 1435 2685 fuisse
1454 2647 1647 2684 Catholicas
1669 2652 1681 2684 ?
1710 2651 1753 2688 Et
1783 2661 1893 2689 tamen
1929 2664 1986 2696 pro
2013 2653 2077 2687 suis

1191 2698 1274 2741 apud
1300 2697 1465 2741 Ephesum
1484 2698 1669 2744 degradatis
1692 2701 1862 2745 Episcopis
1884 2703 1968 2736 alios
1992 2703 2079 2737 ordi·

1191 2757 1309 2783 narunt
1335 2772 1343 2780 .
1369 2747 1583 2784 Antiochena
1609 2761 1668 2794 pto
1695 2751 1836 2788 Domno
1863 2748 2075 2793 Maximum,

1192 2798 1350 2833 Edessena
1373 2810 1431 2842 pro
1451 2799 1508 2836 Iba
1531 2799 1717 2842 Nonnum,
1744 2802 1930 2838 Partheniis
1955 2815 2013 2847 pro
2025 2805 2077 2838 Sa·

1191 2847 1326 2884 biniano
1346 2847 1560 2888 Athanasium
1581 2875 1589 2883 .
1618 2852 1719 2887 Fama
1741 2853 1894 2891 volabat,
1920 2854 2007 2895 quod
2029 2864 2078 2887 et·

1191 2900 1254 2933 iam
1292 2898 1511 2946 Dorylaeensis
1537 2900 1803 2945 superordinasset
1822 2928 1831 2939 ,
1872 2904 1915 2936 Et
1942 2902 2076 2946 quidem

1192 2949 1338 2983 Nonnus
1357 2962 1395 2984 ac
1419 2949 1617 2987 Athanasius
1635 2953 1736 2995 usque
1758 2953 1800 2987 ad
1825 2949 2077 2989 Chalcedonem

1192 3000 1257 3033 sem
1278 3000 1450 3042 Synodum
1473 3000 1608 3047 pacifice
1629 3000 1774 3040 sederunt
1797 3028 1805 3039 ,
1833 3003 1938 3050 Qod
1961 3003 2095 3048 nempe-

1192 3049 1263 3084 lbas
1287 3050 1530 3087 &Sabinianus
1551 3063 1618 3086 non
1642 3052 1845 3090 invocassent
1857 3053 1973 3090 Sedent
1985 3054 2077 3097 Apo-

1192 3100 1341 3134 stolicam
1364 3124 1372 3132 .
1409 3099 1454 3136 Et
1475 3101 1621 3139 Nonnus
1646 3102 1666 3138 a
1687 3100 1948 3142 Chalcedonensi
1973 3104 2077 3145 Syno-

1193 3150 1237 3184 do
1258 3161 1326 3185 non
1339 3149 1402 3184 fuit
1413 3152 1567 3188 tractatus
1579 3152 1627 3188 uti
1642 3152 1804 3190 intrusus,
1832 3153 1966 3191 Etenim
1980 3153 2075 3187 Edes-

1193 3200 1265 3234 sena
1290 3200 1457 3241 Ecclesia,
1485 3213 1523 3236 ac
1545 3202 1581 3239 in
1605 3202 1706 3246 ipsam
1729 3203 1892 3242 restitutus
1910 3203 1982 3237 lbas
2004 3203 2074 3236 fue-

1193 3262 1267 3285 runt
1292 3249 1433 3295 obligati
1449 3250 1491 3285 ad
1501 3251 1532 3288 ei
1553 3253 1743 3296 praestandas
1764 3254 1942 3299 pensiones.
1967 3250 2073 3297 Qod

1195 3299 1307 3346 nempe
1328 3324 1340 3342 ,
1365 3300 1422 3336 lba
1444 3312 1514 3337 non
1534 3302 1720 3347 appellante
1735 3327 1748 3346 ,
1777 3304 1845 3349 ejus
1864 3301 2070 3339 consecratio

1950 3361 2021 3388 non
