2326 3718
370 142 439 191 46¹

762 128 883 173 .D1=.
920 126 1300 174 GAtmciiNAE
1331 125 1646 175 Ecctzstm

298 223 373 255 gum
394 237 405 253 ,
427 217 480 255 qui
488 211 526 244 ab
546 207 770 250 orientalibus,
795 206 881 251 apud
904 222 978 253 quos
987 211 1087 243 multa
1106 209 1190 252 flagi·
1229 207 1413 254 ‘Gallicanos
1426 211 1585 256 Episcopor
1607 213 1768 246 credendus
1793 213 1832 254 eft
1863 214 2025 256 eglestmm
2039 239 2046 247 ,
2074 215 2130 250 Et.

301 268 345 295 τίη
354 268 548 304 perpetrarat
564 282 576 299 ,
600 255 752 302 accusatus
771 262 859 302 apud
879 264 1044 293 Romanum
1068 259 1189 301 Pontifi-

301 308 362 345 cem
380 318 459 353 eique
482 307 707 356 quaffitraditus
727 334 737 348 ,
763 313 847 352 apud
856 311 976 343 Gallias
989 311 1041 343 diu
1052 309 1189 352 quaefitus

299 362 339 403 ost
352 363 396 393 ad
398 359 567 400 judicium
593 359 654 392 sed
666 360 739 392 talis
750 359 837 403 causa
852 370 941 393 extra
953 362 1119 402 exemplum
1129 359 1167 399 est
1179 384 1189 399 ‚

299 421 349 444 nec
363 411 419 449 jus
431 411 521 443 ullum
538 407 630 453 fimile
636 407 689 449 fibi
703 410 864 453 atmbmffe
879 415 910 443 tn
931 411 1099 443 Galltcanos
1114 412 1189 451 Epi-

293 458 392 503 stopos
415 458 575 492 credenda}
598 458 636 499 est
661 460 822 501 celestinus
841 484 851 499 ,
876 466 968 502 quiin
980 460 1039 503 fine
1059 455 1188 502 ejusdem

296 508 421 551 opssolae
443 510 487 542 ad
497 507 659 552 Episcopus
677 513 847 543 Provincia·
864 509 1033 549 Viennenfis
1059 512 1093 543 o·
1106 513 1186 540 Nar·

295 557 422 605 bonensis
443 558 563 603 causam
588 559 765 600 Mafflliensis
788 559 928 602 Episcopi
942 563 1112 592 Provincia·
1121 556 1186 599 suae

293 610 421 654 &Hegio
432 611 612 644 audiendam
618 618 676 651 pro
685 607 895 652 consuetudine
909 620 943 642 ac
944 611 1015 650 jure
1028 609 1158 640 dimittit
1176 633 1184 641 .

294 659 480 695 Audiamus
515 659 712 695 Pontificem
738 684 744 691 .
786 660 949 705 Qaeritur
982 657 1140 702 indignos
1167 658 1185 692 a

292 711 468 746 Gallicana
482 709 621 745 Ecclesia
634 708 728 743 evehi
740 709 780 742 ad
794 709 1030 752 Episcopatum
1048 732 1059 748 ,
1085 709 1118 744 ὃς
1129 707 1184 742 de-

293 762 453 796 monstrat
471 760 624 803 exemplo
638 772 648 792 z
676 760 792 793 Dante}
813 767 907 802 nuper
921 759 1003 801 missa
1014 760 1058 790 ad
1067 770 1120 791 nos
1140 770 1184 792 re-

291 814 402 847 latione
422 823 460 844 εκ
483 809 688 844 orientalibus
713 811 757 842 ad
780 821 830 842 nos
838 809 979 852 partibus
992 832 1002 848 ‚
1030 807 1157 841 abvmnl
1172 833 1183 848 ,

292 863 369 904 quod
393 870 529 894 tenuerat
543 885 554 901 ,
581 864 736 903 Virginum
760 860 931 900 Monasterio
948 858 986 899 est
996 857 1123 898 nefartis
1138 859 1182 890 ob-

285 911 466 954 jectum-bus
489 908 640 953 accusatus
665 935 671 942 .
706 906 804 942 Multa
825 911 845 941 ἃ
869 910 970 942 multis
993 909 1107 950 objecta
1129 909 1181 948 fla-

286 967 385 1006 gitia.
412 966 450 995 In
471 972 605 1003 quanam
624 961 733 994 lateret
760 969 909 992 terrarum
927 968 1016 1001 parte
1042 957 1178 1000 quaefitus

290 1011 350 1054 est,
377 1021 411 1045 ut
419 1010 699 1054 ssinnocentiaesuae
727 1010 904 1052 confideret,
931 1018 1032 1041 contra
1048 1007 1182 1050 seposta-

290 1063 387 1095 latum
401 1063 552 1104 judicium
572 1060 696 1093 mlm'mo‘
709 1059 893 1091 declinaret.
923 1058 1009 1099 Missa
1021 1060 1065 1089 ad
1081 1060 1181 1091 Arela-

289 1110 401 1154 tensem
412 1111 589 1154 Epist-opum
595 1118 653 1151 per
667 1112 869 1140 Fortunarum
883 1108 1121 1141 Sub-Diaconum
1134 1120 1181 1141 no·

287 1159 379 1195 Brum
394 1185 405 1202 ,
429 1170 463 1195 ut
475 1163 519 1194 ad
521 1159 683 1202 Judicium
695 1156 872 1200 Episcopale
884 1158 1077 1197 destinaretur
1089 1183 1100 1198 ,
1122 1164 1177 1201 epi-

283 1211 356 1252 stola
374 1214 471 1243 tantis
487 1215 641 1252 gravatus
664 1206 843 1246 Testimonit‘s
867 1232 876 1248 ,
905 1218 994 1241 tanta
1006 1208 1178 1250 facinorum

287 1257 470 1302 accusatione
489 1255 654 1300 pulsatus,
680 1260 855 1298 sacrarum,
881 1268 914 1291 ut
924 1260 1054 1299 dicitur,
1082 1264 1179 1302 Virgi-

286 1321 359 1343 num
364 1309 496 1351 pollutus
511 1308 627 1348 incaestu
641 1334 651 1350 ‚
677 1307 840 1352 Episcopus
851 1307 985 1351 asseritur
998 1310 1159 1341 ordinatus
1169 1333 1176 1340 .

285 1363 324 1394 ln
337 1362 458 1393 5criniir
475 1358 583 1392 Libellt
592 1365 777 1392 continentur
788 1383 799 1398 ,
825 1370 947 1401 quorum
961 1361 1006 1391 ad
1015 1370 1067 1392 vos
1083 1370 1177 1392 exem·

280 1412 387 1453 plana
408 1411 573 1442 direximus
589 1435 596 1442 .
618 1413 655 1443 In
679 1408 825 1451 Pontificii
849 1411 1028 1453 dignitatem
1042 1409 1093 1441 hoc
1106 1417 1174 1442 tem-

284 1472 356 1504 pore
383 1471 438 1503 quo
461 1461 504 1492 ad
523 1458 642 1502 causam
663 1461 821 1493 dicendam
841 1461 925 1500 mlffls
938 1461 958 1491 ἃ
970 1458 1053 1492 nobis
1065 1461 1175 1492 litteris

284 1510 472 1550 vocabatur,
498 1508 633 1552 obrepfit.
660 1512 744 1544 sacro
757 1515 869 1543 nomini
882 1509 954 1548 absst
965 1512 1102 1550 injurta.
1131 1509 1174 1543 Et

283 1561 392 1595 infra:
420 1562 553 1600 Daniel,
578 1567 628 1603 qui
654 1559 867 1603 accusationem
888 1560 1057 1601 Pontificali
1065 1559 1171 1591 bonore

279 1609 486 1654 subterfugere
491 1608 526 1651 se
533 1612 746 1651 poffecredtdit
758 1633 769 1647 ‚
795 1608 1039 1648 &adfulsigr‘um
1050 1614 1171 1638 tantum

282 1658 458 1701 accusatores
479 1655 546 1700 suos
569 1658 692 1690 latendo
706 1661 870 1698 pervenit,
894 1656 1104 1688 asanffltam
1122 1665 1171 1686 ve·

276 1708 349 1751 flrae
369 1717 444 1740 eoetu
465 1712 587 1738 interim
604 1704 638 1746 se
651 1710 768 1736 noverit
773 1702 958 1744 segregatum
972 1722 982 1738 ,
1008 1707 1059 1742 qui
1069 1701 1102 1744 fi·
1122 1714 1169 1734 no—

277 1758 340 1801 stro
353 1757 479 1801 Judtcro
502 1754 586 1787 debet
597 1753 719 1794 objicere
732 1775 743 1791 ,
762 1750 793 1792 fi
813 1749 1064 1794 confitentia-sua*
1086 1758 1171 1784 novit

285 1805 491 1849 confidentiam
497 1802 530 1846 se
554 1813 652 1838 tenere
663 1829 671 1837 .

294 1872 308 1886 t*
319 1882 325 1888 .
335 1856 458 1891 Daniel
469 1852 548 1900 ergo
558 1865 624 1889 erat
637 1852 810 1898 Presbyter
821 1854 1001 1889 Orientalis
1018 1854 1169 1888 Ecclesiae.

283 1907 389 1950 Cujus
423 1905 579 1939 Dioecefis
601 1928 613 1944 ,
647 1903 828 1938 Provinciae
850 1929 860 1945 ,
898 1915 955 1939 aut
985 1902 1148 1939 Parochiae
1162 1929 1172 1944 ,

283 1959 475 2003 ignoratur.
507 1955 582 1989 Erat
596 1954 761 1989 Praefeeius
773 1952 1094 1989 sanctimonialium:
1127 1955 1171 1989 Et

286 2005 493 2052 quarundam
516 2006 693 2049 stuprator.
725 2006 817 2040 Hinc
842 2005 890 2039 sui
915 2006 1066 2048 Episcopi
1081 2005 1172 2049 Judi·

284 2057 507 2093 ciumtimens
518 2056 604 2100 fugit
616 2057 650 2089 in
666 2055 912 2090 Narbonensem
927 2055 1077 2089 Galliam
1091 2080 1098 2087 .
1128 2057 1171 2089 Et

283 2109 358 2143 istic
381 2108 528 2142 innotuit
541 2108 604 2141 suis
615 2106 851 2141 accusatoribus
867 2132 874 2139 .
902 2107 996 2140 Hinc
1021 2106 1172 2150 iliiflagi-

284 2159 409 2193 tiorum
435 2158 605 2193 hominem
635 2157 820 2192 detulerunt
847 2156 921 2190 Sedi
937 2155 1171 2200 ›Apostolicaet

287 2208 421 2253 Nempe
447 2209 538 2244 &sui
554 2209 727 2252 Episcopi,
755 2207 848 2242 &sui
863 2206 1108 2249 Metropolitae,
1135 2207 1168 2240 ὅ(

1246 259 1332 291 enim
1347 260 1396 291 uti
1411 259 1608 303 Gerendus,
1635 261 1862 305 Bythynusac
1875 265 2057 304 Ponticus,
2083 265 2129 299 ita

1248 308 1368 342 Daniel
1392 319 1444 351 per
1465 310 1690 356 Episcopalem
1715 312 2007 349 Consecrationem
2027 316 2128 348 fastus

1245 358 1289 391 est
1315 357 1505 395 Gallicanus
1518 363 1697 406 Episcopus
1710 386 1721 402 ‚
1747 373 1846 407 atque
1866 365 1912 398 ita
1927 375 2062 410 uterque
2073 366 2129 399 su-

1245 407 1305 442 biit
1326 409 1439 443 omnia
1462 409 1529 452 jura
1553 436 1565 452 ‚
1589 414 1768 455 omniaque
1791 423 1890 448 onera
1912 416 1975 449 suae
1997 416 2129 450 Dioece·

1246 459 1327 492 seos.
1356 460 1397 492 Et
1409 457 1487 493 hinc
1498 462 1545 495 uti
1559 463 1691 497 Sanctus
1702 463 1783 506 Joan
1790 473 1844 496 nes
1860 462 2128 507 Chrysostomus‚

1244 507 1481 543 patriarchatus
1513 511 1875 557 Constantinopolitani
1901 511 2128 558 Propagator,

1243 559 1433 604 degradavit
1455 559 1672 604 Gerontium,
1698 564 1743 599 ita
1765 573 1895 607 quoque
1918 562 2034 597 Galliae
2053 562 2127 598 Me-

1244 610 1397 651 tropolita
1425 610 1532 653 potuit
1557 611 1731 647 Danielem
1756 614 1910 648 invadere
1937 639 1943 645 .
1982 612 2127 647 Proinde

1244 655 1435 693 Caeiestinu‘s
1445 660 1594 693 omnine>
1607 663 1755 697 evocavit
1767 663 1979 698 Gallicanum
1991 663 2127 706 Episco-

1243 721 1335 751 pum.
1365 710 1407 744 Et
1418 708 1551 754 quidem
1563 709 1801 747 Provincialem
1819 739 1825 746 .
1852 713 1982 757 Nempe
1997 723 2126 757 propter

1242 759 1309 793 liris
1331 759 1562 803 pendentiam,
1590 759 1777 796 inchoatam
1797 774 1872 798 ante
1885 764 2037 798 Danielis
2048 764 2124 806 Epi-

1244 810 1410 852 scopatum
1422 835 1429 842 .
1458 810 1625 844 Secundus
1647 822 1734 844 error
1743 811 1787 844 est
1798 834 1810 850 ,
1833 814 1921 856 quod
1934 813 2126 848 Caelestinus

1244 858 1374 892 Proculi
1386 859 1591 893 Maffilienfis
1599 861 1754 903 Episcopi
1774 862 1902 896 causam
1917 875 1924 895 :
1953 867 2124 898 Provincia

1243 910 1367 953 collegio
1389 910 1569 943 audiendam
1588 919 1645 952 pro
1655 909 1861 952 consuetudine
1882 914 1990 952 acjure
2009 912 2125 956 dimise-

1241 966 1282 991 rit
1296 983 1304 991 .
1328 960 1464 993 Etenim
1476 959 1634 1006 Pontifex
1645 959 1760 994 diserte
1771 959 1880 994 scribit
1893 963 1925 995 se
1936 973 2005 995 non
2017 961 2126 996 dimit-

1242 1019 1307 1043 tere
1320 1033 1330 1049 ,
1358 1010 1409 1043 sed
1421 1010 1570 1054 delegate
1582 1034 1591 1044 .
1617 1009 1747 1053 Nempe
1755 1009 1912 1044 Proculus
1921 1021 1989 1045 erat
2002 1012 2125 1046 Metro·

1242 1059 1343 1101 polita
1356 1083 1367 1099 ‚
1393 1059 1531 1103 ideoque
1543 1060 1611 1102 ejus
1632 1061 1726 1094 causa
1740 1059 1897 1103 privative
1907 1072 1943 1094 ac
1955 1060 2127 1095 immedia-

1241 1107 1272 1141 [ἐ
1283 1108 1440 1152 {peinhart
1448 1111 1488 1142 ad
1502 1111 1618 1143 Sedem
1631 1110 1858 1152 Apostolicam
1870 1136 1877 1143 .
1904 1111 2016 1159 Qaeri
2027 1111 2124 1155 poffit

1239 1170 1296 1192 cur
1307 1159 1448 1193 Maximi
1462 1159 1634 1193 Valentini
1650 1160 1825 1203 Episcopi,
1852 1160 1999 1196 hominis
2021 1162 2123 1196 etiam

1240 1209 1425 1253 vagabundi
1439 1234 1450 1249 ,
1475 1211 1605 1243 causam
1620 1210 1809 1244 Bonifacius
1821 1211 2003 1245 Provinciae
2015 1212 2127 1254 Syno-

1239 1258 1283 1291 do
1296 1259 1452 1303 delegarit
1462 1282 1472 1297 ‚
1498 1259 1687 1293 Caelestinus
1698 1270 1807 1293 autem
1819 1260 1967 1304 delegare
1978 1262 2123 1295 noluerit

1239 1309 1367 1342 causam
1380 1308 1531 1342 Danielis
1546 1309 1562 1341 ,ἕ
1587 1309 1690 1343 Ratio
1701 1310 1746 1344 est
1758 1309 1855 1343 obvia
1870 1324 1880 1343 :
1906 1309 2012 1358 Qod
2034 1321 2125 1344 nem·

1240 1358 1278 1402 pe
1296 1358 1518 1393 Narbonensis
1538 1359 1598 1393 autv
1616 1359 1812 1393 Viennensis
1840 1359 2027 1394 Provinciae
2045 1359 2124 1403 Epi-

1239 1409 1327 1453 scopi
1354 1409 1523 1443 evehendo
1549 1409 1736 1443 sceleratum
1765 1407 1935 1443 hominem
1971 1408 2122 1453 deliquis-

1239 1460 1329 1501 sent,
1357 1459 1498 1501 ideoque
1520 1459 1623 1503 &ipsi
1644 1460 1745 1494 essent
1760 1457 1831 1502 rei,
1858 1458 2068 1495 acinhabiles
2079 1459 2122 1495 ad

1238 1509 1302 1543 tale
1322 1511 1488 1551 Iudicium
1503 1531 1511 1539 ·
1667 1522 1673 1525 *
1924 1519 1925 1522 ’

1287 1556 1429 1596 Joannes
1438 1556 1456 1589 ὲ
1470 1555 1575 1589 Bosco
1586 1556 1768 1592 Parifiensis
1781 1561 1815 1592 in
1829 1560 2008 1603 appendice
2018 1555 2059 1593 ad
2070 1555 2133 1594 Bit

1236 1603 1438 1639 blicthecam
1459 1606 1697 1640 Floriacensem
1717 1607 1853 1641 adducit
1875 1609 1932 1642 has
1953 1632 1965 1646 ‚
1991 1610 2124 1650 presen-

1235 1654 1301 1686 tem
1328 1653 1498 1687 materiam
1524 1653 1721 1687 illustrantes
1747 1678 1759 1694 ,
1786 1653 1917 1688 Zozimi
1944 1654 2121 1692 Pontificis
2161 1662 2164 1663 ’

1236 1703 1358 1736 litteras
1378 1703 1418 1737 ad
1441 1702 1647 1751 Simplicium
1669 1703 1923 1747 Metropolitam
1950 1702 2125 1741 Viennen-

1237 1754 1300 1787 sem
1313 1778 1320 1784 .
1345 1754 1488 1787 Zozimus
1510 1752 1673 1796 Epistopur
1694 1756 1843 1797 simplicio
1855 1755 2127 1797 Viennenfidrch1-‘

1236 1802 1379 1846 Episcopo
1399 1801 1542 1846 salutem.
1572 1803 1714 1838 Relatum
1737 1805 1820 1838 nobis
1845 1805 1905 1846 est,
1932 1808 2066 1848 qualiter
2086 1812 2122 1841 in

1235 1853 1410 1896 Taurinenfi
1435 1855 1542 1892 synodo
1566 1853 1669 1898 causa:
1692 1864 1753 1888 tuae
1780 1854 1926 1897 Dloecefios
1947 1855 2119 1900 proficiatur

1227 1904 1329 1946 fueris
1344 1929 1350 1936 .
1378 1907 1424 1937 Et
1443 1906 1511 1937 licet
1523 1904 1685 1946 Arelatenfi
1692 1904 1836 1949 Episcopo
1847 1930 1859 1946 ,
1885 1905 2048 1950 antequam
2061 1911 2121 1943 Le·

1229 1965 1323 2000 gatus
1336 1960 1405 1988 tuus'
1421 1954 1542 1997 veniffet
1555 1979 1566 1995 ‚
1589 1963 1712 1998 propter
1723 1963 1924 1990 reverentiam
1934 1958 2036 1991 saneti
2049 1960 2120 1992 Tro·

1231 2006 1326 2047 phimi
1331 2007 1360 2048 J
1366 2019 1401 2039 us
1421 2007 1456 2039 cb·
1470 2005 1659 2048 Pontificium
1676 2006 1768 2051 super
1793 2016 1855 2041 tres
1867 2009 2045 2042 Provincias
2065 2008 2119 2042 ha-

1234 2057 1296 2090 bere
1314 2055 1540 2100 scripserimus,
1568 2067 1668 2091 tamen
1691 2057 1722 2099 fi
1738 2057 1851 2099 intest,
1877 2067 1910 2092 ut
1930 2061 2049 2100 Scripta
2061 2068 2118 2092 tua

1234 2107 1319 2140 nobis
1339 2108 1422 2151 missa
1442 2113 1593 2142 continent
1606 2133 1616 2148 ‚
1644 2114 1763 2141 interim
1786 2107 1876 2151 usque
1897 2110 1971 2142 dum
1989 2109 2117 2142 lucidius

1234 2159 1395 2191 ventiletur
1409 2183 1420 2198 ‚
1442 2157 1613 2198 potestatem
1626 2164 1785 2200 antiquam
1796 2159 1851 2203 ιὶᾷἰ
1863 2170 1983 2192 manere
1993 2164 2120 2200 permit·

1237 2213 1348 2249 timus,
1374 2217 1406 2240 ut
1420 2207 1493 2249 ficut
1518 2213 1550 2240 in
1562 2208 1734 2249 Taurinenfi
1748 2210 1985 2252 gravlffimorum
1997 2207 2118 2251 Episco-

283 2258 481 2293 Patriarchae
509 2269 562 2292 aut
576 2258 728 2292 primatis
739 2257 861 2292 limites
871 2258 1032 2298 evaserat,
1057 2258 1090 2291 ὃ(
1101 2266 1189 2310 age-3
1231 2266 1335 2302 porum
1347 2261 1367 2291 5
1364 2258 1456 2297 ,nodo
1470 2282 1481 2298 ‚
1505 2263 1590 2299 pacis
1602 2257 1711 2298 confilio
1723 2283 1734 2298 ,
1761 2261 1909 2290 decretum
1921 2282 1931 2299 ,
1959 2262 2117 2290 viciniores

286 2309 343 2343 bat
367 2319 591 2354 gyrovagum:
621 2308 714 2342 Hinc
727 2310 865 2342 accusari
878 2306 992 2342 dehuit
1011 2308 1096 2351 apud
1109 2307 1188 2342 Pa·'
1235 2309 1289 2342 tibi
1304 2315 1386 2341 intra
1400 2310 1591 2341 Provinciam
1602 2310 1747 2341 vendicet
1768 2313 1912 2341 civitates
1924 2333 1934 2348 ‚
1958 2308 2117 2349 donecple-

285 2369 367 2392 trem
389 2370 621 2399 communem,
651 2360 848 2403 Episcopum
868 2358 1058 2393 Romanum
1081 2385 1088 2393 .
1120 2359 1167 2393 lta

286 2409 538 2444 Haerefiarcham
554 2409 726 2453 Pelagium
740 2420 756 2450 ,*
777 2410 855 2443 dum
869 2421 907 2443 ex
923 2408 1016 2444 Italia
1030 2411 1061 2442 in
1085 2409 1169 2443 Afri-

285 2471 358 2494 cam
375 2485 386 2501 ,
412 2472 451 2494 ex
477 2459 538 2495 hac
564 2459 596 2493 in
620 2460 789 2499 Siciliam,
815 2460 893 2494 hinc
917 2461 950 2493 in
965 2460 1168 2493 Palaessinam

285 2521 392 2554 vagus
404 2510 546 2548 abiverat
558 2533 569 2549 ,
595 2509 728 2544 sanstus
741 2510 946 2553 Augustinus
954 2521 991 2543 ac
1003 2510 1058 2542 alii
1074 2510 1170 2543 Afro—

284 2570 358 2594 tum
385 2561 539 2605 Episcopi
562 2560 749 2594 detulerunt
771 2560 889 2593 Sausio
901 2558 1054 2593 Pontifici
1073 2560 1170 2593 Inno-

286 2610 399 2644 centio
422 2635 433 2651 ,
457 2611 490 2644 δε
517 2610 735 2651 supplicarunt
763 2610 906 2642 Romam
932 2609 1058 2642 evocari
1081 2634 1089 2642 .
1118 2610 1169 2643 Ex

286 2658 349 2694 hac
376 2660 505 2703 Regula
531 2659 662 2692 Sanetus
675 2657 1026 2692 Caelestinusevocavit
1047 2659 1080 2693 &
1103 2661 1169 2693 Da-

287 2709 407 2742 nielem
419 2733 426 2739 .
453 2708 497 2741 Et
512 2706 565 2741 hic
577 2707 707 2741 interim
719 2708 962 2751 circumscripsit
975 2709 1164 2742 Gallicanos

288 2758 473 2802 Episcopos
484 2781 494 2796 ‚
520 2758 647 2800 fuitque
659 2757 700 2791 ab
710 2757 782 2799 ipsis
794 2757 827 2790 in
838 2758 1042 2792 Confratrem
1056 2761 1165 2792 conse·

286 2818 411 2842 cratus.
441 2806 530 2841 lta&
545 2808 711 2841 sceleratus
725 2807 830 2840 Sancti
846 2809 1008 2841 Ambrosii
1025 2811 1167 2843 lix-Dia·

289 2869 393 2893 conus
403 2857 584 2892 Gerontius
596 2882 606 2897 ,
633 2857 711 2891 dum
725 2856 1046 2901 Constantinopolim
1060 2858 1143 2903 fugit
1157 2884 1166 2898 ,

289 2908 530 2950 circumscripsit
553 2908 745 2942 Helladium
768 2908 1004 2942 Caesaraeensem
1028 2909 1061 2942 in
1084 2910 1165 2951 Cap-

289 2958 425 3000 padocia
448 2957 668 3001 Episcopum,
695 2958 843 2991 Ponticae
864 2959 1044 2992 Dnoecelios
1070 2959 1167 2992 Exar-

290 3006 391 3039 chum
407 3030 418 3045 ‚
437 3019 472 3040 ac
485 3008 525 3041 ab
538 3010 606 3051 ipso
619 3009 663 3042 est
676 3009 880 3042 consecratus
891 3007 923 3039 in
935 3008 1168 3042 Nicomedien-

291 3055 358 3088 fem
374 3055 569 3097 Episcopum
580 3083 590 3097 ,
616 3057 866 3101 Metropoliram
880 3058 1059 3100 Bithyniae.
1087 3058 1165 3091 Arn-

292 3104 337 3138 bo
350 3105 512 3146 sperarunt
525 3106 578 3137 sua
589 3108 724 3142 crimina
737 3109 868 3151 sepelire
890 3107 948 3141 sub
969 3108 1166 3151 Episcopnli-

292 3153 351 3187 bus
375 3154 504 3186 infulis.
534 3153 659 3187 Verum
682 3158 832 3192 Danielis
851 3158 1048 3192 accusatores
1065 3169 1166 3201 perre-

295 3212 412 3237 xerunt
424 3203 463 3236 ad
485 3203 715 3244 Caelestinum,
741 3206 772 3238 &
799 3208 986 3242 Caelestinus
998 3206 1166 3241 hominem

291 3252 444 3287 evocavit
458 3252 497 3285 ad
512 3253 602 3285 suum
613 3253 795 3287 Tribunal.

344 3303 387 3335 Et
402 3301 478 3334 hinc
493 3297 602 3335 lucent
613 3303 690 3336 varii
705 3314 827 3337 errores
842 3305 998 3341 Paschafii
1008 3306 1165 3352 Qesnel-

289 3351 332 3385 li.
363 3351 492 3385 Primus
507 3351 551 3384 est
565 3353 596 3384 in
612 3350 662 3384 his
673 3353 776 3386 verbis
790 3368 800 3386 .·
826 3356 883 3386 Sed
892 3359 959 3389 talis
970 3354 1056 3399 causa
1078 3365 1166 3388 extra

290 3402 458 3444 exemplum
481 3400 518 3442 est
528 3426 539 3443 ‚
564 3412 615 3438 nec
631 3403 687 3444 jus
698 3403 789 3437 ullum
801 3402 890 3442 fimile
900 3404 1167 3450 fibiattribuiffet’n

1235 2360 1298 2392 mus
1311 2365 1353 2392 rei
1363 2360 1495 2391 ordinem
1514 2358 1648 2391 charitas
1659 2358 1814 2400 apostolica
1822 2357 2033 2400 prosequatur.
2055 2361 2117 2391 La-

1234 2421 1337 2443 zarum
1358 2410 1489 2442 indebite*
1503 2407 1682 2452 Episcopum
1694 2432 1704 2447 ‚
1729 2415 1945 2441 criminatorem
1967 2411 2091 2440 Fratris
2104 2432 2116 2448 ,

1234 2462 1405 2492 ordinatum
1416 2484 1425 2498 ‚
1447 2457 1523 2501 selas
1538 2458 1627 2497 nostro
1631 2463 1663 2503 J
1665 2460 1761 2490 udicio
1771 2459 1824 2501 esse
1832 2459 2010 2490 damnatum
2021 2482 2028 2490 .
2052 2460 2116 2490 Da-

1235 2520 1268 2542 ta
1274 2508 1331 2552 sub
1354 2510 1402 2541 die
1421 2509 1616 2541 kalendarum
1626 2508 1759 2541 ocvobrir
1771 2533 1780 2547 ,
1810 2512 1932 2540 Honorio
1955 2508 2090 2540 undecies
2103 2531 2114 2547 ,

1233 2562 1267 2594 Θ
1280 2559 1447 2600 Constantio
1472 2557 1649 2601 Consulibus
1674 2583 1681 2590 .
1724 2558 1895 2603 Quidquid
1918 2556 2019 2599 aliqui
2040 2567 2116 2590 con·

1233 2610 1393 2644 tradleant
1407 2634 1417 2649 ,
1427 2608 1561 2651 epistola
1574 2608 1702 2641 videtur
1713 2606 1860 2651 legitima
1871 2616 1968 2648 atque
1979 2605 2115 2640 authen-

1233 2661 1295 2694 tica
1305 2684 1313 2691 .
1344 2659 1384 2692 Et
1396 2668 1541 2700 tempora
1553 2657 1757 2691 concordant
1769 2681 1776 2687 .
1808 2656 1939 2690 Etenim
1951 2655 2086 2699 epistola
2101 2679 2113 2696 ,

1232 2722 1294 2754 qua
1306 2709 1459 2742 Zozimus
1472 2707 1676 2750 Simplicium
1689 2707 1723 2741 δε
1733 2706 1938 2740 Taurinense
1948 2705 2113 2749 Iudicium

1233 2761 1368 2804 castigat
1381 2783 1390 2797 ,
1416 2757 1490 2791 data
1501 2758 1546 2790 est
1568 2757 1685 2791 eodem
1707 2756 1889 2791 Consulatu
1901 2781 1911 2796 ,
1937 2755 2035 2790 tertie,
2047 2755 2114 2790 Ka·

1233 2811 1345 2845 lendas
1358 2807 1506 2841 octobris
1518 2832 1527 2847 ‚
1555 2807 1695 2848 ideoque
1715 2806 1782 2841 haec
1804 2806 1938 2849 epistola
1956 2805 2001 2839 est
2011 2804 2113 2848 poste-

1231 2860 1297 2894 rior
1306 2885 1313 2892 .
1342 2857 1478 2892 Nostras
1487 2856 1683 2892 adsertiones
1694 2857 1862 2902 insigniter
1871 2857 2043 2890 confirmat
2053 2881 2061 2888 .

1400 3053 1440 3097 C
1476 3053 1520 3096 A
1556 3048 1590 3094 P
1626 3049 1671 3094 U
1705 3044 1746 3092 T
1817 3049 1943 3093 XII.

1229 3167 1470 3234 Expenditur
1499 3169 1667 3238 primum
1692 3163 1887 3231 Paschasti
1922 3160 2107 3232 Qefizellt‘

1505 3237 1811 3286 Fundamentum
1822 3272 1834 3284 .

1304 3357 1365 3391 0st
1377 3358 1534 3402 agitatam
1554 3359 1710 3392 Martiani
1734 3354 1928 3391 Arelatensis
1953 3352 2107 3398 Episcopi

1328 3409 1455 3442 causam
1470 3408 1651 3444 Paschasius
1663 3406 1860 3457 Qsneflus
1872 3404 1977 3448 pergit
1990 3418 2000 3437 :
2028 3406 2108 3437 Pau-
2129 3391 2204 3431 ΟΨ·
2223 3402 2265 3430 13·

2027 3454 2057 3487 lo
