2326 3718
785 163 1027 223 Renum,
1065 176 1126 207 ετ
1160 162 1516 208 VERBORUM.

243 242 390 279 Romani
412 242 446 278 δε
470 241 592 288 papalis
617 243 810 280 Confistorii
835 248 942 290 prima
970 244 1119 279 mentio.

292 294 358 338 ²38·
383 304 411 328 1.
598 335 601 338 Ι

243 341 387 378 Romani
405 342 617 387 Imperatores
642 344 839 390 Hispaniam
861 345 880 380 a
902 342 1025 381 Gothis
1045 355 1125 379 con·

291 391 408 426 stanter
417 395 613 437 repetierunt
623 420 631 427 .

242 440 389 476 Romani
399 443 808 489 Imperatorisp'otestatem
832 456 946 482 ornnes
960 443 1120 481 Occiden-

288 491 369 527 tales
381 492 487 538 Reges
495 493 620 529 dudum
631 506 837 539 agnoverunt
852 520 859 528 .
1001 493 1075 532 180.
1086 505 1118 529 2.

239 537 387 577 Romani
411 544 528 589 Legati
557 545 731 580 adfuerunt
758 546 923 590 Ephefino
946 545 1121 579 latrocinio

287 592 532 628 nominesolius
544 593 715 630 Pontificis
726 597 849 631 Leonis
863 619 874 635 ,
893 607 960 630 non
974 594 1051 629 vero
1064 605 1122 628 no-

287 644 402 684 mine,
429 644 462 678 ἀ
479 643 549 678 vice
574 645 674 679 totius
697 646 925 680 Occidentalis
948 644 1095 678 Concilii
1109 668 1120 682 ,

288 692 411 741 326·2.
439 694 573 729 Sanstus
584 696 653 733 Leo
673 706 769 730 antea
792 695 915 730 nullam
938 694 1121 728 celebrave-

287 753 337 777 rat
348 742 520 786 Synodum
533 769 544 784 ,
557 746 614 778 nisi
629 746 728 779 solius
741 747 801 779 suae
809 745 990 779 Provinciae
1000 769 1010 785 ,
1029 741 1120 778 adeo-

290 803 354 836 que
366 794 480 839 Legati
492 795 623 829 fuerunt
636 795 733 839 ipsius
745 796 844 829 solius
855 795 1000 829 Vicarii.
1016 793 1120 841 326-1·

245 843 393 878 Romani
422 844 538 888 Legati
565 857 634 879 non
660 845 874 879 interfuerunt
901 844 1123 878 ‹Ecumenicis

290 893 632 935 OrientisConciliis,
659 906 825 937 tamquam
851 894 1004 937 Episcopi
1024 895 1124 928 totius

289 944 505 986 Occidentis,
533 945 586 980 sed
608 945 707 978 solius
721 944 865 985 Romani
879 943 1052 978 Pontificis
1066 954 1125 976 no·

290 995 381 1030 mine
392 1019 399 1026 .
1003 993 1080 1041 326-
1097 1002 1123 1026 1-

240 1043 388 1078 Romani
421 1043 658 1078 patriarchatus
673 1045 826 1088 Episcopi
847 1055 986 1083 ornnes,
1012 1043 1068 1086 qui
1090 1041 1122 1075 in

290 1095 376 1128 alma
390 1093 486 1128 Urbe
497 1094 734 1135 reperiebantur
744 1094 778 1127 in
789 1092 942 1138 eligendo
962 1092 1126 1126 Pontifice

290 1141 453 1181 habebant
475 1143 679 1187 suffragium.
1007 1153 1076 1189 2¹9·
1098 1154 1126 1175 ι.

237 1190 386 1226 Romani
400 1191 578 1226 Pontifices
589 1193 814 1236 Metropolitis
825 1204 861 1228 ac
873 1192 945 1227 aliis
958 1192 1126 1236 Episcopis

289 1242 372 1276 olim
385 1242 625 1276 transmiserunt
637 1244 735 1286 pallia
747 1255 788 1277 ex
801 1245 901 1287 prisca
923 1241 1126 1278 consuetudi-

290 1301 332 1325 ne
342 1291 453 1325 asserta
463 1292 481 1325 ὲ
492 1291 654 1338 Gregorio
670 1294 799 1337 Magno
811 1319 818 1326 .
1002 1291 1075 1329 180.
1097 1303 1124 1327 1.

241 1340 389 1376 Romani
415 1341 594 1376 Pontifices
614 1354 781 1386 nunquam
805 1344 845 1378 ad
859 1343 990 1377 Graecos
1002 1343 1126 1385 scripse-

291 1402 367 1426 runt
378 1393 478 1436 graece
487 1391 539 1425 sed
552 1394 672 1436 semper
685 1393 784 1427 latine
796 1417 803 1425 .
830 1393 910 1440 346.
929 1406 948 1427 1.
974 1392 1047 1427 Imo
1059 1393 1128 1425 suas

289 1442 431 1482 latinas,
457 1453 515 1476 nec
535 1443 652 1477 Romae
672 1444 881 1487 permiserunt
895 1444 971 1477 verti
984 1444 1017 1477 in
1041 1442 1126 1476 Grae—

292 1503 369 1527 cum
381 1517 393 1531 ,
418 1491 471 1527 sed
482 1492 667 1527 constanter
689 1493 859 1529 voluerunt
878 1495 909 1527 id
923 1493 1021 1528 fieria
1040 1493 1127 1526 Grae-

292 1543 341 1576 cis
354 1567 361 1575 .
1052 1542 1126 1576 ibid.

240 1593 389 1629 Romani
413 1593 594 1628 Pontifices
613 1618 624 1635 ,
651 1594 701 1629 uti
727 1595 762 1629 in
786 1594 940 1638 illyrico,
966 1593 1011 1628 ita
1036 1593 1069 1627 &
1092 1596 1125 1626 in

293 1642 401 1678 Gallia
415 1643 625 1687 Apostolicos
638 1644 790 1679 Vicarios
801 1643 982 1679 habuerunt
996 1668 1004 1676 .
1027 1641 1081 1681 88-
1097 1654 1124 1679 1-

241 1691 389 1727 Romani
414 1693 588 1728 Pontificis
613 1694 805 1729 authoritati
827 1695 911 1728 nihil
936 1704 1034 1729 nocet
1059 1693 1130 1726 fim-

293 1743 368 1787 plex
381 1743 497 1777 revisio
508 1742 588 1778 fasta
602 1745 636 1778 in
660 1746 753 1779 causa
767 1745 928 1779 Ceciliani
939 1768 947 1777 .
998 1753 1079 1791 232-
1098 1749 1142 1781 ld

238 1791 393 1828 Romani
406 1793 579 1829 Pontificis
590 1796 765 1830 consensus
775 1795 943 1838 requisitus
955 1819 965 1836 ,
991 1803 1027 1829 ut
1053 1793 1128 1837 Epi·

292 1844 465 1886 scoporum
488 1843 609 1887 ubique
620 1855 711 1880 extra
724 1845 853 1880 ltaliam
871 1844 1129 1880 consecrationes

293 1894 409 1927 fierent
421 1918 428 1926 .
1018 1892 1094 1940 183.
1106 1906 1128 1927 1.

241 1940 392 1977 Romani
403 1943 577 1976 pontificis
598 1945 721 1989 pedum
742 1946 873 1980 oscula.
1053 1942 1084 1979 8·
1100 1953 1128 1977 1·

237 1990 400 2028 Romano
421 1991 578 2027 Pontifici
597 2019 607 2035 ‚
633 2006 676 2029 an
699 1995 785 2030 nihil
809 1993 946 2039 speciale
967 2000 1130 2033 competat

291 2040 352 2073 nisi
375 2041 498 2082 primus
519 2042 635 2075 locus?
662 2051 768 2089 23¹·2·
794 2040 851 2074 Ad
863 2051 940 2075 eum
950 2040 1130 2084 appellatur

291 2100 334 2125 ex
354 2090 449 2123 omni
472 2100 592 2134 gente,
621 2102 825 2135 nequaquam
847 2100 957 2125 tamen
978 2090 1020 2124 ad
1051 2089 1130 2124 alias

292 2138 504 2184 Apostolicas
525 2139 702 2175 Ecclefias.
728 2141 799 2174 ibid.
827 2140 883 2177 66.
904 2151 936 2176 a..
964 2138 1130 2174 Adversus

287 2189 441 2224 'Romani
465 2189 639 2225 Pontificis
659 2191 781 2234 judicia
803 2190 911 2225 nullus
923 2190 969 2225 est
991 2190 1130 2234 appella-

292 2239 504 2280 tionilocus,
535 2241 587 2274 sed
599 2242 746 2287 gratiosae
755 2240 905 2275 revifioni
917 2265 926 2273 .
1031 2239 1086 2288 69-
1104 2252 1131 2277 1-

240 2289 402 2327 Romano
432 2288 591 2325 Pontifici
622 2290 695 2326 dari
727 2290 940 2327 visitatorem
974 2290 1131 2326 Canones

293 2337 469 2382 prohibent
480 2363 488 2371 .
1014 2345 1058 2378 16
1060 2351 1090 2389 3·
1100 2353 1131 2378 2·

241 2387 400 2424 Romano
423 2389 580 2425 Pontifici
605 2390 640 2425 in
666 2391 720 2426 sua
747 2389 960 2427 Patriarchali
991 2391 1129 2435 Synodo

291 2437 502 2482 Apostolicus
522 2440 641 2476 Canon
665 2442 823 2486 permittit
844 2442 980 2482 omnia,
1007 2452 1086 2489 227.
1108 2452 1130 2475 1.

292 2488 400 2533 Ipsum
421 2489 688 2526 fuiss‘eaNicaena
698 2493 930 2527 confirmatum
950 2503 988 2527 ac
1008 2491 1132 2526 stabili-

252 2586 254 2588 ι
293 2549 364 2573 tum
376 2540 513 2575 affirmat
525 2542 559 2575 in
571 2541 625 2576 sua
636 2541 773 2587 Synodo
784 2541 877 2577 Felix
896 2541 950 2575 111.
1053 2542 1127 2575 ibid.

244 2589 439 2624 Romanum
460 2590 660 2626 Pontificem
681 2593 834 2627 subfuisse
846 2591 992 2638 generali
1009 2592 1131 2627 Conci-

294 2640 342 2674 lio
363 2651 403 2674 ex
423 2641 521 2686 gestis
542 2642 576 2676 in
589 2643 726 2685 Synodo
751 2643 907 2687 Capuana
919 2643 1003 2678 male
1015 2641 1130 2686 probat

296 2691 438 2734 joannes
457 2692 654 2735 Launoyus.
1008 2702 1084 2741 133·
1099 2705 1131 2730 2·

246 2740 419 2775 Romanus
429 2740 615 2777 Patriarcha
639 2743 810 2778 constituit
821 2743 974 2779 Vicarios
989 2742 1133 2787 Aposto-

295 2792 380 2826 licos
401 2802 475 2826 cum
498 2792 654 2836 potestate
665 2792 889 2841 congregandi
902 2794 1130 2829 Dioecesanam

297 2840 470 2884 synodum
482 2867 489 2874 .
1030 2841 1082 2881 88.
1103 2855 1131 2880 1.

246 2890 421 2925 Romanus
440 2891 597 2927 Pontifex
621 2917 633 2933 ‚
657 2905 699 2928 an
724 2894 818 2938 poffit
844 2893 1044 2939 appellantes
1061 2915 1072 2932 ³
1098 2894 1132 2928 &

295 2940 476 2983 appellatos
495 2953 630 2977 evocare
641 2944 681 2978 ad
694 2946 785 2979 suum
801 2944 944 2979 tribunal
955 2969 967 2985 ‚
995 2956 1062 2979 non
1077 2943 1129 2978 de-

295 2989 439 3033 legando
462 2992 494 3024 in
518 2991 659 3035 partibus
679 2995 932 3030 retrassatorium
955 2995 1132 3038 judicium-

298 3042 353 3074 60.
374 3051 400 3075 1·
427 3041 461 3074 (9
469 3038 530 3083 seq.
553 3040 697 3079 Poffitne
708 3045 725 3078 ὲ
739 3046 956 3080 retractatorio
967 3045 1133 3090 appellatae

295 3091 398 3123 causa:
407 3090 531 3133 judicio
545 3091 665 3134 priores
675 3095 797 3137 judices
807 3094 1005 3130 excludere?
1033 3095 1086 3143 64-
1099 3106 1129 3130 2.

301 3149 379 3177 100.
396 3150 421 3175 1.
449 3140 530 3174 Non
551 3140 716 3186 obligatur
734 3145 774 3180 ad
786 3156 910 3181 certum
930 3146 1127 3180 retractatio—

297 3190 349 3223 nis
372 3189 526 3223 modum.
556 3201 612 3226 101-
640 3201 708 3229 1.2-
734 3196 830 3231 Solus
852 3196 1006 3231 eximitur
1026 3197 1132 3240 abap-

297 3238 540 3283 pellatiJudicis
553 3241 586 3274 in
600 3241 707 3277 Reum
731 3243 976 3282 demutatione.
1008 3255 1080 3288 104
1098 3256 1132 3280 2.

297 3289 411 3371 Λῖἱῖίοει
433 3289 523 3334 Lege
545 3302 604 3325 nec
627 3292 684 3335 ipsi
707 3291 900 3330 Patriarchae
920 3297 1130 3338 eximuntur.

300 3345 313 3374 i
333 3345 342 3371 i
367 3364 373 3370 .

347 3388 454 3430 Christ.
468 3393 548 3433 Lupi
561 3396 658 3435 Opera
670 3395 702 3426 T.
716 3397 798 3429 ΠΗ.

1896 181 1990 227 397

1179 243 1351 278 Romanus
1372 243 1553 285 Pontifex,
1577 256 1619 281 an
1640 246 1832 290 potestatem
1852 247 2062 283 concedendi·

1228 294 1398 329 revifiones
1419 295 1575 337 acceperit
1603 296 1621 329 ὲ
1643 295 1777 332 Christo
1802 298 1955 332 Domino
1977 322 1987 338 ,
2013 311 2057 331 an

1228 343 1444 378 veroaLaica
1466 343 1596 389 Regum
1620 346 1773 380 violentia
1790 349 1801 381 ?
1952 345 2005 394 98.
2024 357 2056 381 2.

999 392 1076 432 181.
1095 404 1122 429 1.
1180 392 1350 428 Romanus
1372 393 1529 428 Pontifex
1549 404 1644 437 caput
1657 419 1666 434 ,
1694 398 1858 439 supremus
1882 408 1918 431 ac
1933 398 2059 431 univer-

1229 445 1301 477 salis
1321 443 1474 477 Medicus
1496 445 1598 478 totius
1626 443 1794 487 Ecclefiae‚
1822 458 1897 495 333.
1911 459 1931 480 1.
1962 449 2059 489 perse

1228 493 1294 527 fine
1315 494 1456 538 generali
1478 494 1616 536 Synodo
1641 493 1777 534 sufficit,
1803 507 1836 529 ut
1857 497 1987 539 adjuvet
2008 509 2060 530 or*-

1230 543 1303 577 bem
1320 554 1472 577 terrarum
1486 568 1493 576 .
1985 547 2060 579 ibid.

1181 594 1355 629 Romanus
1366 593 1522 628 Pontifex
1542 594 1680 638 deponit
1693 594 1877 628 Bassianum
1896 595 1936 628 ab
1957 594 2062 638 Ephe-

1232 643 1302 677 fino
1315 642 1434 683 Clero‚
1461 644 1494 678 &
1519 644 1666 687 populo,
1692 646 1725 678 &
1750 644 1918 688 Episcopis
1937 645 2063 679 inthro-

1234 694 1375 726 nizatum
1402 691 1611 737 Ephesiorum
1632 695 1845 737 Episcopum.
1976 695 2063 739 36.1.

1185 744 1357 777 Romanus
1380 743 1537 777 Pontifex
1558 743 1603 778 est
1628 743 1750 778 Christi
1765 743 1938 785 vicarius,
1966 754 2065 790 52.1.

1233 792 1406 826 Labuntur
1429 817 1440 833 ,
1466 792 1521 837 qui
1554 794 1643 828 hunc
1674 794 1806 827 titulum
1834 804 1949 838 putant
1980 794 2065 827 olim

1235 843 1327 876 fuisse
1348 854 1558 878 communem
1580 844 1734 877 omnibus
1750 843 1939 888 Episcopis‚
1989 844 2063 877 ibid.

1186 891 1358 927 Romanus
1369 893 1525 927 Pontifex
1540 895 1573 927 in
1585 894 1729 938 generali
1742 895 1878 936 Synodo
1899 893 1996 928 habet
2006 892 2066 928 du-

1234 943 1307 985 plex
1318 943 1524 988 privilegium
1539 968 1548 982 ‚
1573 943 1624 986 jus
1645 944 1814 977 relationis
1826 967 1836 982 ,
1863 945 1915 980 seu
1930 944 2071 988 propoli&

1235 993 1338 1026 tionis
1360 1017 1371 1032 ,
1396 993 1430 1026 &
1464 994 1705 1037 praerogativam
1737 992 1885 1037 Suffragii
1909 1018 1916 1025 .
1946 996 2011 1038 1¹9-
2036 1005 2068 1029 2·

1238 1042 1321 1076 Item
1343 1041 1716 1086 judiciiconclufionem
1731 1067 1738 1075 .
1939 1042 2017 1080 226.
2041 1053 2071 1077 1.

1188 1091 1360 1127 Romanus
1383 1092 1585 1128 Pontifexin
1599 1092 1831 1137 Synodointra
1852 1092 1980 1127 ltaliam
2002 1092 2071 1126 col-

1235 1142 1314 1175 lesta
1338 1142 1422 1176 solus
1443 1143 1586 1183 decidit,
1616 1143 1692 1190 326.
1704 1155 1734 1179 2.
1764 1142 1835 1176 Alii
1859 1155 1927 1177 non
1940 1143 2073 1186 poffunr.

1238 1191 1296 1225 nisi
1319 1192 1389 1225 solo
1408 1193 1548 1224 consilio
1575 1193 1740 1237 suffragari
1762 1218 1769 1225 .
1796 1192 1870 1225 ibid.
1911 1192 2070 1227 Eamdem

1238 1240 1472 1276 authoritatem
1482 1239 1578 1274 habet
1591 1239 1625 1273 in
1638 1240 1848 1275 patriarchali
1860 1242 1998 1284 Synodo
2015 1252 2071 1275 to-

1237 1293 1302 1324 tius
1319 1289 1510 1326 Occidentis
1523 1314 1531 1322 .
2002 1291 2075 1323 ibid.

1191 1341 1363 1376 Romanus
1388 1340 1546 1375 Pontifex
1570 1340 1674 1384 potest
1697 1339 1889 1385 quorumvis
1901 1340 2076 1384 Episcopo-

1218 1421 1221 1426 .
1239 1401 1309 1425 rum
1321 1416 1331 1433 ,
1357 1403 1394 1425 ac
1405 1389 1615 1434 Synodorum
1624 1388 1744 1433 judicia
1760 1391 1879 1432 ‚etiam
1891 1390 1993 1433 justa,
2018 1399 2077 1433 per

1239 1441 1431 1476 rationalem
1445 1441 1584 1485 gratiam
1607 1441 1730 1475 solvere
1744 1466 1752 1474 .
1977 1450 2031 1487 70.
2048 1451 2075 1475 1.

1192 1491 1364 1526 Romanus
1376 1491 1533 1525 Pontifex
1546 1489 1650 1534 potest
1662 1491 1751 1525 solus
1761 1494 1825 1526 sine
1838 1491 1974 1535 Synodo
1987 1490 2076 1524 dam·

1240 1554 1327 1583 nare,
1340 1553 1377 1576 ac
1388 1541 1526 1585 dejicere
1538 1539 1748 1576 patriarchas.
1761 1539 2075 1590 38·2-304·2337·1·

1239 1593 1306 1627 Suo
1324 1592 1393 1635 jure
1404 1591 1509 1636 potest
1529 1590 1564 1624 in
1586 1591 1696 1625 locum
1710 1591 1876 1637 degradati
1888 1591 2078 1626 consecrare

1241 1642 1459 1677 successorem.
1470 1639 1560 1688 382.
1594 1640 1701 1675 Prima
1710 1641 1752 1677 de
1763 1642 1850 1683 aliis,
1862 1652 1928 1677 tarn
1940 1640 2078 1676 Provin-

1240 1691 1377 1727 cialibus
1389 1716 1401 1732 ,
1426 1694 1522 1737 quam
1533 1692 1759 1737 Metropolitis
1771 1692 1991 1727 Orientalium
2001 1691 2076 1736 Epi-

1239 1744 1346 1787 scopis
1367 1741 1519 1788 cognitio
1532 1767 1543 1783 ,
1570 1742 1649 1777 licet
1671 1742 1740 1777 fieri
1763 1742 1856 1786 poffit
1867 1754 1924 1788 per
1940 1742 2079 1777 Patriar·

1240 1791 1357 1833 cham,
1382 1803 1438 1827 aut
1464 1792 1737 1836 Metropolitam,
1762 1792 1896 1829 devolvi
1917 1792 2079 1838 potestet-

1239 1844 1305 1877 iam
1318 1843 1358 1877 ad
1372 1842 1568 1877 Pontificem
1583 1868 1591 1876 .
2004 1843 2076 1877 ibid.

1191 1894 1362 1929 Romanus
1386 1893 1545 1927 Pontifex
1565 1894 1763 1940 quandoque
1778 1895 1945 1932 consuluit
1955 1894 2079 1930 doctio-

1231 1952 1294 1991 'res
1305 1943 1458 1984 Synodos
1468 1965 1480 1982 ,
1499 1954 1556 1977 aut
1566 1945 1720 1980 clariores
1734 1947 1913 1991 Episcopos
1923 1947 2001 1981 ficut
2014 1943 2079 1978 hoc

1240 2000 1388 2032 tempore
1411 1991 1585 2023 Rom-aus
1605 1991 1778 2038 Pontifex*
1791 1995 1929 2040 subinde
1937 1992 2081 2031 consulit

1241 2038 1442 2084 Theologos
1467 2039 1561 2079 suos,
1589 2049 1646 2074 aut
1667 2038 1927 2083 qualificattiies.
1956 2052 2023 2088 312.
2050 2053 2083 2077 1.

1241 2089 1407 2133 SubJeetos
1426 2089 1486 2125 suae
1497 2088 1682 2133 Metropoli
1709 2090 1888 2136 Episcopos
1912 2091 2015 2134 potest
2035 2092 2083 2124 so·

1242 2141 1293 2174 lus
1321 2139 1497 2184 degradare
1520 2164 1530 2179 ,
1555 2149 1631 2173 cum
1664 2140 1806 2174 confilio
1835 2151 1945 2175 tamen
1974 2165 1985 2180 ‚
2012 2152 2082 2174 non

1243 2189 1400 2224 Concilio
1427 2189 1571 2234 quinque
1590 2200 1646 2224 eut
1676 2191 1799 2235 septem
1825 2191 2081 2236 Episcoporum.

1243 2250 1301 2287 35.
1328 2252 1357 2277 1-

1194 2291 1366 2325 Romanus
1379 2290 1534 2326 Pontifex
1545 2290 1646 2326 totius
1654 2291 1849 2327 Occidentis
1861 2290 2082 2327 Patriarchale

1243 2352 1361 2385 caput.
1389 2344 1487 2388 87.1.
1514 2341 1568 2376 Ad
1595 2341 1664 2384 ejus
1687 2342 1884 2384 synodum,
1910 2344 1943 2377 &
1970 2343 2083 2377 conse-

1242 2394 1424 2425 crationem
1435 2391 1578 2434 spestant
1592 2391 1710 2426 subditi
1730 2391 1884 2435 Episcopi
1899 2416 1906 2424 .
1933 2391 2010 2425 ibid.
2033 2392 2084 2434 Ju-

1243 2453 1278 2475 re
1300 2439 1359 2475 illo
1380 2465 1392 2481 ‚
1419 2441 1508 2485 quod
1533 2451 1602 2475 non
1622 2440 1682 2474 soli
1716 2441 2086 2485 Constantinopolitani

1244 2502 1300 2535 per
1312 2490 1584 2525 chalcedonense
1601 2490 1793 2525 Concilium
1805 2514 1816 2530 ‚
1842 2490 1895 2524 fed
1907 2491 1940 2525 &
1953 2490 2082 2525 Nica-ni

1244 2540 1401 2575 Canones
1438 2541 1635 2575 confirmant
1671 2540 1826 2575 omnibus
1862 2539 2082 2581 Patriarchis,

1245 2591 1358 2625 Nemo
1372 2591 1593 2625 Patriarcham
1608 2591 1798 2626 Romanum
1812 2590 1926 2632 exuit,
1936 2590 2082 2635 adeoque

1249 2640 1330 2676 illud
1343 2641 1513 2676 manifeste
1525 2643 1643 2676 retinet
1654 2666 1661 2673 .
2008 2642 2081 2675 abad.

1196 2690 1368 2726 Romanus
1392 2691 1548 2726 Pontifex
1574 2702 1720 2736 tempore
1742 2691 2082 2736 Zozymifimpliciter

1243 2742 1275 2776 se
1286 2741 1396 2776 scribit
1408 2740 1584 2785 Epa'scopum
1598 2742 1661 2776 fine
1685 2743 1946 2777 contradistione
1963 2742 2003 2777 ad
2017 2742 2084 2776 Ro-

1245 2803 1379 2827 manam
1388 2792 1555 2827 civitatem
1567 2817 1578 2833 ,
1604 2790 1645 2826 εό
1657 2790 1745 2836 quod
1756 2793 1795 2827 fit
1808 2793 1996 2827 universalis
2006 2792 2082 2836 Epi-

1244 2842 1382 2885 scopus·‚
1409 2842 1486 2879 260.
1514 2853 1541 2880 1.
1568 2843 1732 2885 propterea
1758 2843 1791 2877 in
1816 2844 1961 2887 antiquis
1978 2844 2081 2886 Syno-

1245 2893 1363 2926 dorum
1387 2893 1479 2928 Astis
1502 2892 1669 2935 inscriptus
1695 2905 1703 2925 :
1731 2891 1892 2936 Episcopus
1918 2892 2080 2926 Catholicae

1246 2946 1276 2976 E
1281 2941 1382 2984 cclefiae
1403 2942 1492 2976 Urbis
1513 2947 1635 2976 Romae.
1964 2952 2038 2990 350.
2050 2955 2079 2979 2.

1198 2988 1370 3028 Romanus
1391 2993 1547 3027 Pontifex
1570 2993 1648 3027 teste
1668 2991 1882 3028 Tertulliano
1906 2993 2015 3036 paffim
2036 2993 2081 3026 in·

1246 3043 1442 3078 scribebatur
1452 3043 1596 3085 Pontifex
1610 3045 1782 3084 Maximus,
1813 3053 1848 3077 ac
1870 3041 2080 3086 Episcoporum

1248 3093 1428 3137 Episcopus.
1462 3104 1536 3139 154.
1549 3105 1570 3126 1.
1596 3093 1729 3128 Sanctus
1741 3093 1828 3138 Papa
1839 3092 2021 3137 Stephanus
2034 3093 2079 3125 ita

1247 3142 1572 3186 videturinscripfifl‘e
1592 3144 1732 3187 seipsum
1749 3168 1756 3176 .
1942 3174 1946 3178 .
2003 3141 2078 3174 ibid.

1201 3196 1371 3230 Romanus
1390 3192 1547 3227 Pontifex
1571 3193 1656 3227 visus
1680 3204 1851 3238 nunquam
1861 3193 1906 3229 est
1918 3190 2007 3227 indui
2027 3201 2078 3223 or-

1249 3243 1409 3278 namentis
1421 3241 1644 3287 imperialibus
1654 3267 1666 3284 ‚
1692 3244 1752 3277 nifi
1766 3245 1880 3279 unicus
1890 3240 2078 3275 Bonifacius

1249 3295 1378 3330 ostavus
1390 3317 1397 3325 .
1956 3287 2031 3326 180-
2044 3301 2076 3326 2.

1629 3392 1665 3427 K
1688 3390 1721 3426 K
1770 3403 1793 3428 2
1941 3387 2032 3423 Sabi«
