2326 3718
760 133 1002 188 RERUM,
1039 147 1100 175 ET
1135 131 1501 176 VERBORUM.

273 220 389 255 Romae
409 216 584 261 judicatur.
990 224 1042 261 32.
1071 224 1099 248 2.

223 267 403 304 Antbimus
434 268 637 310 semetipsum
667 266 701 300 in
728 263 1102 306 Constantinopolitanae

271 317 413 353 civitatis
424 316 763 352 Cathedraminttusit
778 340 789 355 ,
817 314 967 348 hareticae
989 311 1104 346 Theo-

267 369 355 402 dorae
366 367 580 412 Imperatricis
596 368 706 401 favore
717 364 832 398 nixus.
860 374 960 412 37.2.
985 361 1104 396 Occul-

269 419 301 452 te
324 419 413 452 fovet
427 415 664 460 Eutychianam
685 413 821 448 haerefim
835 440 842 447 .
870 416 923 460 38.
941 426 967 450 1.
995 412 1103 456 Ipsum

267 468 405 512 deponit
419 470 585 513 Agapetus
607 466 764 499 Pontifex
776 490 787 506 ,
814 466 846 499 ὅ(
858 476 897 498 ex
914 462 1105 497 Constanti-

270 519 466 562 nopolitano
480 514 664 551 Patriarcha
675 514 763 558 jubet
777 513 887 549 denuo
901 514 963 547 esse
981 512 1105 555 Trape-

270 570 445 603 zuntinum
463 568 657 610 Episcopum
669 591 676 597 .
1031 562 1104 594 ibid.

221 617 378 654 Anthimi
393 617 531 651 baeretici
546 615 691 649 hominis
714 616 778 649 fine
797 614 950 659 exemplo
973 610 1104 646 audacia

272 669 305 703 in
318 667 428 703 dando
442 666 693 710 Imperatoribus
705 665 805 709 pallio
816 690 824 698 .
978 673 1053 710 179.
1071 674 1102 698 2·

221 717 441 754 Antiochenae
467 717 593 761 Synodi
617 715 751 759 epistola
774 714 813 749 ad
826 714 949 759 Julium
968 712 1107 746 Pontifi-

269 779 343 804 cem
355 792 366 809 ,
381 768 425 801 est
442 767 629 800 Eusebianae
641 766 819 800 Factionis.
849 762 924 800 108.
944 774 973 799 1.
992 762 1107 797 Osten-

224 814 249 881 χ
270 817 360 853 ditur
370 829 411 851 ex
426 816 595 861 Rescripto
611 815 685 859 Julii
700 841 707 848 .
734 815 806 848 ibid.
824 815 927 858 Julius
941 814 1047 847 censet
1058 822 1110 845 eas

216 892 221 897 -
242 869 394 913 (litteras
406 869 499 902 fuiffe
511 866 750 912 supprimendas
763 888 771 898 .
795 864 866 898 ibld.
896 863 1044 907 Epistola
1058 873 1108 905 pe-

270 919 348 960 tiit,
375 927 431 951 aut
457 918 553 952 latet.
1032 912 1103 944 ibid.

223 965 442 1004 Antiochenae
454 967 580 1010 Synodi
594 965 748 1005 Canones
759 964 907 998 continet
923 962 1110 997 Eusebianae

273 1018 438 1054 Faffionis
452 1017 601 1051 occultos
612 1017 723 1050 fucos..
749 1026 805 1061 51.
822 1026 851 1050 1.
880 1014 946 1047 Eos
961 1024 1027 1046 non
1043 1011 1109 1045 sola

273 1069 453 1107 Romana,
480 1066 533 1099 sed
557 1067 591 1099 &
615 1065 723 1098 omnis
746 1063 943 1098 orthodoxa
961 1061 1111 1096 Orientis

274 1116 417 1151 Ecclesia
443 1114 506 1148 fuit
537 1115 678 1148 aversata
701 1139 709 1146 .
734 1112 806 1146 ibid.
833 1112 985 1147 Cessante
1019 1111 1108 1144 Euse-

272 1165 370 1201 biana
383 1163 530 1204 vafritie,
556 1164 679 1207 placere
689 1173 857 1207 coeperunt
869 1163 970 1196 etiam
992 1162 1112 1196 Roma-

271 1227 321 1250 nae
344 1214 507 1249 Ecclesiae.
537 1214 608 1247 ibid.
630 1212 751 1247 debent
776 1212 918 1257 intelligi
939 1224 1016 1246 cum
1027 1211 1111 1248 clau·

276 1265 344 1299 sula
355 1264 544 1299 Innocentii
556 1262 667 1307 primi:
700 1266 769 1296 sine
783 1264 960 1305 praejudicio
971 1266 1112 1295 Romanae

276 1314 434 1357 Ecclefiae,
460 1320 504 1347 cui
527 1319 560 1346 in
582 1313 716 1346 omnibus
739 1312 828 1354 caufis
851 1312 934 1346 debet
945 1317 1113 1345 reverentia

275 1365 427 1407 custodiri.
452 1364 523 1397 ibid.
552 1363 607 1411 76.
635 1375 667 1400 2.
697 1373 750 1411 90.
775 1375 807 1399 2.
835 1362 951 1396 Petrus
971 1362 1113 1397 aMarca

277 1417 380 1449 utitur
391 1414 440 1448 his
451 1413 644 1449 Canonibus
658 1413 692 1447 in
705 1414 798 1447 sensu
809 1411 997 1447 Eusebiano
1012 1437 1019 1444 .
1039 1412 1111 1446 ibid.

227 1464 443 1501 Antiochena
455 1463 608 1508 Synodus
621 1463 790 1497 damnavit
802 1461 968 1506 proprium
982 1462 1104 1496 Patriar

276 1515 372 1551 cham
384 1515 524 1549 Paulum
536 1514 779 1548 Samosatenum
802 1513 848 1548 ob
858 1514 982 1547 crimen
1003 1514 1115 1546 Haere—

277 1565 318 1600 sis
330 1591 338 1599 .
369 1576 422 1614 33.
437 1577 469 1603 2.
501 1564 676 1599 Nicaenum
696 1563 870 1598 Canonem
888 1563 1038 1608 quintum
1051 1574 1115 1596 ma-

278 1615 478 1661 leintelligit
491 1639 499 1647 .
1003 1624 1060 1660 51.
1087 1625 1116 1648 2.

229 1665 440 1702 Antiocheni
467 1666 622 1699 Canones
641 1663 787 1698 damnati
800 1674 854 1707 per
864 1664 1035 1707 Synodum
1049 1664 1117 1698 Sar·

281 1716 466 1750 dicensem.
494 1724 551 1761 54.
577 1726 604 1750 1.
633 1714 686 1761 76.
711 1725 743 1749 2.
771 1724 824 1761 90.
839 1727 867 1750 2·
891 1713 991 1759 96.1.
1023 1713 1117 1747 Ever-

279 1775 355 1800 tunt
377 1766 532 1800 Canones
554 1764 708 1799 Nicaenos
731 1763 821 1806 juxta
834 1764 958 1807 Julium
982 1763 1117 1798 Pontifi-

280 1827 354 1851 cem
374 1816 411 1850 in
433 1814 569 1861 epistola
592 1815 634 1849 ad
656 1814 829 1861 Synodum
849 1814 1116 1848 Antiochenam.

330 1892 336 1899 .
365 1878 396 1903 2.

228 1876 439 1951 An‘iibcheni
461 1916 701 1950 Patriarchatus
736 1916 907 1950 translatio
941 1915 976 1949 in
1003 1915 1118 1950 Sedem

227 1987 230 1991 ›
281 1965 622 2008 Hierosolymitanam
634 1965 677 1998 est
692 1965 885 2009 figmentum
901 1990 908 1997 .
1012 1961 1077 2010 158-
1092 1975 1121 1999 2·

231 2014 464 2049 Antiochenus
477 2015 596 2047 Canon
615 2026 663 2059 ις.
696 2015 832 2056 pertinet
857 2013 897 2046 ad
915 2013 1045 2046 dolosas
1060 2014 1119 2044 Eu·

280 2063 418 2097 sebianae
431 2062 594 2096 Fastionis
605 2072 719 2096 contra
733 2063 886 2096 Sanstum
906 2060 1119 2095 Athanasium
1163 2092 1167 2106 1

280 2114 432 2154 sutellius,
459 2113 493 2146 &
513 2111 720 2157 privilegium
749 2111 909 2146 Romanae
930 2111 1121 2155 appellatio-

280 2164 353 2196 nis.
880 2171 935 2208 50.
958 2171 991 2195 2.
1020 2172 1073 2207 51.
1093 2172 1120 2196 1.

228 2211 404 2248 >Antonius
427 2212 582 2256 Capellus
604 2211 888 2256 ediditinfigniter
907 2212 1071 2246 eruditum
1082 2210 1122 2245 de

282 2263 447 2297 Romanis
474 2262 635 2296 Afrorum
673 2262 944 2305 appellationibus
981 2263 1123 2304 opuscu-

282 2312 372 2346 lum.
981 2311 1061 2358 269.
1094 2320 1121 2345 1.

233 2361 377 2399 Antonii
391 2360 578 2395 Fussalensis
591 2362 746 2405 Episcopi
762 2361 915 2395 Romana
927 2360 1101 2404 appellatio
1115 2386 1121 2393 .

284 2423 364 2460 232.
385 2422 412 2446 1.
437 2420 516 2459 233.
530 2421 560 2444 2.
587 2410 690 2454 etseq.
718 2412 799 2445 Non
812 2412 916 2445 fuerat
939 2412 1123 2454 eipotestas

230 2485 234 2488 -
282 2463 409 2502 ablata,
439 2462 492 2495 sed
518 2462 702 2496 diminuta.
730 2471 810 2507 242.
836 2471 868 2495 2.
896 2460 1077 2507 Qomodo
1106 2462 1123 2494 a

283 2512 464 2547 Bonifacio
474 2511 570 2546 fuerit
582 2511 773 2545 absolutus?
801 2521 919 2558 233.1.
944 2512 1028 2557 &Item
1047 2522 1123 2554 quo-

281 2560 413 2597 modo&
430 2564 547 2597 Sancto
570 2561 761 2606 Augustino
773 2560 954 2604 Episcopus
967 2570 1090 2595 creatus
1109 2561 1125 2592 ‚2

285 2622 363 2660 233.
384 2621 414 2646 2.
445 2612 523 2654 Ejus
550 2612 726 2655 appellatio
750 2623 815 2644 non
831 2612 893 2646 fuit
905 2622 991 2645 mera
1004 2614 1124 2645 transa-

231 2683 234 2685 -
287 2663 379 2701 etio,
406 2663 454 2695 vel
481 2668 621 2695 interim.
652 2671 728 2709 235.
759 2673 787 2696 1.
817 2671 895 2708 237.
924 2671 950 2696 1.
978 2661 1124 2708 Qando

234 2720 236 2722 ’
257 2727 259 2732 ·
285 2713 430 2747 Romam
458 2712 696 2755 appellaverit?
993 2721 1071 2759 240.
1096 2723 1125 2747 1.

239 2763 410 2800 Antonius
434 2762 624 2796 Fussalensis
649 2761 828 2805 Episcopus
852 2760 1029 2804 subscripfit
1051 2762 1126 2804 Epi-

286 2813 376 2846 stolae
402 2813 531 2846 Aurelii
554 2813 593 2846 ad
618 2812 841 2854 Celestinum.
870 2820 949 2857 245.
977 2823 1002 2848 1·
1031 2813 1124 2860 Qo-

1882 153 1972 197 373

1217 210 1323 244 Causa
1336 207 1402 254 ejus
1413 213 1582 255 quomodo
1594 217 1724 251 trailata
1735 216 1752 250 a
1764 218 1922 252 Faustino
1941 221 2043 264 Lega-

1218 271 1253 294 to
1271 260 1430 295 Romanae
1453 261 1623 296 Ecclesiae?
1921 270 2000 306 266.
2015 283 2045 306 2.

1168 311 1296 355 Apiarii
1318 311 1502 354 Presbyteri
1524 313 1697 355 appellatio
1719 317 1891 353 Romana.
1921 331 1987 366 2¹4·
2018 332 2044 356 1·

1218 361 1460 406 Contragentis
1484 363 1543 395 suae
1573 364 1860 401 consuetudinem.
1887 370 1958 401 ibid.
1984 370 2047 404 Per

1218 411 1394 445 Zozimum
1418 412 1576 455 reparatio
1599 414 1681 447 fasta
1693 415 1753 448 fuit
1765 418 1897 457 quidem
1918 418 2048 462 valida,

1219 460 1272 494 sed
1285 461 1458 506 illegitima
1471 487 1478 495 .
1778 477 1854 513 223.
1871 481 1898 504 1·
1926 479 2003 516 249.
2018 481 2048 505 2.

1170 509 1325 554 Apiarius
1345 522 1412 545 erat
1437 513 1592 546 Siccensis
1617 514 1766 548 Ecclefiae
1794 515 1829 547 in
1856 517 2049 552 Caesa.aeenfi

1219 561 1419 595 Mauritania
1443 562 1616 606 Presbyter
1627 588 1638 604 ‚
1665 563 1806 607 ideoque
1816 564 1834 598 a
1846 564 1994 601 Romana
2006 570 2048 602 ci-

1220 611 1322 646 vitate
1333 612 1560 647 remotiffimus
1573 638 1580 646 .
1610 610 1707 661 78-z.
1735 614 1872 648 Labitur
1885 617 2049 658 proindea

1219 660 1332 696 Marca
1354 663 1515 697 affirmans
1535 687 1546 703 ,
1574 664 1664 706 quod
1689 664 1847 698 Zozimus
1877 664 2051 700 vicinitatis

1220 710 1287 753 jure
1301 712 1369 755 ejus
1377 713 1631 755 appellationem
1644 714 1810 749 admiserit
1820 739 1828 746 .
1981 716 2051 748 ibid.

1173 759 1349 804 Apiarius,
1376 774 1484 796 utrum
1508 763 1630 806 primus
1650 765 1875 807 provocaverit
1896 765 1937 800 ad
1961 766 2051 810 Apo-

1220 811 1368 846 stolicam
1379 811 1496 859 VSedem
1511 813 1528 845 ἒ
1931 826 2008 863 244.
2026 827 2052 851 1.

1173 860 1386 905 Apocalypsis
1397 864 1499 906 prima
1511 863 1606 898 verba
1617 864 1736 899 decimi
1748 865 1836 899 tertii
1849 865 1974 909 Capitis
1995 866 2055 899 mi-

1221 923 1355 955 grarunt
1368 913 1401 946 in
1413 914 1512 948 finem
1524 913 1651 957 Capitis
1670 915 1878 949 duodecimi..
1934 915 2009 951 161.
2023 928 2054 952 2.

1174 959 1374 1004 Apollinarii
1394 963 1548 998 damnata
1570 976 1624 1008 pet
1645 964 1827 999 Damasum
1860 965 2055 999 Pontificem

1222 1010 1348 1094 hhaeJfis
1370 1023 1444 1060 334.
1479 1025 1511 1051 2.
1540 1024 1620 1062 335.
1648 1025 1675 1051 1.
1703 1016 1802 1051 Fraus
1835 1015 1869 1049 &
1894 1016 2033 1059 receptio
2050 1039 2057 1047 .

1223 1066 1234 1092 τ’
1254 1068 1264 1094 i
1289 1087 1296 1093 .
1529 1083 1532 1086 ⁴
1669 1072 1673 1099 i

1175 1109 1374 1155 Apostolicae
1396 1114 1541 1151 Ecclesiae,
1558 1115 1730 1160 duplices,
1756 1116 1827 1151 aliae
1842 1128 1894 1159 per
1917 1115 2057 1159 Aposto-

1223 1161 1319 1195 licam
1344 1164 1594 1207 fundationem3
1622 1166 1692 1200 aliae
1713 1178 1774 1209 per
1788 1167 1894 1203 sssolam
1907 1167 2058 1201 doctrinm

1224 1210 1425 1254 Apostolicae
1448 1214 1785 1257 consanguinitatem.
1938 1216 2012 1263 146.
2030 1225 2058 1250 1.

1176 1259 1369 1305 Apostolica
1396 1261 1604 1298 Ecclesia-est
1616 1262 1751 1305 triplex,
1781 1262 1956 1303 Romana,
1983 1266 2062 1298 Ale-

1225 1310 1407 1351 xandrina,
1435 1323 1472 1346 ac
1495 1311 1825 1356 Antiochena.·‚114.
1843 1314 1971 1351 1.‘.Sola
1988 1313 2064 1354 San-

1226 1362 1267 1395 sti
1281 1361 1368 1395 Petri
1381 1361 1722 1407 Episcopalis-inseffio
1743 1361 2065 1407 facit-Apostolicam

1226 1410 1344 1445 Sedem
1356 1436 1364 1443 .
1751 1420 1770 1436 ν’
1865 1432 1872 1436 ·
1890 1421 1951 1449 --ς-,Ῑε
1988 1414 2063 1447 ibid.

1178 1459 1379 1505 Apostolicae
1401 1461 1550 1497 Ecclefiae
1571 1463 1683 1498 multae
1707 1467 1796 1498 erant
1807 1463 1980 1498 dumtaxat
2001 1464 2065 1498 suf-

1226 1511 1403 1557 fraganeae.
1435 1523 1560 1560 1152:
1585 1514 1684 1548 Talis
1702 1524 1772 1549 erat
1784 1513 1924 1548 Ecclesia
1948 1514 2065 1548 Colos-

1231 1563 1341 1597 senfis.
1991 1564 2064 1602 ibid.

1181 1612 1379 1656 Apostolicae
1401 1626 1516 1648 manus
1537 1615 1697 1658 appositio
1707 1615 1862 1659 antiqua.
1965 1623 2064 1664 4551·

1183 1663 1381 1706 Apostolicae
1404 1665 1496 1699 Sedis
1507 1663 1705 1700 authoritas.
1739 1677 1790 1712 15-
1804 1678 1833 1703 1.
1849 1678 1880 1702 2·
1909 1663 1984 1699 vide
1997 1668 2067 1714 .{R⁰‘

1229 1725 1334 1752 manus
1346 1715 1490 1757 Pontifex
1505 1739 1513 1747 .
1990 1718 2014 1753 ,ἢ

1180 1762 1371 1807 Apostolici
1390 1765 1517 1800 Vicarii
1544 1765 1578 1800 in
1602 1765 1712 1801 Gallia
1736 1791 1748 1808 ,
1774 1766 1971 1801 Arelatensis
1996 1790 2006 1806 ‚
2033 1766 2068 1801 &

1230 1813 1423 1849 Rhemensis
1436 1816 1586 1851 Ecclefiae
1598 1816 1744 1851 Antistes
1755 1841 1763 1849 .
1967 1814 2020 1863 87·
2038 1826 2068 1850 2·

1183 1865 1362 1907 Appellandi
1382 1867 1415 1900 &
1432 1868 1617 1908 provocandi
1636 1867 1771 1902 vocibus
1792 1868 1945 1911 Synodus
1966 1865 2071 1902 Sardi-

1231 1916 1334 1948 cenfis
1349 1918 1405 1949 usa
1426 1917 1518 1950 estin
1536 1919 1663 1961 propria
1684 1918 1941 1962 significatione.
1969 1927 2068 1960 99.1.

1237 1972 1312 1998 100-
1339 1973 1371 1999 2.
1797 1974 1800 2000 Ϊ
1818 1975 1829 2002 .’
1887 1999 1891 2002 ,
2009 1980 2013 1992 ‘

1163 2010 1360 2089 ‘Appellare
1383 2013 1423 2045 ad
1448 2014 1675 2048 Patriarcham
1687 2017 1723 2049 in
1735 2018 1794 2051 suae
1817 2017 2073 2059 Provinciaetssy-

1233 2058 1323 2093 nodo
1337 2061 1440 2104 potest
1452 2063 1567 2096 Clerus
1579 2063 1714 2098 inferior
1725 2065 1758 2098 in
1783 2066 1939 2099 Oriente.
1968 2065 2022 2110 ΤΕ
2038 2078 2070 2102 2.

1184 2110 1359 2154 Appellare
1382 2112 1471 2145 Cleri
1496 2112 1569 2146 Afri
1596 2123 1743 2156 poterant
1756 2114 1859 2148 tribus
1877 2113 2070 2149 modis:.ad

1233 2160 1414 2195 Provinciae
1437 2162 1612 2203 Synodum
1635 2175 1642 2194 :
1669 2163 1709 2198 ad
1743 2163 1923 2198 Provinciae
1947 2165 2071 2199 Prima-

1233 2222 1322 2245 tem:
1350 2212 1384 2245 &
1406 2212 1445 2245 ad
1471 2211 1612 2247 Vicinos
1631 2213 1835 2257 Episcopos.
1862 2226 1939 2262 213.
1953 2225 1983 2250 2.
2014 2214 2070 2249 Ad

1234 2262 1446 2297 transmarina
1471 2273 1511 2296 ex
1530 2264 1662 2306 antiqua
1673 2264 1911 2299 consuetudine
1936 2276 2071 2308 non—po-

1235 2322 1340 2346 terant
1353 2337 1360 2344 .
1995 2316 2071 2349 ibid.

1186 2361 1353 2406 Appellari
1366 2374 1432 2396 non
1456 2364 1543 2406 poffe
1554 2363 1572 2397 a
1586 2356 2076 2408 provincialibus‘Synodisfne-

1165 2412 1167 2418 '
1234 2425 1291 2446 mo
1304 2423 1448 2456 unquam
1461 2414 1658 2454 somniavit,
1688 2415 1748 2447 nisi
1767 2414 1948 2448 novissimis
1960 2414 2073 2452 diebus

1198 2491 1200 2493 .
1235 2462 1349 2496 Petrus
1384 2462 1424 2495 de
1444 2462 1556 2496 Marca
1577 2488 1587 2503 ‚
1614 2463 1646 2496 <Sc
1682 2463 1865 2506 Stephanus
1900 2464 2071 2499 Baluzius.

1235 2522 1281 2547 10.
1293 2522 1323 2546 2.
1350 2513 1422 2546 Has
1442 2513 1548 2546 sordes
1571 2511 1713 2547 resorbet
1731 2513 1949 2561 Qesnellus.
1982 2527 2024 2551 11.
2042 2525 2069 2551 1.

1236 2564 1415 2603 Canones‚
1442 2562 1496 2604 qui
1519 2562 1776 2597 provincialium
1803 2564 2070 2608 Synodorumju-

1236 2612 1322 2646 dicia
1343 2613 1493 2647 sanciunt
1518 2624 1585 2646 non
1598 2614 1660 2647 efl'e
1671 2614 1833 2648 Romanis
1846 2615 2070 2657 appellationi·

1238 2663 1295 2696 bus
1306 2662 1449 2696 obnoxia
1463 2687 1474 2703 ‚
1500 2662 1694 2707 ignorantur
1706 2689 1713 2696 .
1844 2675 1898 2711 97.
1914 2677 1945 2702 2·
1967 2665 2067 2709 &seq

1188 2712 1351 2757 Appellari
1361 2714 1463 2756 potest
1475 2715 1493 2746 a
1505 2713 1662 2747 Concilio
1675 2715 1818 2758 generali
1828 2715 1868 2749 ad
1882 2715 1987 2750 solum
2000 2716 2069 2751 Ro-

1236 2774 1370 2796 manurn
1383 2764 1600 2806 Episcopum,
1628 2761 1773 2808 adeoque
1795 2763 1849 2799 hic
1859 2764 1904 2799 est
1926 2767 2071 2810 generali

1236 2812 1371 2856 synodo
1384 2815 1525 2857 superior
1534 2839 1541 2845 .

1902 2815 1979 2862 318.
1999 2828 2024 2852 1.
2037 2826 2069 2850 2.

235 2873 237 2876 ’
289 2863 393 2896 modo
406 2874 482 2907 erga
496 2863 589 2896 iilum
611 2864 641 2896 se
653 2862 778 2907 gesserit
800 2860 1024 2905 Augustinus.
1052 2862 1123 2894 ibid.
1188 2862 1376 2906 Appellatio
1387 2865 1427 2896 ad
1444 2843 1673 2899 Patriarcham*
1689 2877 1756 2900 non
1768 2867 1916 2900 censetur
1930 2864 2011 2900 fasta
2025 2867 2066 2900 ad

240 2912 535 2956 Apiariiattentata
547 2913 720 2955 appellatio
735 2913 796 2944 fuit
809 2913 905 2955 origo
920 2913 1029 2945 omnis
1045 2923 1121 2946 con-

289 2961 450 2995 troverfiae
473 2964 504 2994 in
520 2964 634 2996 Africa
655 2962 695 2996 de
718 2962 879 2995 Romanis
891 2961 1124 3005 appellationi-

289 3011 375 3045 bus.
405 3020 481 3058 239.
513 3022 542 3046 1.
568 3013 659 3046 Fecit
679 3011 865 3045 horrisonos
890 3022 1001 3046 motus
1012 3023 1065 3055 per
1078 3023 1124 3046 to-

289 3069 359 3095 tam
375 3059 540 3110 Afri-cam.
567 3071 690 3107 241.2.
720 3062 798 3104 Ejus
810 3062 968 3095 crimina.
997 3071 1074 3108 253.
1100 3072 1126 3096 1.

247 3121 251 3125 ’
291 3110 474 3145 Restitutus
497 3111 560 3144 fuit
584 3110 617 3143 in
636 3111 771 3155 gradum
801 3112 993 3153 Presbyterii
1015 3137 1025 3152 ,
1055 3123 1123 3146 non

292 3171 402 3195 tamen
426 3162 457 3194 in
482 3161 663 3194 Siccensem
686 3159 879 3195 Ecclesiam.
906 3172 983 3210 254.
999 3172 1030 3196 2.
1058 3163 1126 3196 Cur

293 3211 444 3245 Africani
468 3210 619 3254 Episcopi
642 3211 827 3244 Romanam
863 3211 928 3254 eius
958 3213 1126 3256 reparatio-

294 3272 367 3294 nem
379 3259 567 3294 admiserint
579 3285 586 3292 .

245 3311 370 3357 Apiarii
384 3311 511 3344 causam
524 3312 843 3347 retrac‘tantAfricani
853 3313 1125 3358 Episcopi-2502

345 3360 451 3400 Christ.
462 3364 651 3403 LupiOpera
662 3364 696 3397 T.
712 3368 799 3397 Vm.

1238 2911 1491 2948 Patriarchalem
1502 2915 1691 2957 Synodum.
1941 2926 2018 2963 301-
2036 2929 2067 2953 2-

1168 2970 1171 3052 ,
1187 2961 1376 3006 Appellatio
1397 2964 1437 2997 ad
1449 2964 1606 2999 Romanae
1621 2965 1769 3000 Ecclefiae
1783 2966 1915 3001 Clerum
1934 2976 2070 3000 vacante

1236 3014 1317 3047 Sede
1331 3015 1480 3048 Romana
1495 3039 1502 3046 .
1530 3026 1583 3063 73.
1597 3024 1626 3048 2.
1649 3016 1686 3049 In
1697 3018 1791 3051 causa
1803 3016 1985 3051 Marcionis
1999 3041 2010 3057 ‚
2035 3017 2069 3050 &

1167 3056 1171 3136 1
1237 3064 1343 3098 Sancti
1357 3064 1537 3107 Cypriani.
1556 3070 1558 3072 ’
1985 3066 2063 3100 Ibid.

1187 3113 1375 3157 Appellatio
1387 3115 1429 3147 ad
1441 3114 1627 3149 Romanam
1638 3115 1754 3150 Sedem
1767 3129 1836 3152 non
1849 3116 1981 3161 requirit
1997 3140 2006 3155 ‚
2033 3125 2068 3150 ut

1238 3164 1363 3206 Judices
1384 3165 1402 3197 ὲ.
1422 3163 1540 3207 quibus
1553 3167 1731 3210 appellatur
1750 3167 1844 3202 fimul
1856 3166 2042 3203 consideant
2055 3190 2066 3206 ,

1237 3214 1429 3257 &judicent
1443 3239 1450 3246 .
1701 3216 1756 3261 64.
1770 3228 1801 3252 2.
1829 3216 1927 3260 &seq
1951 3224 2019 3249 100.
2039 3225 2064 3249 1.

1053 3262 1125 3295 ibid.
1170 3264 1377 3309 ‘Appellatio
1405 3264 1642 3308 Episcoporum
1664 3267 1884 3303 Orientalium
1906 3267 1922 3298 a
1938 3265 2066 3298 suarum

1237 3313 1484 3350 Provinciarum
1507 3316 1654 3399 Syos—>Idas²
1673 3318 1901 3353 damnatorum
1936 3313 1975 3348 ad
2003 3314 2068 3348 Pa·

1707 3378 1729 3403 2

1931 3365 2017 3398 triar-
